{"host":"qgru5siit3fz0wh9","time":1609347371,"event":{"mods":["AchievementEnabler","BaseMod","Highlight Path","Minty Spire (QoL Compilation)"],"gold_per_floor":[116,134,134,309,259,259,278,298,298,298,311,327,341,381,381,381,381],"floor_reached":16,"playtime":543,"items_purged":[],"score":120,"play_id":"4f6f58a2-d446-4ae8-ab38-f1af03afeb20","local_time":"20201230175611","is_ascension_mode":true,"campfire_choices":[{"data":"Melter","floor":6,"key":"SMITH"},{"floor":15,"key":"REST"}],"circlet_count":0,"master_deck":["Strike_B","Strike_B","Strike_B","Strike_B","Defend_B","Defend_B","Defend_B","Defend_B","Zap","Dualcast","Melter+1","Cold Snap","Conserve Battery","Turbo","Leap","Coolheaded","Turbo+1"],"relics":["Cracked Core","NeowsBlessing","Golden Idol","Ice Cream","Toxic Egg 2"],"acts_visited":["Exordium"],"potions_floor_usage":[14,14,14],"damage_taken":[{"damage":0,"enemies":"Cultist","floor":1,"turns":1},{"damage":0,"enemies":"Small Slimes","floor":2,"turns":1},{"damage":0,"enemies":"2 Louse","floor":7,"turns":1},{"damage":3,"enemies":"2 Fungi Beasts","floor":8,"turns":3},{"damage":6,"enemies":"Blue Slaver","floor":11,"turns":2},{"damage":5,"enemies":"Exordium Wildlife","floor":12,"turns":6},{"damage":4,"enemies":"Large Slime","floor":13,"turns":5},{"damage":39,"enemies":"Gremlin Nob","floor":14,"turns":5},{"damage":40,"enemies":"The Guardian","floor":16,"turns":8}],"seed_played":"1743802319643828385","potions_obtained":[{"floor":1,"key":"CultistPotion"},{"floor":2,"key":"GamblersBrew"},{"floor":13,"key":"Block Potion"}],"is_trial":false,"path_per_floor":["M","M","?","?","?","R","M","M","T","$","M","M","M","E","R","B"],"character_chosen":"DEFECT","items_purchased":[],"campfire_rested":1,"item_purchase_floors":[],"current_hp_per_floor":[75,75,69,69,69,69,69,66,66,66,60,55,51,12,32,0,0],"gold":381,"neow_bonus":"THREE_ENEMY_KILL","is_daily":false,"chose_seed":false,"campfire_upgraded":1,"win_rate":0.0,"timestamp":1609347371,"path_taken":["M","?","?","?","?","R","M","M","T","?","M","M","M","E","R","BOSS"],"items_purchased_type":[],"build_version":"2020-12-22","purchased_purges":0,"victory":false,"max_hp_per_floor":[75,75,69,69,69,69,69,69,69,69,69,69,69,69,69,69,69],"card_choices":[{"not_picked":["Streamline","Stack"],"picked":"Melter","floor":1},{"not_picked":["BootSequence","Ball Lightning"],"picked":"Cold Snap","floor":2},{"not_picked":["Leap","Storm"],"picked":"Conserve Battery","floor":7},{"not_picked":["Sunder","Coolheaded"],"picked":"Turbo","floor":8},{"not_picked":["All For One","Compile Driver"],"picked":"Leap","floor":11},{"not_picked":["Chaos","Gash"],"picked":"Coolheaded","floor":12},{"not_picked":["Beam Cell","Barrage","Reprogram"],"picked":"SKIP","floor":13},{"not_picked":["Coolheaded+1","Self Repair"],"picked":"Turbo+1","floor":14}],"player_experience":358881,"relics_obtained":[{"floor":9,"key":"Ice Cream"},{"floor":14,"key":"Toxic Egg 2"}],"event_choices":[{"damage_healed":0,"gold_gain":0,"player_choice":"Lose Max HP","damage_taken":0,"relics_obtained":["Golden Idol"],"max_hp_gain":0,"max_hp_loss":6,"event_name":"Golden Idol","floor":3,"gold_loss":0},{"damage_healed":0,"gold_gain":175,"player_choice":"AGREE","damage_taken":0,"max_hp_gain":0,"max_hp_loss":0,"event_name":"Liars Game","floor":4,"gold_loss":0,"cards_obtained":["Doubt"]},{"cards_removed":["Doubt"],"damage_healed":0,"gold_gain":0,"player_choice":"Card Removal","damage_taken":0,"max_hp_gain":0,"max_hp_loss":0,"event_name":"The Cleric","floor":5,"gold_loss":50}],"is_beta":false,"boss_relics":[],"items_purged_floors":[],"is_endless":false,"potions_floor_spawned":[1,2,13],"killed_by":"The Guardian","ascension_level":3}}