{"host":"8f5cu9y0fpol72qs","time":1609370705,"event":{"mods":["BaseMod","Colored Map","Highlight Path","Minty Spire (QoL Compilation)","StSLib"],"gold_per_floor":[110,122,47,47,47,78,91,124,174,174,174,190,90,122,122,219,219,236,111,128,128,148,176,176,75,75,75,75,75,106,124,124,221,221,237,237,255,105,125,150,150,150,150,164,180,206,31,31,31,31,31,31,31,58,58,58],"floor_reached":55,"playtime":4165,"items_purged":["Strike_R","Strike_R","Strike_R","Defend_R","Cleave"],"score":1197,"play_id":"626d2194-42dd-45cd-b69a-97a674a2d778","local_time":"20201230152505","is_ascension_mode":true,"campfire_choices":[{"data":"Rampage","floor":15.0,"key":"SMITH"},{"data":"Defend_R","floor":29.0,"key":"SMITH"},{"data":"Defend_R","floor":32.0,"key":"SMITH"},{"floor":41.0,"key":"RECALL"},{"floor":49.0,"key":"REST"},{"floor":52,"key":"REST"}],"circlet_count":0,"master_deck":["AscendersBane","Defend_R+1","Defend_R+1","Defend_R+1","Bash+1","Shrug It Off+1","Rampage+1","True Grit+1","Headbutt+1","Pommel Strike+1","Warcry+1","Shrug It Off+1","Double Tap+1","Pommel Strike+1","Burning Pact+1"],"relics":["Burning Blood","Toxic Egg 2","MealTicket","Art of War","Mummified Hand","Omamori","SlaversCollar","Bag of Marbles","Eternal Feather","Lantern","Busted Crown","InkBottle","StrikeDummy","HornCleat"],"acts_visited":["Exordium","TheCity","TheBeyond","TheEnding"],"potions_floor_usage":[55],"damage_taken":[{"damage":1.0,"enemies":"Small Slimes","floor":1.0,"turns":4.0},{"damage":1.0,"enemies":"Cultist","floor":2.0,"turns":3.0},{"damage":39.0,"enemies":"3 Sentries","floor":6.0,"turns":9.0},{"damage":4.0,"enemies":"Jaw Worm","floor":7.0,"turns":3.0},{"damage":20.0,"enemies":"Gremlin Nob","floor":8.0,"turns":5.0},{"damage":4.0,"enemies":"Red Slaver","floor":12.0,"turns":4.0},{"damage":0.0,"enemies":"Lagavulin","floor":14.0,"turns":7.0},{"damage":28.0,"enemies":"Slime Boss","floor":16.0,"turns":10.0},{"damage":31.0,"enemies":"Chosen","floor":18.0,"turns":7.0},{"damage":17.0,"enemies":"Spheric Guardian","floor":20.0,"turns":7.0},{"damage":24.0,"enemies":"Snake Plant","floor":22.0,"turns":4.0},{"damage":46.0,"enemies":"Book of Stabbing","floor":23.0,"turns":6.0},{"damage":6.0,"enemies":"Gremlin Leader","floor":30.0,"turns":6.0},{"damage":4.0,"enemies":"Centurion and Healer","floor":31.0,"turns":8.0},{"damage":11.0,"enemies":"Champ","floor":33.0,"turns":9.0},{"damage":14.0,"enemies":"3 Shapes","floor":35.0,"turns":8.0},{"damage":20.0,"enemies":"3 Darklings","floor":37.0,"turns":4.0},{"damage":9.0,"enemies":"4 Shapes","floor":39.0,"turns":3.0},{"damage":2.0,"enemies":"Giant Head","floor":40.0,"turns":5.0},{"damage":22.0,"enemies":"Maw","floor":44.0,"turns":5.0},{"damage":0.0,"enemies":"3 Darklings","floor":45.0,"turns":4.0},{"damage":84.0,"enemies":"Nemesis","floor":46.0,"turns":9.0},{"damage":58,"enemies":"Time Eater","floor":50,"turns":7},{"damage":56,"enemies":"Shield and Spear","floor":54,"turns":6},{"damage":84,"enemies":"The Heart","floor":55,"turns":3}],"seed_played":"-2454672995924169557","potions_obtained":[{"floor":6.0,"key":"BlessingOfTheForge"},{"floor":12.0,"key":"Fruit Juice"},{"floor":14.0,"key":"LiquidMemories"},{"floor":16.0,"key":"BloodPotion"},{"floor":20.0,"key":"AttackPotion"},{"floor":23.0,"key":"BloodPotion"},{"floor":31.0,"key":"PowerPotion"},{"floor":40.0,"key":"BloodPotion"},{"floor":44.0,"key":"BloodPotion"},{"floor":54,"key":"DuplicationPotion"}],"is_trial":false,"path_per_floor":["M","M","$","?","?","E","M","E","T","?","?","M","$","E","R","B",null,"M","$","M","?","M","E","?","$","T","$","?","R","E","M","R","B",null,"M","?","M","$","M","E","R","$","T","M","M","E","$","?","R","B",null,"R","$","E","B"],"character_chosen":"IRONCLAD","items_purchased":["Warcry+1","Shrug It Off+1"],"campfire_rested":2,"item_purchase_floors":[25,25],"current_hp_per_floor":[85,88,88,70,70,37,39,25,25,18,11,13,28,39,39,17,74,49,64,53,53,35,13,13,28,28,43,74,83,93,93,93,88,92,88,88,74,89,86,90,93,93,93,93,93,51,66,66,93,41,80,93,93,43,0,0],"gold":58,"neow_bonus":"TEN_PERCENT_HP_BONUS","is_daily":false,"chose_seed":false,"campfire_upgraded":3,"win_rate":0.0,"timestamp":1609370705,"path_taken":["M","M","$","?","?","E","?","E","T","?","?","M","$","E","R","BOSS","M","$","M","?","?","E","?","?","T","$","?","R","E","M","R","BOSS","M","?","?","$","?","E","R","?","T","?","M","E","$","?","R","BOSS","R","$","E","BOSS"],"items_purchased_type":["Card","Card"],"build_version":"2020-12-22","purchased_purges":5,"victory":false,"max_hp_per_floor":[88,88,88,88,88,88,88,88,88,88,88,88,88,93,93,93,93,93,93,93,93,93,93,93,93,93,93,93,93,93,93,93,93,93,93,93,93,93,93,93,93,93,93,93,93,93,93,93,93,93,93,93,93,93,93,93],"card_choices":[{"not_picked":["Heavy Blade","Sentinel"],"picked":"Cleave","floor":1.0},{"not_picked":["Rage","Sword Boomerang","Flex"],"picked":"SKIP","floor":2.0},{"not_picked":["Clothesline","Hemokinesis"],"picked":"Shrug It Off+1","floor":6.0},{"not_picked":["Berserk","Anger","Clash"],"picked":"SKIP","floor":7.0},{"not_picked":["Pummel","Sentinel+1"],"picked":"Rampage","floor":8.0},{"not_picked":["Carnage","Combust"],"picked":"True Grit+1","floor":12.0},{"not_picked":["Flex+1","Twin Strike"],"picked":"Headbutt","floor":14.0},{"not_picked":["Limit Break+1","Juggernaut"],"picked":"Reaper","floor":16.0},{"not_picked":["Carnage+1","Perfected Strike","Clothesline"],"picked":"SKIP","floor":18.0},{"not_picked":["Heavy Blade","Clash","Sword Boomerang"],"picked":"SKIP","floor":20.0},{"not_picked":["Sword Boomerang","Twin Strike","Wild Strike"],"picked":"SKIP","floor":22.0},{"not_picked":["Searing Blow+1","Battle Trance+1"],"picked":"Pommel Strike+1","floor":23.0},{"not_picked":["Shrug It Off+1","Entrench+1","Wild Strike+1"],"picked":"SKIP","floor":30.0},{"not_picked":["Thunderclap","Armaments+1","Perfected Strike+1"],"picked":"SKIP","floor":31.0},{"not_picked":["Exhume+1","Feed"],"picked":"Double Tap+1","floor":33.0},{"not_picked":[],"picked":"Pommel Strike+1","floor":35.0},{"not_picked":["Anger"],"picked":"SKIP","floor":37.0},{"not_picked":["Reckless Charge"],"picked":"SKIP","floor":39.0},{"not_picked":["Rupture+1"],"picked":"SKIP","floor":40.0},{"not_picked":["Rupture+1"],"picked":"SKIP","floor":40.0},{"not_picked":["Thunderclap+1"],"picked":"SKIP","floor":44.0},{"not_picked":["Ghostly Armor+1"],"picked":"SKIP","floor":45.0},{"not_picked":["Blood for Blood+1"],"picked":"SKIP","floor":46.0},{"not_picked":["Pommel Strike+1"],"picked":"SKIP","floor":54}],"player_experience":746053,"relics_obtained":[{"floor":6.0,"key":"Toxic Egg 2"},{"floor":8.0,"key":"MealTicket"},{"floor":9.0,"key":"Art of War"},{"floor":14.0,"key":"Omamori"},{"floor":23.0,"key":"Bag of Marbles"},{"floor":26.0,"key":"Eternal Feather"},{"floor":30.0,"key":"Lantern"},{"floor":40.0,"key":"InkBottle"},{"floor":46.0,"key":"StrikeDummy"},{"floor":54,"key":"HornCleat"}],"event_choices":[{"damage_healed":0.0,"max_hp_gain":0.0,"max_hp_loss":0.0,"gold_gain":0.0,"event_name":"Shining Light","player_choice":"Entered Light","floor":4.0,"gold_loss":0.0,"damage_taken":18.0,"cards_upgraded":["Bash","Defend_R"]},{"cards_removed":["Strike_R"],"damage_healed":0.0,"max_hp_gain":0.0,"max_hp_loss":0.0,"gold_gain":0.0,"event_name":"Wheel of Change","player_choice":"Card Removal","floor":5.0,"gold_loss":0.0,"damage_taken":0.0},{"cards_removed":["Strike_R"],"damage_healed":0.0,"max_hp_gain":0.0,"max_hp_loss":0.0,"gold_gain":0.0,"event_name":"Golden Wing","player_choice":"Card Removal","floor":10.0,"gold_loss":0.0,"damage_taken":7.0},{"damage_healed":0.0,"max_hp_gain":0.0,"max_hp_loss":0.0,"gold_gain":0.0,"event_name":"Scrap Ooze","player_choice":"Success","floor":11.0,"gold_loss":0.0,"damage_taken":7.0,"relics_obtained":["Mummified Hand"]},{"damage_healed":0.0,"max_hp_gain":0.0,"max_hp_loss":0.0,"gold_gain":0.0,"event_name":"Accursed Blacksmith","player_choice":"Forge","floor":21.0,"gold_loss":0.0,"damage_taken":0.0,"cards_upgraded":["Headbutt"]},{"damage_healed":0.0,"max_hp_gain":0.0,"max_hp_loss":0.0,"gold_gain":0.0,"event_name":"Ghosts","player_choice":"Ignored","floor":24.0,"gold_loss":0.0,"damage_taken":0.0},{"damage_healed":31.0,"max_hp_gain":0.0,"max_hp_loss":0.0,"gold_gain":0.0,"event_name":"The Library","player_choice":"Heal","floor":28.0,"gold_loss":0.0,"damage_taken":0.0},{"damage_healed":0.0,"max_hp_gain":0.0,"max_hp_loss":0.0,"gold_gain":0.0,"cards_transformed":["Reaper"],"event_name":"Transmorgrifier","player_choice":"Transformed","floor":36.0,"gold_loss":0.0,"damage_taken":0.0,"cards_obtained":["Burning Pact"]},{"damage_healed":0.0,"max_hp_gain":0.0,"max_hp_loss":0.0,"gold_gain":0.0,"event_name":"NoteForYourself","player_choice":"Ignored","floor":48.0,"gold_loss":0.0,"damage_taken":0.0}],"is_beta":false,"boss_relics":[{"not_picked":["SacredBark","Tiny House"],"picked":"SlaversCollar"},{"not_picked":["Sozu","Black Blood"],"picked":"Busted Crown"}],"items_purged_floors":[3,13,19,38,47],"is_endless":false,"potions_floor_spawned":[6,12,14,16,20,22,23,31,40,44,45,54],"killed_by":"The Heart","ascension_level":11}}