{"host":"0cgp910o8339lr91","time":1609293842,"event":{"mods":["BaseMod","Colored Map","Filter the Spire","Minty Spire (QoL Compilation)","Relic Stats","Slay-I","ojb\u0027s Better Paths Mod","ojb\u0027s Info Mod"],"gold_per_floor":[115,130,150,170,170,212,224,236,236],"floor_reached":8,"playtime":1255,"items_purged":[],"score":99,"play_id":"dea83da3-49c1-4006-8cc4-6fe05b671b3b","local_time":"20201230030402","is_ascension_mode":true,"campfire_choices":[{"data":"TalkToTheHand","floor":7.0,"key":"SMITH"}],"circlet_count":0,"master_deck":["AscendersBane","Eruption","Vigilance","EmptyBody","DeceiveReality","Pray","Consecrate","Meditate","MasterReality","Halt","Indignation","TalkToTheHand","EmptyMind","Wallop","TalkToTheHand+1","Regret"],"relics":["Pandora\u0027s Box","MawBank","Sundial"],"acts_visited":["Exordium"],"potions_floor_usage":[],"damage_taken":[{"damage":0.0,"enemies":"Jaw Worm","floor":1.0,"turns":5.0},{"damage":0.0,"enemies":"Small Slimes","floor":2.0,"turns":3.0},{"damage":2.0,"enemies":"Cultist","floor":3.0,"turns":6.0},{"damage":3.0,"enemies":"Blue Slaver","floor":4.0,"turns":4.0},{"damage":49.0,"enemies":"Gremlin Nob","floor":6.0,"turns":6.0},{"damage":6,"enemies":"Lagavulin","floor":8,"turns":5}],"seed_played":"7885811203432048795","potions_obtained":[{"floor":1.0,"key":"Weak Potion"},{"floor":3.0,"key":"EssenceOfSteel"},{"floor":6.0,"key":"Explosive Potion"}],"is_trial":false,"path_per_floor":["M","M","M","M","?","E","R","E"],"character_chosen":"WATCHER","items_purchased":[],"campfire_rested":0,"item_purchase_floors":[],"current_hp_per_floor":[61,61,59,56,56,7,7,1,1],"gold":236,"neow_bonus":"BOSS_RELIC","is_daily":false,"chose_seed":false,"campfire_upgraded":1,"win_rate":0.0,"timestamp":1609293842,"path_taken":["M","M","M","M","?","E","R","E"],"items_purchased_type":[],"build_version":"2020-12-22","purchased_purges":0,"victory":false,"max_hp_per_floor":[68,68,68,68,68,68,68,68,68],"relic_stats":{"counters":[6,29],"Sundial":[0],"Pandora\u0027s Box":["EmptyBody","DeceiveReality","Pray","Consecrate","Meditate","MasterReality","Halt","Indignation"],"MawBank":36,"obtain_stats":[{"Sundial":6,"Pandora\u0027s Box":0,"PureWater":0,"MawBank":5},{"Sundial":5,"Pandora\u0027s Box":0,"PureWater":0,"MawBank":4},{"Sundial":24,"Pandora\u0027s Box":0,"PureWater":0,"MawBank":18}]},"card_choices":[{"not_picked":["Swivel","FollowUp"],"picked":"TalkToTheHand","floor":1.0},{"not_picked":["EmptyFist","Worship"],"picked":"EmptyMind","floor":2.0},{"not_picked":["JustLucky","Worship"],"picked":"Wallop","floor":3.0},{"not_picked":["CutThroughFate","WreathOfFlame"],"picked":"TalkToTheHand","floor":4.0},{"not_picked":["SashWhip","ForeignInfluence","SignatureMove"],"picked":"SKIP","floor":6.0}],"player_experience":1193480,"relics_obtained":[{"floor":6.0,"key":"Sundial"}],"event_choices":[{"damage_healed":0.0,"max_hp_gain":0.0,"max_hp_loss":0.0,"gold_gain":0.0,"event_name":"Big Fish","player_choice":"Box","floor":5.0,"gold_loss":0.0,"damage_taken":0.0,"relics_obtained":["MawBank"],"cards_obtained":["Regret"]}],"is_beta":false,"boss_relics":[],"items_purged_floors":[],"is_endless":false,"potions_floor_spawned":[1,3,6],"killed_by":"Lagavulin","ascension_level":14}}