{"host":"0cm5wy4nhuju7tij","time":1609286917,"event":{"mods":["2.2 Compatiblity","AchievementEnabler","Arknights The Spire","Aspiration","BaseMod","BetterRewards","CCEM","CapriCore","Colored Powertips","Custom Start","Energized Spire","Fireblade Mod","Highlight Path","Minty Spire (QoL Compilation)","Permanent Neow","Relic Stats","Shop Mod","Spicy Shops","StSLib","The Servant 0.9.4"],"gold_per_floor":[110,129,129,142,156,156,1,1,28,45,65,78,98,133,133,237,237,248,248,248,229,229,229,259,259,259,274,289,38,54,54,54,149,149,167,221,236,248,18,52,52,63,87,137,137,162,173,190,190,190,190],"floor_reached":50,"playtime":5339,"items_purged":["Normality"],"score":578,"play_id":"230cce93-9575-4bff-b69a-26c1ebbf0a68","local_time":"20201229190837","is_ascension_mode":false,"campfire_choices":[{"data":"ats:Magnetic Hammer","floor":6,"key":"SMITH"},{"data":"ats:Rapid Magazine","floor":8,"key":"SMITH"},{"floor":15,"key":"REST"},{"data":"Stack","floor":23,"key":"SMITH"},{"floor":25,"key":"REST"},{"floor":32,"key":"REST"},{"data":"ats:Volcano","floor":41,"key":"SMITH"},{"data":"ats:Chain Hook","floor":45,"key":"SMITH"},{"data":"ats:Flame Of Heaven","floor":49,"key":"SMITH"}],"circlet_count":0,"master_deck":["ats:Armor Crushing Shot+1","ats:Emotion Absorption","ats:Rapid Magazine+1","ats:Encircling Forest","ats:Shell Defense","ats:Magnetic Hammer+1","ats:Explosion Area Strengthen","ats:Shell Defense","ats:Automatic Cover","ats:Steam Pump","ats:Chain Hook+1","ats:Volcano","Stack+1","Leap+1","ats:Red Shift","ats:Magnetic Hammer","ats:Apocalypse+1","ats:Neurotoxin+1","ats:Childhood Dance+1","ats:Volcano+1","Self Repair+1","ats:Very Hot Blade","Sweeping Beam","Amplify","Stack","ats:Automatic Cover","ats:Part Time Job+1","ats:Poison Spread+1","Capacitor+1","ats:Burning Ground+1","Static Discharge+1","ats:Ignite+1","ats:Healing Strengthening+1","ats:Very Hot Blade+1","Hologram","ats:Volcano","ats:Flame Of Heaven+1"],"relics":["ats:Sanity","Happy Flower","Potion Belt","ats:Originium","Mummified Hand","aspiration:DefectSkillbook","aspiration:FaultyCoupler","Strawberry","Kunai","Frozen Egg 2","Pandora\u0027s Box","Thread and Needle","Membership Card","aspiration:Nostalgia","PureWater","Bag of Marbles","ats:Berate","Gambling Chip","Unceasing Top"],"acts_visited":["Exordium","TheCity","TheBeyond"],"potions_floor_usage":[28,28,33,33,33,50,50,50],"damage_taken":[{"damage":0,"enemies":"Jaw Worm","floor":1,"turns":3},{"damage":5,"enemies":"Small Slimes","floor":2,"turns":6},{"damage":9,"enemies":"2 Louse","floor":4,"turns":4},{"damage":10,"enemies":"Blue Slaver","floor":5,"turns":7},{"damage":16,"enemies":"Large Slime","floor":10,"turns":7},{"damage":7,"enemies":"2 Fungi Beasts","floor":11,"turns":4},{"damage":4,"enemies":"Blue Slaver","floor":12,"turns":4},{"damage":10,"enemies":"Exordium Wildlife","floor":13,"turns":5},{"damage":45,"enemies":"Lagavulin","floor":14,"turns":15},{"damage":65,"enemies":"Slime Boss","floor":16,"turns":23},{"damage":18,"enemies":"3 Byrds","floor":18,"turns":4},{"damage":8,"enemies":"2 Thieves","floor":21,"turns":4},{"damage":71,"enemies":"Gremlin Leader","floor":24,"turns":9},{"damage":16,"enemies":"Snake Plant","floor":27,"turns":4},{"damage":0,"enemies":"Snecko","floor":28,"turns":6},{"damage":9,"enemies":"Shelled Parasite and Fungi","floor":30,"turns":8},{"damage":87,"enemies":"Automaton","floor":33,"turns":19},{"damage":29,"enemies":"3 Darklings","floor":35,"turns":6},{"damage":33,"enemies":"2 Orb Walkers","floor":36,"turns":4},{"damage":4,"enemies":"Orb Walker","floor":37,"turns":4},{"damage":15,"enemies":"Spire Growth","floor":38,"turns":5},{"damage":0,"enemies":"Reptomancer","floor":40,"turns":8},{"damage":39,"enemies":"Jaw Worm Horde","floor":42,"turns":3},{"damage":0,"enemies":"Mind Bloom Boss Battle","floor":44,"turns":4},{"damage":34,"enemies":"Nemesis","floor":46,"turns":8},{"damage":16,"enemies":"Maw","floor":47,"turns":7},{"damage":26,"enemies":"Spire Growth","floor":48,"turns":5},{"damage":137,"enemies":"Awakened One","floor":50,"turns":13}],"seed_played":"6195216406690348429","potions_obtained":[{"floor":1,"key":"Block Potion"},{"floor":2,"key":"LiquidMemories"},{"floor":5,"key":"AttackPotion"},{"floor":28,"key":"LiquidMemories"},{"floor":30,"key":"EssenceOfSteel"},{"floor":33,"key":"Explosive Potion"},{"floor":36,"key":"Fruit Juice"},{"floor":38,"key":"FearPotion"},{"floor":42,"key":"SteroidPotion"},{"floor":47,"key":"EssenceOfSteel"}],"is_trial":false,"path_per_floor":["M","M","?","M","M","R","$","R","T","M","M","M","M","E","R","B",null,"M","?","?","M","T","R","E","R","T","M","M","$","M","?","R","B",null,"M","?","M","M","$","E","R","M","T","?","R","E","M","M","R","B"],"character_chosen":"DOCTOR_CLASS","items_purchased":["Happy Flower","Frozen Egg 2","ats:Neurotoxin+1","Membership Card","aspiration:Nostalgia"],"campfire_rested":3,"item_purchase_floors":[7,29,29,39,39],"current_hp_per_floor":[72,67,67,58,55,55,55,55,55,44,37,36,31,22,43,14,72,55,55,72,70,70,70,13,36,36,20,22,22,24,24,47,10,79,72,59,71,72,72,79,79,55,55,66,66,79,78,69,69,0,0],"gold":190,"neow_bonus":"UPGRADE_CARD","is_daily":false,"chose_seed":false,"campfire_upgraded":6,"win_rate":0.0,"timestamp":1609286917,"path_taken":["M","M","?","M","M","R","$","R","T","M","M","M","M","E","R","BOSS","M","?","?","M","?","R","E","R","T","M","M","$","M","?","R","BOSS","M","?","M","M","$","E","R","M","T","?","R","E","M","M","R","BOSS"],"items_purchased_type":["Relic","Relic","Card","Relic","Relic"],"build_version":"2020-12-22","purchased_purges":1,"victory":false,"max_hp_per_floor":[72,72,72,72,72,72,72,72,72,72,72,72,72,72,72,72,72,72,72,72,72,72,72,79,79,79,79,79,79,79,79,79,79,79,79,79,79,79,79,79,79,79,79,79,79,79,79,79,79,84,84],"relic_stats":{"Happy Flower":[59],"counters":[28,197],"Mummified Hand":[75],"Gambling Chip":[7],"Pandora\u0027s Box":["Self Repair","ats:Very Hot Blade","Sweeping Beam","Amplify","Stack","ats:Automatic Cover","ats:Part Time Job"],"Kunai":[17],"obtain_stats":[{"Potion Belt":9,"Happy Flower":7,"aspiration:Nostalgia":39,"Thread and Needle":36,"Frozen Egg 2":29,"ats:Originium":14,"aspiration:DefectSkillbook":17,"Mummified Hand":14,"Strawberry":24,"ats:Berate":43,"Gambling Chip":44,"Pandora\u0027s Box":34,"Bag of Marbles":40,"ats:Sanity":0,"Kunai":26,"Membership Card":39,"PureWater":39,"Unceasing Top":46,"aspiration:FaultyCoupler":22},{"Potion Belt":4,"Happy Flower":4,"aspiration:Nostalgia":21,"Thread and Needle":19,"Frozen Egg 2":15,"ats:Originium":9,"aspiration:DefectSkillbook":10,"Mummified Hand":9,"Strawberry":13,"ats:Berate":23,"Gambling Chip":24,"Pandora\u0027s Box":17,"Bag of Marbles":22,"ats:Sanity":0,"Kunai":13,"Membership Card":21,"PureWater":21,"Unceasing Top":25,"aspiration:FaultyCoupler":12},{"Potion Belt":20,"Happy Flower":20,"aspiration:Nostalgia":151,"Thread and Needle":142,"Frozen Egg 2":105,"ats:Originium":55,"aspiration:DefectSkillbook":78,"Mummified Hand":55,"Strawberry":95,"ats:Berate":161,"Gambling Chip":164,"Pandora\u0027s Box":132,"Bag of Marbles":158,"ats:Sanity":0,"Kunai":95,"Membership Card":151,"PureWater":151,"Unceasing Top":172,"aspiration:FaultyCoupler":86}],"Unceasing Top":[1]},"card_choices":[{"not_picked":["ats:Leaping Hammer","ats:Healing Drone"],"picked":"ats:Rapid Magazine","floor":1},{"not_picked":["ats:Composite Medical Shells","ats:Counter Healing Mode"],"picked":"ats:Encircling Forest","floor":2},{"not_picked":["ats:Apocalypse","ats:Defend Order"],"picked":"ats:Shell Defense","floor":4},{"not_picked":["ats:Ignite","ats:Curse Doll"],"picked":"ats:Magnetic Hammer","floor":5},{"not_picked":["ats:Assault Order","ats:Leaping Hammer"],"picked":"ats:Explosion Area Strengthen","floor":10},{"not_picked":["ats:Explosion Area Strengthen","ats:Wolf Pack"],"picked":"ats:Shell Defense","floor":11},{"not_picked":["ats:Assault Order","ats:Childhood Dance"],"picked":"ats:Automatic Cover","floor":12},{"not_picked":["ats:Hammer On","ats:Curse Doll"],"picked":"ats:Steam Pump","floor":13},{"not_picked":["ats:Shadow Raid","ats:Flame Of Heaven"],"picked":"ats:Chain Hook","floor":14},{"not_picked":["ats:Fractured Body","ats:Wolf Pack"],"picked":"ats:Volcano","floor":16},{"not_picked":["ats:Apocalypse","Leap","ats:Hammer On+1"],"picked":"Stack","floor":18},{"not_picked":["Buffer","Hologram","Go for the Eyes"],"picked":"Leap+1","floor":21},{"not_picked":["ats:Defend Order","Fusion","Beam Cell"],"picked":"ats:Red Shift","floor":24},{"not_picked":["ats:Childhood Dance","ats:Apocalypse","Melter+1"],"picked":"ats:Magnetic Hammer","floor":27},{"not_picked":["Recycle","ats:True Silver Slash","Scrape"],"picked":"ats:Apocalypse+1","floor":28},{"not_picked":["ats:Shell Defense","Reinforced Body","Ball Lightning"],"picked":"ats:Childhood Dance+1","floor":30},{"not_picked":["ats:Durian","Machine Learning+1","Seek"],"picked":"ats:Volcano","floor":33},{"not_picked":["Turbo","Go for the Eyes+1","Steam"],"picked":"ats:Poison Spread+1","floor":35},{"not_picked":["Aggregate","ats:Beaten Up","Ball Lightning+1"],"picked":"Capacitor+1","floor":36},{"not_picked":["ats:Soul Absorption+1","ats:Childhood Dance+1","ats:Thorns+1"],"picked":"ats:Burning Ground+1","floor":37},{"not_picked":["Redo","ats:Poison Spread+1","ats:Explosion Area Strengthen"],"picked":"Static Discharge+1","floor":38},{"not_picked":["Turbo","Conserve Battery","ats:Wolf Pack"],"picked":"ats:Ignite+1","floor":40},{"not_picked":["Streamline+1","Conserve Battery","Barrage"],"picked":"ats:Healing Strengthening+1","floor":42},{"not_picked":["Redo+1","ats:Leaping Hammer+1","Leap+1"],"picked":"ats:Very Hot Blade+1","floor":44},{"not_picked":["BootSequence","Loop+1","Stack"],"picked":"Hologram","floor":46},{"not_picked":["Glacier","Redo","ats:LN2 Cannon+1"],"picked":"ats:Volcano","floor":47},{"not_picked":["Ball Lightning","Fusion","ats:Magnetic Hammer"],"picked":"ats:Flame Of Heaven","floor":48}],"player_experience":212660,"relics_obtained":[{"floor":9,"key":"Potion Belt"},{"floor":14,"key":"ats:Originium"},{"floor":14,"key":"Mummified Hand"},{"floor":22,"key":"aspiration:FaultyCoupler"},{"floor":24,"key":"ats:Originium"},{"floor":24,"key":"Strawberry"},{"floor":26,"key":"Kunai"},{"floor":36,"key":"Thread and Needle"},{"floor":40,"key":"ats:Originium"},{"floor":40,"key":"Bag of Marbles"},{"floor":43,"key":"ats:Berate"},{"floor":44,"key":"Gambling Chip"},{"floor":46,"key":"Unceasing Top"}],"event_choices":[{"damage_healed":0,"gold_gain":0,"player_choice":"Ignored","damage_taken":0,"max_hp_gain":0,"max_hp_loss":0,"event_name":"Golden Wing","floor":3,"gold_loss":0},{"cards_removed":["ats:Defend"],"damage_healed":0,"gold_gain":0,"player_choice":"Elegance","damage_taken":0,"max_hp_gain":0,"max_hp_loss":0,"event_name":"Back to Basics","floor":19,"gold_loss":0},{"damage_healed":24,"gold_gain":0,"player_choice":"Heal","damage_taken":0,"max_hp_gain":0,"max_hp_loss":0,"event_name":"The Library","floor":20,"gold_loss":0},{"damage_healed":0,"gold_gain":0,"player_choice":"Fight","damage_taken":0,"max_hp_gain":0,"max_hp_loss":0,"event_name":"Mysterious Sphere","floor":36,"gold_loss":0},{"damage_healed":0,"gold_gain":0,"player_choice":"Fight","damage_taken":0,"max_hp_gain":0,"max_hp_loss":0,"event_name":"MindBloom","floor":44,"gold_loss":0}],"is_beta":false,"boss_relics":[{"not_picked":["Fusion Hammer","Tiny House"],"picked":"aspiration:DefectSkillbook"},{"not_picked":["energizedSpire:MagnifyingGlass","aspiration:FutureDiary"],"picked":"Pandora\u0027s Box"}],"items_purged_floors":[29],"is_endless":false,"potions_floor_spawned":[1,2,5,28,30,33,36,38,42,47],"killed_by":"Awakened One","ascension_level":0}}