{"host":"t179ovrkr5k1gnfh","time":1609332178,"event":{"mods":["AchievementEnabler","BaseMod","Colored Map","Minty Spire (QoL Compilation)"],"gold_per_floor":[110,110,127,139,89,115,115,85,85,98,98,132,147,158,158,257,257,270,288,308,327,252,252,252,262,262,281,295,314,341,341,341,439,439,458,458,458,29,45,45,45,56,56,56,56,86,99,113,113,113,113,113,12,39,39,39],"floor_reached":55,"playtime":4115,"items_purged":["Clumsy","Parasite"],"score":683,"play_id":"bdb08a93-a42a-4cb6-a576-f4a102c2c237","local_time":"20201230134258","is_ascension_mode":false,"campfire_choices":[{"data":"Loop","floor":7,"key":"SMITH"},{"floor":11,"key":"REST"},{"floor":15,"key":"REST"},{"data":"Force Field","floor":23,"key":"SMITH"},{"floor":32,"key":"REST"},{"data":"Coolheaded","floor":40,"key":"SMITH"},{"floor":49,"key":"RECALL"},{"data":"Reinforced Body","floor":52,"key":"SMITH"}],"circlet_count":0,"master_deck":["Strike_B","Strike_B","Defend_B","Defend_B","Defend_B","Zap+1","Dualcast+1","Loop+1","Lockon","Conserve Battery","Creative AI+1","Force Field+1","Coolheaded+1","Reinforced Body+1","FTL","Aggregate+1","Conserve Battery+1","Compile Driver","Coolheaded+1","Fission+1","Self Repair+1","Secret Weapon+1","Storm+1","Sunder","Coolheaded+1"],"relics":["Cracked Core","Thread and Needle","Matryoshka","Frozen Egg 2","InkBottle","Kunai","War Paint","Cursed Key","Bronze Scales","Toxic Egg 2","Letter Opener","Nuclear Battery","Darkstone Periapt","Cables","HornCleat","Regal Pillow","Bag of Marbles"],"acts_visited":["Exordium","TheCity","TheBeyond","TheEnding"],"potions_floor_usage":[12,12,16,16,18,25,25,27,29,30,30,33,42,48,50,50],"damage_taken":[{"damage":0,"enemies":"Jaw Worm","floor":1,"turns":3},{"damage":0,"enemies":"2 Louse","floor":3,"turns":3},{"damage":0,"enemies":"Cultist","floor":4,"turns":4},{"damage":34,"enemies":"3 Sentries","floor":6,"turns":8},{"damage":0,"enemies":"Large Slime","floor":10,"turns":3},{"damage":13,"enemies":"Gremlin Nob","floor":12,"turns":5},{"damage":9,"enemies":"Lots of Slimes","floor":13,"turns":4},{"damage":0,"enemies":"2 Fungi Beasts","floor":14,"turns":3},{"damage":14,"enemies":"Hexaghost","floor":16,"turns":9},{"damage":12,"enemies":"3 Byrds","floor":18,"turns":4},{"damage":1,"enemies":"Shell Parasite","floor":19,"turns":6},{"damage":8,"enemies":"Snake Plant","floor":20,"turns":6},{"damage":11,"enemies":"Sentry and Sphere","floor":21,"turns":7},{"damage":1,"enemies":"Shelled Parasite and Fungi","floor":25,"turns":5},{"damage":4,"enemies":"Centurion and Healer","floor":27,"turns":5},{"damage":5,"enemies":"Snake Plant","floor":28,"turns":4},{"damage":7,"enemies":"3 Cultists","floor":29,"turns":6},{"damage":1,"enemies":"Slavers","floor":30,"turns":3},{"damage":8,"enemies":"Champ","floor":33,"turns":12},{"damage":0,"enemies":"Orb Walker","floor":35,"turns":3},{"damage":0,"enemies":"3 Darklings","floor":39,"turns":5},{"damage":0,"enemies":"Jaw Worm Horde","floor":42,"turns":4},{"damage":5,"enemies":"Nemesis","floor":46,"turns":8},{"damage":0,"enemies":"Sphere and 2 Shapes","floor":47,"turns":3},{"damage":0,"enemies":"4 Shapes","floor":48,"turns":3},{"damage":34,"enemies":"Time Eater","floor":50,"turns":12},{"damage":38,"enemies":"Shield and Spear","floor":54,"turns":7},{"damage":87,"enemies":"The Heart","floor":55,"turns":9}],"seed_played":"8002324308994916379","potions_obtained":[{"floor":3,"key":"PotionOfCapacity"},{"floor":8,"key":"Block Potion"},{"floor":8,"key":"Swift Potion"},{"floor":10,"key":"Block Potion"},{"floor":12,"key":"FearPotion"},{"floor":16,"key":"Swift Potion"},{"floor":18,"key":"FearPotion"},{"floor":25,"key":"Fire Potion"},{"floor":29,"key":"PowerPotion"},{"floor":30,"key":"GamblersBrew"},{"floor":33,"key":"DistilledChaos"},{"floor":35,"key":"FearPotion"},{"floor":39,"key":"AttackPotion"},{"floor":47,"key":"Explosive Potion"}],"is_trial":false,"path_per_floor":["M","?","M","M","?","E","R","?","T","M","R","E","M","M","R","B",null,"M","M","M","M","$","R","?","M","T","M","M","M","E","?","R","B",null,"M","?","T","$","M","R","?","M","T","T","?","E","M","M","R","B",null,"R","$","E","B"],"character_chosen":"DEFECT","items_purchased":["Self Repair+1","Darkstone Periapt","FairyPotion"],"campfire_rested":3,"item_purchase_floors":[38,38,53],"current_hp_per_floor":[75,63,63,63,63,29,29,29,29,29,51,38,29,29,51,37,75,63,62,54,43,43,43,31,30,30,26,21,14,13,13,35,27,75,75,75,75,72,72,72,72,72,78,84,84,84,84,84,84,60,84,84,84,56,0,0],"gold":39,"neow_bonus":"ONE_RARE_RELIC","is_daily":false,"chose_seed":false,"campfire_upgraded":4,"win_rate":0.0,"timestamp":1609332178,"path_taken":["M","?","M","M","?","E","R","?","T","M","R","E","M","M","R","BOSS","M","M","M","?","$","R","?","M","T","M","?","M","E","?","R","BOSS","M","?","?","$","M","R","?","M","T","?","?","E","?","M","R","BOSS","R","$","E","BOSS"],"items_purchased_type":["Card","Relic","Potion"],"build_version":"2020-12-22","purchased_purges":2,"victory":false,"max_hp_per_floor":[75,75,75,75,75,75,75,75,75,75,75,75,75,75,75,75,75,75,75,75,75,75,75,75,75,75,75,75,75,75,75,75,75,75,75,75,75,72,72,72,72,72,78,84,84,84,84,84,84,84,84,84,84,84,84,84],"card_choices":[{"not_picked":["Cold Snap","Coolheaded"],"picked":"Loop","floor":1},{"not_picked":["Ball Lightning","Steam","Chill"],"picked":"SKIP","floor":3},{"not_picked":["Gash","Conserve Battery"],"picked":"Lockon","floor":4},{"not_picked":["Cold Snap","Go for the Eyes"],"picked":"Conserve Battery","floor":6},{"not_picked":["Self Repair+1","Coolheaded"],"picked":"Creative AI+1","floor":10},{"not_picked":["Meteor Strike","Steam","Gash"],"picked":"SKIP","floor":12},{"not_picked":["Compile Driver","Glacier"],"picked":"Force Field","floor":13},{"not_picked":["Gash","Barrage","Conserve Battery"],"picked":"SKIP","floor":14},{"not_picked":["Cold Snap+1","Ball Lightning"],"picked":"Coolheaded","floor":18},{"not_picked":["Coolheaded","Compile Driver"],"picked":"Reinforced Body","floor":19},{"not_picked":["Barrage","Static Discharge+1","Ball Lightning"],"picked":"SKIP","floor":20},{"not_picked":["Stack","Undo"],"picked":"FTL","floor":21},{"not_picked":["Steam","Chaos","Redo"],"picked":"SKIP","floor":25},{"not_picked":["Redo+1","Reinforced Body+1","Rebound"],"picked":"SKIP","floor":27},{"not_picked":["Stack+1","Sweeping Beam"],"picked":"Aggregate+1","floor":28},{"not_picked":["White Noise+1","Cold Snap"],"picked":"Conserve Battery+1","floor":29},{"not_picked":["Undo+1","Cold Snap+1","Lockon"],"picked":"SKIP","floor":30},{"not_picked":["Electrodynamics+1","Hyperbeam"],"picked":"Fission+1","floor":33},{"not_picked":["Compile Driver","Loop+1","Stack+1"],"picked":"SKIP","floor":35},{"not_picked":["Sweeping Beam+1","Ball Lightning","Chill+1"],"picked":"SKIP","floor":39},{"not_picked":["Swift Strike","Good Instincts+1"],"picked":"Secret Weapon+1","floor":41},{"not_picked":["Tempest+1","Turbo+1","Ball Lightning"],"picked":"SKIP","floor":42},{"not_picked":["Auto Shields+1","BootSequence+1"],"picked":"Storm+1","floor":46},{"not_picked":["Leap+1","Fusion+1"],"picked":"Sunder","floor":47},{"not_picked":["Genetic Algorithm+1","Rebound"],"picked":"Coolheaded+1","floor":48},{"not_picked":["Go for the Eyes+1","Rip and Tear","Compile Driver+1"],"picked":"SKIP","floor":54}],"player_experience":68192,"relics_obtained":[{"floor":6,"key":"Frozen Egg 2"},{"floor":9,"key":"InkBottle"},{"floor":9,"key":"Kunai"},{"floor":12,"key":"War Paint"},{"floor":26,"key":"Bronze Scales"},{"floor":26,"key":"Toxic Egg 2"},{"floor":30,"key":"Letter Opener"},{"floor":43,"key":"Cables"},{"floor":44,"key":"HornCleat"},{"floor":46,"key":"Regal Pillow"},{"floor":54,"key":"Bag of Marbles"}],"event_choices":[{"damage_healed":0,"gold_gain":0,"player_choice":"Success","damage_taken":12,"relics_obtained":["Matryoshka"],"max_hp_gain":0,"max_hp_loss":0,"event_name":"Scrap Ooze","floor":2,"gold_loss":0},{"cards_removed":["Defend_B"],"damage_healed":0,"gold_gain":0,"player_choice":"Card Removal","damage_taken":0,"max_hp_gain":0,"max_hp_loss":0,"event_name":"The Cleric","floor":5,"gold_loss":50},{"damage_healed":0,"gold_gain":0,"player_choice":"Bought 2 Potions","damage_taken":0,"max_hp_gain":0,"max_hp_loss":0,"event_name":"The Woman in Blue","floor":8,"gold_loss":0},{"damage_healed":0,"gold_gain":0,"player_choice":"POTION ","damage_taken":12,"max_hp_gain":0,"max_hp_loss":0,"event_name":"Knowing Skull","floor":24,"potions_obtained":["EntropicBrew"],"gold_loss":0,"cards_obtained":[]},{"damage_healed":0,"gold_gain":0,"cards_transformed":["Strike_B","Strike_B"],"player_choice":"Became Test Subject","damage_taken":0,"max_hp_gain":0,"max_hp_loss":0,"event_name":"Drug Dealer","floor":31,"gold_loss":0,"cards_obtained":["Compile Driver","Coolheaded"]},{"damage_healed":0,"gold_gain":0,"player_choice":"Ignored","damage_taken":0,"max_hp_gain":0,"max_hp_loss":0,"event_name":"Tomb of Lord Red Mask","floor":36,"gold_loss":0},{"damage_healed":0,"gold_gain":0,"player_choice":"Memory 1","damage_taken":0,"max_hp_gain":0,"max_hp_loss":0,"event_name":"SensoryStone","floor":41,"gold_loss":0},{"cards_removed":["Pain","Regret","Clumsy"],"damage_healed":0,"gold_gain":0,"player_choice":"Removed Curses","damage_taken":0,"max_hp_gain":0,"max_hp_loss":0,"event_name":"Fountain of Cleansing","floor":45,"gold_loss":0}],"is_beta":false,"boss_relics":[{"not_picked":["SacredBark","FrozenCore"],"picked":"Cursed Key"},{"not_picked":["Runic Pyramid","Black Star"],"picked":"Nuclear Battery"}],"items_purged_floors":[22,38],"is_endless":false,"potions_floor_spawned":[3,10,12,16,18,25,29,30,33,35,39,47],"killed_by":"The Heart","ascension_level":0}}