{"host":"b4asi0laiv85suj9","time":1609309701,"event":{"mods":["ATMod(°¢èªMod)","BaseMod","Minty Spire (QoL Compilation)","MostiFishMod","Relic Stats","StSLib","TestMod","noobMod"],"gold_per_floor":[113,140,159,172,172,172,204,222,248,38,38,58,90,103,103,180,180,194,208,208,128,138,138,155,186,186,211,211,221,233,148,148,301,301,387,437,534,677,721,828,828,881,881,990,990,1045,608,718,718,768,768,768,226,301,326],"floor_reached":56,"playtime":1990,"items_purged":["Strike_G","Defend_G"],"score":3048,"play_id":"f92f1f4b-3edf-487b-80a3-d38a10036085","local_time":"20201230142821","is_ascension_mode":true,"campfire_choices":[{"data":"Neutralize","floor":6.0,"key":"SMITH"},{"data":"MostiFishMod:SparklingWater","floor":11.0,"key":"SMITH"},{"data":"MostiFishMod:GrandStart","floor":15.0,"key":"SMITH"},{"data":"MostiFishMod:Dislodge","floor":23.0,"key":"SMITH"},{"data":"Accuracy","floor":28.0,"key":"SMITH"},{"data":"MostiFishMod:AdrenalineArouse","floor":32.0,"key":"SMITH"},{"data":"MostiFishMod:LethalBlade","floor":41.0,"key":"SMITH"},{"data":"Tactician","floor":45.0,"key":"SMITH"},{"floor":49.0,"key":"RECALL"},{"data":"MostiFishMod:FantasySummer","floor":52.0,"key":"SMITH"}],"circlet_count":0,"master_deck":["AscendersBane","Strike_G","Strike_G","Strike_G","Defend_G","Defend_G","Defend_G","Survivor","Neutralize+1","MostiFishMod:Neptune+1","MostiFishMod:TheEndOfMoonlight+1","MostiFishMod:SparklingWater+1","MostiFishMod:FantasySummer+1","MostiFishMod:NightSea","AT_FamilyPortrait+1","MostiFishMod:PoisonShield","Acrobatics","AT_TinkerSharpsword","Blade Dance","AT_WindFlip","Accuracy+1","Backflip","MostiFishMod:GrandStart+1","MostiFishMod:Dislodge+1","AT_ShadowStep","Footwork","MostiFishMod:SparklingWater+1","Infinite Blades","AT_ThistleTea","Cloak And Dagger+1","MostiFishMod:AdrenalineArouse+1","MostiFishMod:Listen","Tactician+1","AT_KingSlayer","MostiFishMod:LethalBlade+1","Prepared+1","Accuracy+1","Blade Dance+1","MostiFishMod:StoryBook+1","Well Laid Plans"],"relics":["testmod-TestBox","DaveBox","ice","AT_ATBox","MoonlightInvasionPlan","testmod-IndustrialRevolution","CombinedTypeHook","SynthV:TestCard","Oddly Smooth Stone","AT_BellDemon","Blood Vial","Darkstone Periapt","Pen Nib","testmod-TurbochargingSystem","Blue Candle","Empty Cage","testmod-ArcanaOfDestiny","White Beast Statue","Du-Vu Doll","Dream Catcher","Whetstone","Kunai","Mercury Hourglass","Bronze Scales","AT_ArchangelStaff","MealTicket","testmod-D¨¦j¨¤vu","AT_MibuBalloonWealth","Ancient Tea Set","testmod-Prudence","AT_SunfireAegis","The Specimen","Vajra","Tough Bandages","AT_SilvercatRing","Gremlin Horn","Ornamental Fan","Lizard Tail","Toxic Egg 2","Bag of Preparation","Akabeko","Bottled Flame","AT_BellowingDragoncrestRing","PreservedInsect","testmod-CyclicPeriapt","Shuriken","AT_ImmortalShieldbow","Omamori","Bag of Marbles","Happy Flower","testmod-Brilliant","AT_SilverBalance"],"acts_visited":["Exordium","TheCity","TheBeyond","TheEnding"],"potions_floor_usage":[55,55],"damage_taken":[{"damage":0.0,"enemies":"Cultist","floor":1.0,"turns":3.0},{"damage":0.0,"enemies":"Small Slimes","floor":3.0,"turns":2.0},{"damage":0.0,"enemies":"Jaw Worm","floor":4.0,"turns":2.0},{"damage":7.0,"enemies":"3 Sentries","floor":7.0,"turns":4.0},{"damage":0.0,"enemies":"Lots of Slimes","floor":8.0,"turns":2.0},{"damage":5.0,"enemies":"Gremlin Gang","floor":12.0,"turns":2.0},{"damage":0.0,"enemies":"Lagavulin","floor":13.0,"turns":2.0},{"damage":13.0,"enemies":"2 Fungi Beasts","floor":14.0,"turns":2.0},{"damage":31.0,"enemies":"Hexaghost","floor":16.0,"turns":6.0},{"damage":0.0,"enemies":"Shell Parasite","floor":18.0,"turns":1.0},{"damage":0.0,"enemies":"Chosen","floor":19.0,"turns":1.0},{"damage":0.0,"enemies":"Snake Plant","floor":22.0,"turns":2.0},{"damage":0.0,"enemies":"Centurion and Healer","floor":24.0,"turns":1.0},{"damage":0.0,"enemies":"Slavers","floor":25.0,"turns":1.0},{"damage":0.0,"enemies":"Book of Stabbing","floor":27.0,"turns":1.0},{"damage":0.0,"enemies":"3 Cultists","floor":29.0,"turns":3.0},{"damage":0.0,"enemies":"Chosen and Byrds","floor":30.0,"turns":1.0},{"damage":5.0,"enemies":"Collector","floor":33.0,"turns":2.0},{"damage":0.0,"enemies":"3 Shapes","floor":35.0,"turns":1.0},{"damage":0.0,"enemies":"Mind Bloom Boss Battle","floor":36.0,"turns":2.0},{"damage":5.0,"enemies":"2 Orb Walkers","floor":37.0,"turns":1.0},{"damage":0.0,"enemies":"3 Darklings","floor":38.0,"turns":1.0},{"damage":0.0,"enemies":"Maw","floor":39.0,"turns":2.0},{"damage":0.0,"enemies":"Reptomancer","floor":40.0,"turns":1.0},{"damage":38.0,"enemies":"Nemesis","floor":42.0,"turns":3.0},{"damage":0.0,"enemies":"Reptomancer","floor":44.0,"turns":1.0},{"damage":0.0,"enemies":"Nemesis","floor":46.0,"turns":1.0},{"damage":0.0,"enemies":"Reptomancer","floor":48.0,"turns":1.0},{"damage":0.0,"enemies":"Donu and Deca","floor":50.0,"turns":1.0},{"damage":0.0,"enemies":"Shield and Spear","floor":54.0,"turns":1.0},{"damage":79,"enemies":"The Heart","floor":55,"turns":4}],"seed_played":"2875712246710741363","potions_obtained":[{"floor":3.0,"key":"FearPotion"},{"floor":4.0,"key":"BlessingOfTheForge"},{"floor":8.0,"key":"Fire Potion"},{"floor":13.0,"key":"Fruit Juice"},{"floor":22.0,"key":"Dexterity Potion"},{"floor":25.0,"key":"CultistPotion"}],"is_trial":false,"path_per_floor":["M","T","M","M","?","R","E","M","T","$","R","M","E","M","R","B",null,"M","M","?","$","M","R","M","E","T","E","R","M","M","?","R","B",null,"M","?","?","M","M","E","R","E","T","E","R","E","$","E","R","B",null,"R","$","E","B",null],"character_chosen":"THE_SILENT","items_purchased":["AT_BellDemon","Accuracy","Infinite Blades","AT_ImmortalShieldbow","Accuracy","MostiFishMod:StoryBook+1","Happy Flower","PowerPotion"],"campfire_rested":0,"item_purchase_floors":[10,10,21,47,47,53,53,53],"current_hp_per_floor":[59,59,59,59,59,59,52,52,52,52,52,47,54,43,43,14,57,59,61,61,61,63,63,65,67,67,69,69,71,71,71,71,66,70,71,71,66,68,70,71,71,33,33,35,35,37,52,54,54,56,67,67,71,71,79],"gold":326,"neow_bonus":"BOSS_RELIC","is_daily":false,"chose_seed":false,"campfire_upgraded":9,"win_rate":0.0,"timestamp":1609309701,"path_taken":["M","?","?","?","?","R","E","M","T","?","R","M","E","M","R","BOSS","M","M","?","$","M","R","M","E","T","E","R","?","?","?","R","BOSS","M","?","?","M","M","E","R","E","T","E","R","E","?","E","R","BOSS","R","$","E","BOSS"],"items_purchased_type":["Relic","Card","Card","Relic","Card","Card","Relic","Potion"],"build_version":"2020-12-22","purchased_purges":2,"victory":true,"max_hp_per_floor":[66,66,66,66,66,66,66,66,66,66,66,66,71,71,71,71,71,71,71,71,71,71,71,71,71,71,71,71,71,71,71,71,71,71,71,71,71,71,71,71,71,71,71,71,71,71,71,71,71,71,71,71,71,71,91],"relic_stats":{"Darkstone Periapt":0,"Gremlin Horn":[8,8],"Happy Flower":[1],"counters":[31,51],"Blue Candle":[0],"Pen Nib":[8],"PreservedInsect":189,"Bag of Preparation":[12],"Whetstone":["MostiFishMod:Neptune","MostiFishMod:TheEndOfMoonlight"],"Mercury Hourglass":[145],"Blood Vial":36,"Dream Catcher":0,"Tough Bandages":[15],"Lizard Tail":0,"Ornamental Fan":[32],"Shuriken":[6],"Bronze Scales":[69],"MealTicket":19,"Kunai":[15],"obtain_stats":[{"CombinedTypeHook":0,"AT_ATBox":0,"Gremlin Horn":38,"AT_MibuBalloonWealth":31,"Vajra":36,"ice":0,"Whetstone":25,"AT_ArchangelStaff":27,"Blood Vial":12,"Lizard Tail":40,"testmod-Prudence":34,"MealTicket":29,"Kunai":25,"Toxic Egg 2":40,"testmod-TestBox":0,"Happy Flower":53,"Blue Candle":16,"MoonlightInvasionPlan":0,"Oddly Smooth Stone":2,"Pen Nib":13,"AT_SilverBalance":54,"AT_SilvercatRing":37,"Akabeko":42,"Du-Vu Doll":22,"Bottled Flame":43,"Shuriken":46,"Bronze Scales":27,"AT_BellDemon":10,"Darkstone Periapt":13,"DaveBox":0,"Bag of Preparation":42,"Empty Cage":17,"Ancient Tea Set":33,"testmod-Brilliant":54,"Dream Catcher":24,"Tough Bandages":37,"testmod-D¨¦j¨¤vu":30,"testmod-ArcanaOfDestiny":18,"Ring of the Snake":0,"The Specimen":36,"PreservedInsect":44,"testmod-CyclicPeriapt":46,"Omamori":48,"testmod-TurbochargingSystem":14,"testmod-IndustrialRevolution":0,"White Beast Statue":19,"Mercury Hourglass":26,"AT_ImmortalShieldbow":47,"SynthV:TestCard":1,"AT_BellowingDragoncrestRing":44,"Ornamental Fan":39,"Bag of Marbles":48,"AT_SunfireAegis":35},{"CombinedTypeHook":0,"AT_ATBox":0,"Gremlin Horn":22,"AT_MibuBalloonWealth":17,"Vajra":20,"ice":0,"Whetstone":14,"AT_ArchangelStaff":15,"Blood Vial":6,"Lizard Tail":24,"testmod-Prudence":18,"MealTicket":16,"Kunai":14,"Toxic Egg 2":24,"testmod-TestBox":0,"Happy Flower":29,"Blue Candle":9,"MoonlightInvasionPlan":0,"Oddly Smooth Stone":1,"Pen Nib":7,"AT_SilverBalance":30,"AT_SilvercatRing":21,"Akabeko":25,"Du-Vu Doll":12,"Bottled Flame":25,"Shuriken":27,"Bronze Scales":15,"AT_BellDemon":5,"Darkstone Periapt":7,"DaveBox":0,"Bag of Preparation":25,"Empty Cage":9,"Ancient Tea Set":18,"testmod-Brilliant":30,"Dream Catcher":13,"Tough Bandages":21,"testmod-D¨¦j¨¤vu":17,"testmod-ArcanaOfDestiny":10,"Ring of the Snake":0,"The Specimen":20,"PreservedInsect":26,"testmod-CyclicPeriapt":27,"Omamori":28,"testmod-TurbochargingSystem":8,"testmod-IndustrialRevolution":0,"White Beast Statue":11,"Mercury Hourglass":14,"AT_ImmortalShieldbow":27,"SynthV:TestCard":1,"AT_BellowingDragoncrestRing":26,"Ornamental Fan":23,"Bag of Marbles":28,"AT_SunfireAegis":19},{"CombinedTypeHook":0,"AT_ATBox":0,"Gremlin Horn":38,"AT_MibuBalloonWealth":31,"Vajra":36,"ice":0,"Whetstone":27,"AT_ArchangelStaff":28,"Blood Vial":13,"Lizard Tail":40,"testmod-Prudence":33,"MealTicket":30,"Kunai":27,"Toxic Egg 2":40,"testmod-TestBox":0,"Happy Flower":46,"Blue Candle":22,"MoonlightInvasionPlan":0,"Oddly Smooth Stone":3,"Pen Nib":15,"AT_SilverBalance":47,"AT_SilvercatRing":37,"Akabeko":42,"Du-Vu Doll":25,"Bottled Flame":42,"Shuriken":44,"Bronze Scales":28,"AT_BellDemon":11,"Darkstone Periapt":15,"DaveBox":0,"Bag of Preparation":42,"Empty Cage":22,"Ancient Tea Set":33,"testmod-Brilliant":47,"Dream Catcher":26,"Tough Bandages":37,"testmod-D¨¦j¨¤vu":31,"testmod-ArcanaOfDestiny":23,"Ring of the Snake":0,"The Specimen":36,"PreservedInsect":43,"testmod-CyclicPeriapt":44,"Omamori":45,"testmod-TurbochargingSystem":17,"testmod-IndustrialRevolution":0,"White Beast Statue":24,"Mercury Hourglass":27,"AT_ImmortalShieldbow":44,"SynthV:TestCard":3,"AT_BellowingDragoncrestRing":43,"Ornamental Fan":39,"Bag of Marbles":45,"AT_SunfireAegis":34}]},"card_choices":[{"not_picked":["Dodge and Roll","Bouncing Flask"],"picked":"MostiFishMod:PoisonShield","floor":1.0},{"not_picked":["Reflex","PiercingWail","MostiFishMod:ThornCasing","Bane"],"picked":"Acrobatics","floor":3.0},{"not_picked":["Sucker Punch","Poisoned Stab","Underhanded Strike","Bane"],"picked":"AT_TinkerSharpsword","floor":4.0},{"not_picked":["Tactician","MostiFishMod:Listen","AT_TinkerSharpsword","PiercingWail"],"picked":"Blade Dance","floor":7.0},{"not_picked":["Underhanded Strike","Dagger Throw","Quick Slash","MostiFishMod:PoisonShield"],"picked":"AT_WindFlip","floor":8.0},{"not_picked":["Dagger Throw","AT_WindFlip","Noxious Fumes","Dodge and Roll","Flying Knee"],"picked":"SKIP","floor":12.0},{"not_picked":["Cloak And Dagger","Footwork","Escape Plan","AT_ArcaneSupremacy"],"picked":"Backflip","floor":13.0},{"not_picked":["AT_Desolate","Noxious Fumes","Poisoned Stab","Underhanded Strike"],"picked":"MostiFishMod:GrandStart","floor":14.0},{"not_picked":["MostiFishMod:GrandStart","MostiFishMod:SpreadingSpore","MostiFishMod:Listen","Malaise"],"picked":"MostiFishMod:Dislodge","floor":16.0},{"not_picked":["Prepared","AT_WindFlip","Bane","Acrobatics"],"picked":"AT_ShadowStep","floor":18.0},{"not_picked":["Dodge and Roll+1","Deflect","MostiFishMod:FrostNova","Eviscerate"],"picked":"Footwork","floor":19.0},{"not_picked":["Bane","Distraction","Backflip","MostiFishMod:PerfectParry","Backstab"],"picked":"SKIP","floor":22.0},{"not_picked":["Dagger Throw","AT_Desolate","Acrobatics","Deflect"],"picked":"AT_ThistleTea","floor":24.0},{"not_picked":["Footwork","Slice","Quick Slash","MostiFishMod:PoisonShield","Flying Knee+1"],"picked":"SKIP","floor":25.0},{"not_picked":["Poisoned Stab","Deadly Poison","Blade Dance","AT_WindRun"],"picked":"Cloak And Dagger","floor":27.0},{"not_picked":["Prepared","MostiFishMod:InvigoratingSolution","MostiFishMod:ThornCasing","Slice"],"picked":"MostiFishMod:AdrenalineArouse","floor":29.0},{"not_picked":["Underhanded Strike","Dagger Spray","Deadly Poison","Sucker Punch","Deflect"],"picked":"SKIP","floor":30.0},{"not_picked":["Phantasmal Killer","MostiFishMod:HiddenBlade","Doppelganger","Grand Finale"],"picked":"MostiFishMod:Listen","floor":33.0},{"not_picked":["Poisoned Stab+1","Dagger Spray+1","AT_WindFlip+1","Blade Dance"],"picked":"Tactician","floor":35.0},{"not_picked":["Heel Hook","Blade Dance+1","AT_KneejerkReflex","AT_WindFlip"],"picked":"AT_KingSlayer","floor":36.0},{"not_picked":["Deflect","Heel Hook","Poisoned Stab","PiercingWail","MostiFishMod:Wind"],"picked":"SKIP","floor":38.0},{"not_picked":["AT_WindFlip+1","Poisoned Stab","Deadly Poison","Outmaneuver+1","Backflip+1"],"picked":"SKIP","floor":39.0},{"not_picked":["MostiFishMod:GrandStart","AT_WomanClash+1","AT_TwilightShroud+1","Poisoned Stab"],"picked":"MostiFishMod:LethalBlade","floor":40.0},{"not_picked":["Dagger Spray","Acrobatics+1","Sucker Punch+1","Quick Slash"],"picked":"Prepared+1","floor":42.0},{"not_picked":["Dash","Poisoned Stab","Acrobatics+1","MostiFishMod:PerfectParry+1","Burst+1"],"picked":"SKIP","floor":44.0},{"not_picked":["Blade Dance+1","Eviscerate","Quick Slash","Underhanded Strike+1","Deadly Poison+1"],"picked":"SKIP","floor":46.0},{"not_picked":["Poisoned Stab","Outmaneuver+1","Eviscerate+1","Dodge and Roll+1"],"picked":"Blade Dance+1","floor":48.0},{"not_picked":["AT_Desolate+1","Choke+1","Cloak And Dagger+1","Riddle With Holes+1"],"picked":"Well Laid Plans","floor":54.0}],"player_experience":265139,"relics_obtained":[{"floor":1.0,"key":"SynthV:TestCard"},{"floor":2.0,"key":"Oddly Smooth Stone"},{"floor":12.0,"key":"Blood Vial"},{"floor":13.0,"key":"Darkstone Periapt"},{"floor":13.0,"key":"Pen Nib"},{"floor":14.0,"key":"testmod-TurbochargingSystem"},{"floor":16.0,"key":"Blue Candle"},{"floor":18.0,"key":"testmod-ArcanaOfDestiny"},{"floor":19.0,"key":"White Beast Statue"},{"floor":22.0,"key":"Du-Vu Doll"},{"floor":24.0,"key":"Dream Catcher"},{"floor":25.0,"key":"Whetstone"},{"floor":25.0,"key":"Kunai"},{"floor":26.0,"key":"Mercury Hourglass"},{"floor":27.0,"key":"Bronze Scales"},{"floor":27.0,"key":"AT_ArchangelStaff"},{"floor":29.0,"key":"MealTicket"},{"floor":30.0,"key":"testmod-D¨¦j¨¤vu"},{"floor":33.0,"key":"Ancient Tea Set"},{"floor":35.0,"key":"AT_SunfireAegis"},{"floor":36.0,"key":"The Specimen"},{"floor":36.0,"key":"Vajra"},{"floor":37.0,"key":"Tough Bandages"},{"floor":37.0,"key":"AT_SilvercatRing"},{"floor":38.0,"key":"Gremlin Horn"},{"floor":39.0,"key":"Ornamental Fan"},{"floor":40.0,"key":"Lizard Tail"},{"floor":40.0,"key":"Toxic Egg 2"},{"floor":42.0,"key":"Bag of Preparation"},{"floor":42.0,"key":"Akabeko"},{"floor":43.0,"key":"Bottled Flame"},{"floor":44.0,"key":"AT_BellowingDragoncrestRing"},{"floor":44.0,"key":"PreservedInsect"},{"floor":46.0,"key":"testmod-CyclicPeriapt"},{"floor":46.0,"key":"Shuriken"},{"floor":48.0,"key":"Omamori"},{"floor":48.0,"key":"Bag of Marbles"},{"floor":54.0,"key":"testmod-Brilliant"},{"floor":54.0,"key":"AT_SilverBalance"}],"event_choices":[{"damage_healed":0.0,"max_hp_gain":0.0,"max_hp_loss":0.0,"gold_gain":0.0,"event_name":"Upgrade Shrine","player_choice":"Upgraded","floor":5.0,"gold_loss":0.0,"damage_taken":0.0,"cards_upgraded":["AT_FamilyPortrait"]},{"damage_healed":0.0,"max_hp_gain":0.0,"max_hp_loss":0.0,"gold_gain":0.0,"event_name":"Duplicator","player_choice":"Copied","floor":20.0,"gold_loss":0.0,"damage_taken":0.0,"cards_obtained":["MostiFishMod:SparklingWater"]},{"damage_healed":0.0,"max_hp_gain":0.0,"max_hp_loss":0.0,"gold_gain":0.0,"event_name":"Addict","player_choice":"Obtained Relic","floor":31.0,"gold_loss":85.0,"damage_taken":0.0,"relics_obtained":["AT_MibuBalloonWealth"]},{"damage_healed":0.0,"max_hp_gain":0.0,"max_hp_loss":0.0,"gold_gain":0.0,"event_name":"MindBloom","player_choice":"Fight","floor":36.0,"gold_loss":0.0,"damage_taken":0.0},{"damage_healed":0.0,"max_hp_gain":0.0,"max_hp_loss":0.0,"gold_gain":0.0,"event_name":"Mysterious Sphere","player_choice":"Fight","floor":37.0,"gold_loss":0.0,"damage_taken":0.0}],"is_beta":false,"boss_relics":[{"not_picked":["TakeMeEscape","testmod-Nine"],"picked":"Empty Cage"},{"not_picked":["Calling Bell","testmod-NegativeEmotionEnhancer"],"picked":"testmod-Prudence"}],"items_purged_floors":[47,53],"is_endless":false,"potions_floor_spawned":[3,4,8,13,22,24,25,29,30,33,35,36,37,38,39,40,42,44,46,48,54],"ascension_level":19}}