{"host":"ydujlihd8f5px9gp","time":1609366307,"event":{"mods":["AchievementEnabler","BaseMod","Block Reminder","Colored Map","Minty Spire (QoL Compilation)","ojb\u0027s Info Mod"],"gold_per_floor":[118,136,148,162,175,175,193,193,193,206,206,224,224,285,285,285,285],"floor_reached":16,"playtime":578,"items_purged":[],"score":96,"play_id":"ecbe7c3a-6faa-497d-9aa2-1d3addc69d4b","local_time":"20201230201147","is_ascension_mode":false,"campfire_choices":[{"data":"Zap","floor":6,"key":"SMITH"},{"data":"Dualcast","floor":11,"key":"SMITH"},{"data":"Strike_B","floor":13,"key":"SMITH"},{"data":"Strike_B","floor":15,"key":"SMITH"}],"circlet_count":0,"master_deck":["Strike_B","Strike_B","Strike_B+1","Strike_B+1","Defend_B","Defend_B","Defend_B","Defend_B+1","Zap+1","Dualcast+1"],"relics":["Cracked Core","Toy Ornithopter","Potion Belt"],"acts_visited":["Exordium"],"potions_floor_usage":[14,14,16],"damage_taken":[{"damage":3,"enemies":"Small Slimes","floor":1,"turns":3},{"damage":0,"enemies":"Cultist","floor":2,"turns":3},{"damage":7,"enemies":"Jaw Worm","floor":3,"turns":3},{"damage":6,"enemies":"3 Louse","floor":4,"turns":3},{"damage":21,"enemies":"Lots of Slimes","floor":5,"turns":6},{"damage":0,"enemies":"Gremlin Gang","floor":7,"turns":5},{"damage":0,"enemies":"Looter","floor":10,"turns":4},{"damage":0,"enemies":"2 Fungi Beasts","floor":12,"turns":3},{"damage":21,"enemies":"Lagavulin Event","floor":14,"turns":5},{"damage":42,"enemies":"Slime Boss","floor":16,"turns":11}],"seed_played":"-6767411565721323308","potions_obtained":[{"floor":3,"key":"Block Potion"},{"floor":4,"key":"PowerPotion"},{"floor":12,"key":"Regen Potion"}],"is_trial":false,"path_per_floor":["M","M","M","M","M","R","M","$","T","M","R","M","R","?","R","B"],"character_chosen":"DEFECT","items_purchased":[],"campfire_rested":0,"item_purchase_floors":[],"current_hp_per_floor":[72,72,65,59,38,38,38,38,38,38,38,38,38,41,41,4,4],"gold":285,"neow_bonus":"UPGRADE_CARD","is_daily":false,"chose_seed":false,"campfire_upgraded":4,"win_rate":0.0,"timestamp":1609366307,"path_taken":["M","M","M","M","M","R","M","$","T","M","R","M","R","?","R","BOSS"],"items_purchased_type":[],"build_version":"2020-12-22","purchased_purges":0,"victory":false,"max_hp_per_floor":[75,75,75,75,75,75,75,75,75,75,75,75,75,75,75,75,75],"card_choices":[{"not_picked":["Cold Snap","Capacitor","Genetic Algorithm"],"picked":"SKIP","floor":1},{"not_picked":["Hologram","Go for the Eyes","Coolheaded"],"picked":"SKIP","floor":2},{"not_picked":["Sweeping Beam","Turbo","Compile Driver"],"picked":"SKIP","floor":3},{"not_picked":["Redo","Leap","Buffer"],"picked":"SKIP","floor":4},{"not_picked":["Conserve Battery","Redo","Barrage"],"picked":"SKIP","floor":5},{"not_picked":["Coolheaded","Sunder","Gash"],"picked":"SKIP","floor":7},{"not_picked":["Barrage","Skim","Rebound"],"picked":"SKIP","floor":10},{"not_picked":["Compile Driver","Barrage","Hologram"],"picked":"SKIP","floor":12}],"player_experience":74277,"relics_obtained":[{"floor":9,"key":"Toy Ornithopter"},{"floor":14,"key":"Potion Belt"}],"event_choices":[{"damage_healed":0,"gold_gain":0,"player_choice":"Searched \u00272\u0027 times","damage_taken":0,"max_hp_gain":0,"max_hp_loss":0,"event_name":"Dead Adventurer","floor":14,"gold_loss":0}],"is_beta":false,"boss_relics":[],"items_purged_floors":[],"is_endless":false,"potions_floor_spawned":[3,4,12],"killed_by":"Slime Boss","ascension_level":0}}