{"host":"b4oqa93y40rb9616","time":1609292097,"event":{"mods":["BaseMod","Colored Map","Custom Start","DeckTracker","Keyboard Shortcuts","Minty Spire (QoL Compilation)","Permanent Neow","Quick Restart","StSLib","SuperFastMode","everything is the same but u backflip on backflip"],"gold_per_floor":[118,128,139,139,154,154,172,172,218,246,246,258,271,288,288,391,391,361,379,379],"floor_reached":19,"playtime":520,"items_purged":[],"score":280,"play_id":"149ed9ab-e4a5-4b3b-bb8b-24e32a06cd46","local_time":"20201230103457","is_ascension_mode":true,"campfire_choices":[{"data":"Apotheosis","floor":6,"key":"SMITH"},{"floor":8,"key":"REST"},{"data":"Sunder","floor":11,"key":"SMITH"},{"data":"Fusion","floor":15,"key":"SMITH"}],"circlet_count":0,"master_deck":["AscendersBane","Strike_B","Strike_B","Strike_B","Strike_B","Defend_B","Defend_B","Defend_B","Defend_B","Zap","Dualcast","Apotheosis+1","Compile Driver","Fusion+1","Reinforced Body","Sunder+1","Conserve Battery","Echo Form"],"relics":["FrozenCore","Pear","Juzu Bracelet"],"acts_visited":["Exordium","TheCity"],"potions_floor_usage":[7,18,18],"damage_taken":[{"damage":0,"enemies":"2 Louse","floor":1,"turns":2},{"damage":0,"enemies":"Cultist","floor":2,"turns":3},{"damage":2,"enemies":"Jaw Worm","floor":3,"turns":3},{"damage":15,"enemies":"2 Fungi Beasts","floor":5,"turns":4},{"damage":0,"enemies":"Blue Slaver","floor":7,"turns":2},{"damage":12,"enemies":"3 Sentries","floor":10,"turns":5},{"damage":17,"enemies":"Lots of Slimes","floor":12,"turns":4},{"damage":0,"enemies":"Red Slaver","floor":13,"turns":3},{"damage":3,"enemies":"Blue Slaver","floor":14,"turns":3},{"damage":3,"enemies":"Hexaghost","floor":16,"turns":9},{"damage":24,"enemies":"2 Thieves","floor":18,"turns":5},{"damage":10,"enemies":"Spheric Guardian","floor":19,"turns":4}],"seed_played":"501195364238899642","potions_obtained":[{"floor":1,"key":"Strength Potion"},{"floor":3,"key":"DuplicationPotion"},{"floor":10,"key":"Weak Potion"},{"floor":12,"key":"EntropicBrew"},{"floor":18,"key":"Regen Potion"}],"is_trial":false,"path_per_floor":["M","M","M","?","M","R","M","R","T","E","R","M","M","M","R","B",null,"M","M"],"character_chosen":"DEFECT","items_purchased":[],"campfire_rested":1,"item_purchase_floors":[],"current_hp_per_floor":[68,68,66,34,19,19,19,42,42,30,30,13,13,10,10,7,60,36,26,26],"gold":379,"neow_bonus":"RANDOM_COLORLESS_2","is_daily":false,"chose_seed":false,"campfire_upgraded":3,"win_rate":0.0,"timestamp":1609292097,"path_taken":["M","M","M","?","M","R","M","R","T","E","R","M","M","M","R","BOSS","M","M"],"items_purchased_type":[],"build_version":"2020-12-22","purchased_purges":0,"victory":false,"max_hp_per_floor":[68,68,68,78,78,78,78,78,78,78,78,78,78,78,78,78,78,78,78,78],"card_choices":[{"not_picked":["Panache","Magnetism"],"picked":"Apotheosis","floor":0},{"not_picked":["Static Discharge","Leap"],"picked":"Compile Driver","floor":1},{"not_picked":["Loop","Redo"],"picked":"Fusion","floor":2},{"not_picked":["Aggregate","Steam"],"picked":"Reinforced Body","floor":3},{"not_picked":["Go for the Eyes","Stack"],"picked":"Sunder","floor":5},{"not_picked":["Stack","Rebound","Lockon"],"picked":"SKIP","floor":7},{"not_picked":["Beam Cell","Gash","Rebound"],"picked":"SKIP","floor":10},{"not_picked":["Streamline","Blizzard"],"picked":"Conserve Battery","floor":12},{"not_picked":["Leap","Auto Shields","Streamline"],"picked":"SKIP","floor":13},{"not_picked":["Leap","Auto Shields","Streamline"],"picked":"SKIP","floor":13},{"not_picked":["Go for the Eyes","Gash","Rebound"],"picked":"SKIP","floor":14},{"not_picked":["Reboot","Seek"],"picked":"Echo Form","floor":16},{"not_picked":["Leap","Rip and Tear","Steam"],"picked":"SKIP","floor":18}],"player_experience":407261,"relics_obtained":[{"floor":10,"key":"Juzu Bracelet"}],"event_choices":[{"damage_healed":0,"gold_gain":0,"player_choice":"Success","damage_taken":42,"relics_obtained":["Pear"],"max_hp_gain":0,"max_hp_loss":0,"event_name":"Scrap Ooze","floor":4,"gold_loss":0}],"is_beta":false,"boss_relics":[{"not_picked":["Busted Crown","SacredBark"],"picked":"FrozenCore"}],"items_purged_floors":[],"is_endless":false,"potions_floor_spawned":[1,3,10,12,14,18],"killed_by":"Spheric Guardian","ascension_level":12}}