{"host":"15dd7v8o90xso62x","time":1609324789,"event":{"mods":["BaseMod","Minty Spire (QoL Compilation)","Quick Restart","StSLib","SuperFastMode"],"gold_per_floor":[111,161,173,189,215,215,249,260,284,295,320,353,353,382,382,469,519,536,217,231,249,149,149,189,31,31,31,31],"floor_reached":27,"playtime":948,"items_purged":["Strike_P","Defend_P"],"score":506,"play_id":"0a9a3457-8539-405d-836f-0426f993d448","local_time":"20201230193949","is_ascension_mode":true,"campfire_choices":[{"data":"Eruption","floor":6.0,"key":"SMITH"},{"data":"TalkToTheHand","floor":13.0,"key":"SMITH"},{"floor":15.0,"key":"REST"},{"floor":23.0,"key":"REST"}],"circlet_count":0,"master_deck":["AscendersBane","Strike_P","Strike_P","Strike_P","Defend_P","Defend_P","Eruption+1","Vigilance","Protect","CrushJoints","Halt","Brilliance+1","Consecrate","ClearTheMind","TalkToTheHand+1","Judgement","Apotheosis","Tantrum","WheelKick"],"relics":["PureWater","Happy Flower","Lizard Tail","CeramicFish","Turnip","Regal Pillow","Tiny House","Tiny Chest","Membership Card","Letter Opener"],"acts_visited":["Exordium","TheCity"],"potions_floor_usage":[],"damage_taken":[{"damage":0.0,"enemies":"Jaw Worm","floor":1.0,"turns":3.0},{"damage":0.0,"enemies":"Cultist","floor":3.0,"turns":2.0},{"damage":0.0,"enemies":"2 Louse","floor":4.0,"turns":2.0},{"damage":12.0,"enemies":"Lagavulin","floor":7.0,"turns":5.0},{"damage":0.0,"enemies":"Red Slaver","floor":8.0,"turns":1.0},{"damage":10.0,"enemies":"Lots of Slimes","floor":10.0,"turns":4.0},{"damage":12.0,"enemies":"Exordium Thugs","floor":11.0,"turns":4.0},{"damage":13.0,"enemies":"3 Sentries","floor":12.0,"turns":6.0},{"damage":7.0,"enemies":"Lagavulin","floor":14.0,"turns":8.0},{"damage":26.0,"enemies":"The Guardian","floor":16.0,"turns":17.0},{"damage":6.0,"enemies":"3 Byrds","floor":18.0,"turns":4.0},{"damage":36.0,"enemies":"Shell Parasite","floor":20.0,"turns":4.0},{"damage":16.0,"enemies":"Centurion and Healer","floor":21.0,"turns":5.0},{"damage":65.0,"enemies":"Gremlin Leader","floor":24.0,"turns":6.0},{"damage":0,"enemies":"Shelled Parasite and Fungi","floor":27,"turns":1}],"seed_played":"-741435602752235003","potions_obtained":[{"floor":1.0,"key":"LiquidBronze"},{"floor":7.0,"key":"Fire Potion"},{"floor":11.0,"key":"ColorlessPotion"},{"floor":12.0,"key":"Explosive Potion"},{"floor":17.0,"key":"SmokeBomb"},{"floor":18.0,"key":"Regen Potion"},{"floor":21.0,"key":"BottledMiracle"}],"is_trial":false,"path_per_floor":["M","?","M","M","T","R","E","M","T","M","M","E","R","E","R","B",null,"M","$","M","M","$","R","E","$","T","M"],"character_chosen":"WATCHER","items_purchased":["Apotheosis","Tantrum","Membership Card"],"campfire_rested":2,"item_purchase_floors":[19,19,25],"current_hp_per_floor":[61,61,61,61,61,61,49,49,49,39,27,14,14,7,42,16,60,54,54,18,16,16,52,36,36,36,36,36],"gold":31,"neow_bonus":"TRANSFORM_CARD","is_daily":false,"chose_seed":false,"campfire_upgraded":2,"win_rate":0.0,"timestamp":1609324789,"path_taken":["M","?","M","?","?","R","E","M","T","?","M","E","R","E","R","BOSS","M","$","?","M","$","R","E","$","T","M"],"items_purchased_type":["Card","Card","Relic"],"build_version":"2020-12-22","purchased_purges":2,"victory":false,"max_hp_per_floor":[68,68,68,68,68,68,68,68,68,68,68,68,68,68,68,68,73,73,73,73,73,73,73,73,73,73,73,73],"card_choices":[{"not_picked":["Wireheading","Evaluate"],"picked":"CrushJoints","floor":1.0},{"not_picked":["Worship","Perseverance"],"picked":"Halt","floor":3.0},{"not_picked":["Crescendo","BowlingBash"],"picked":"Brilliance","floor":4.0},{"not_picked":["Study","FlurryOfBlows"],"picked":"Consecrate","floor":7.0},{"not_picked":["Sanctity","Crescendo"],"picked":"ClearTheMind","floor":8.0},{"not_picked":["Fasting2","ThirdEye","Sanctity"],"picked":"SKIP","floor":10.0},{"not_picked":["Halt","FlurryOfBlows"],"picked":"TalkToTheHand","floor":11.0},{"not_picked":["EmptyMind","Halt","Meditate"],"picked":"SKIP","floor":12.0},{"not_picked":["WindmillStrike","Wallop","Fasting2"],"picked":"SKIP","floor":14.0},{"not_picked":["Blasphemy","Establishment"],"picked":"Judgement","floor":16.0},{"not_picked":["FlyingSleeves","Conclude","SashWhip"],"picked":"SKIP","floor":18.0},{"not_picked":["EmptyFist","ThirdEye+1","Vengeance"],"picked":"SKIP","floor":20.0},{"not_picked":["EmptyMind","Wireheading","JustLucky"],"picked":"SKIP","floor":21.0},{"not_picked":["PathToVictory","CutThroughFate"],"picked":"WheelKick","floor":24.0}],"player_experience":967237,"relics_obtained":[{"floor":5.0,"key":"Happy Flower"},{"floor":7.0,"key":"Lizard Tail"},{"floor":9.0,"key":"CeramicFish"},{"floor":12.0,"key":"Turnip"},{"floor":14.0,"key":"Regal Pillow"},{"floor":24.0,"key":"Tiny Chest"},{"floor":26.0,"key":"Letter Opener"}],"event_choices":[{"damage_healed":0.0,"max_hp_gain":0.0,"max_hp_loss":0.0,"gold_gain":50.0,"event_name":"Golden Shrine","player_choice":"Pray","floor":2.0,"gold_loss":0.0,"damage_taken":0.0}],"is_beta":false,"boss_relics":[{"not_picked":["Philosopher\u0027s Stone","Fusion Hammer"],"picked":"Tiny House"}],"items_purged_floors":[19,22],"is_endless":false,"potions_floor_spawned":[1,7,11,12,18,21],"killed_by":"Shelled Parasite and Fungi","ascension_level":20}}