{"host":"31s8hzukbhz1k6i6","time":1609345727,"event":{"mods":["AchievementEnabler","BaseMod","Colored Map","Filter the Spire","Minty Spire (QoL Compilation)","Relic Stats","UnlockEverythingMod","ojb\u0027s Info Mod"],"gold_per_floor":[111,128,128,53,128,160,217,244,244,272,288,301,301,317,317,418,418,431,431,341,157,171,196,196,231,231,249,275,287,324,348,348,457,457,476,505,528,54,54,54,89,101,137,149,182,203,259,291,303,315,327,339,54,88,88],"floor_reached":56,"playtime":2731,"items_purged":["Strike_R","Strike_R+1"],"score":2370,"play_id":"bbad3612-887f-4efa-9df3-311ad0a2e848","local_time":"20201230082847","is_ascension_mode":true,"campfire_choices":[{"data":"Immolate","floor":13.0,"key":"SMITH"},{"data":"Bash","floor":15.0,"key":"SMITH"},{"data":"Juggernaut","floor":24.0,"key":"SMITH"},{"data":"Metallicize","floor":32.0,"key":"SMITH"},{"data":"Feel No Pain","floor":40.0,"key":"SMITH"},{"data":"Impervious","floor":42.0,"key":"SMITH"},{"floor":49.0,"key":"RECALL"},{"data":"Disarm","floor":52.0,"key":"SMITH"}],"circlet_count":0,"master_deck":["AscendersBane","Defend_R+1","Defend_R+1","Defend_R+1","Defend_R+1","Immolate+1","Burning Pact+1","Corruption","Shrug It Off","Intimidate","Impervious+1","Juggernaut+1","Dark Embrace","Dark Embrace","Shrug It Off","Disarm+1","Armaments+1","Uppercut+1","Metallicize+1","Barricade","Shockwave+1","Entrench+1","Feel No Pain+1","Corruption","Shrug It Off","Body Slam+1","Blood for Blood","True Grit+1","Disarm","Sentinel"],"relics":["Burning Blood","Ice Cream","Gremlin Horn","Mummified Hand","Lizard Tail","Toy Ornithopter","Snecko Eye","Nunchaku","Centennial Puzzle","Red Skull","CeramicFish","MealTicket","Runic Dome","HornCleat","DollysMirror","MawBank","Regal Pillow","Bag of Preparation","ClockworkSouvenir","Pear"],"acts_visited":["Exordium","TheCity","TheBeyond","TheEnding"],"potions_floor_usage":[55,55,55],"damage_taken":[{"damage":4.0,"enemies":"Small Slimes","floor":1.0,"turns":2.0},{"damage":1.0,"enemies":"Cultist","floor":2.0,"turns":3.0},{"damage":38.0,"enemies":"Gremlin Nob","floor":6.0,"turns":5.0},{"damage":22.0,"enemies":"3 Sentries","floor":7.0,"turns":3.0},{"damage":18.0,"enemies":"Lagavulin","floor":8.0,"turns":7.0},{"damage":34.0,"enemies":"Gremlin Nob","floor":10.0,"turns":5.0},{"damage":0.0,"enemies":"2 Louse","floor":11.0,"turns":3.0},{"damage":0.0,"enemies":"Large Slime","floor":12.0,"turns":4.0},{"damage":0.0,"enemies":"Exordium Wildlife","floor":14.0,"turns":3.0},{"damage":5.0,"enemies":"Slime Boss","floor":16.0,"turns":9.0},{"damage":0.0,"enemies":"Spheric Guardian","floor":18.0,"turns":3.0},{"damage":0.0,"enemies":"2 Thieves","floor":22.0,"turns":2.0},{"damage":0.0,"enemies":"Gremlin Leader","floor":23.0,"turns":3.0},{"damage":2.0,"enemies":"Book of Stabbing","floor":25.0,"turns":4.0},{"damage":0.0,"enemies":"Chosen and Byrds","floor":27.0,"turns":2.0},{"damage":0.0,"enemies":"Gremlin Leader","floor":28.0,"turns":3.0},{"damage":1.0,"enemies":"Snake Plant","floor":29.0,"turns":2.0},{"damage":0.0,"enemies":"Book of Stabbing","floor":30.0,"turns":4.0},{"damage":2.0,"enemies":"Centurion and Healer","floor":31.0,"turns":2.0},{"damage":0.0,"enemies":"Collector","floor":33.0,"turns":4.0},{"damage":0.0,"enemies":"3 Shapes","floor":35.0,"turns":2.0},{"damage":0.0,"enemies":"3 Darklings","floor":36.0,"turns":2.0},{"damage":0.0,"enemies":"4 Shapes","floor":37.0,"turns":2.0},{"damage":0.0,"enemies":"Reptomancer","floor":41.0,"turns":3.0},{"damage":0.0,"enemies":"Maw","floor":45.0,"turns":7.0},{"damage":0.0,"enemies":"Giant Head","floor":47.0,"turns":3.0},{"damage":0.0,"enemies":"Writhing Mass","floor":48.0,"turns":2.0},{"damage":0.0,"enemies":"Donu and Deca","floor":50.0,"turns":3.0},{"damage":0.0,"enemies":"Shield and Spear","floor":54.0,"turns":3.0},{"damage":0,"enemies":"The Heart","floor":55,"turns":4}],"seed_played":"979018737776416440","potions_obtained":[{"floor":1.0,"key":"BlessingOfTheForge"},{"floor":7.0,"key":"Block Potion"},{"floor":10.0,"key":"LiquidMemories"},{"floor":12.0,"key":"BloodPotion"},{"floor":16.0,"key":"BlessingOfTheForge"},{"floor":22.0,"key":"Strength Potion"},{"floor":25.0,"key":"SteroidPotion"},{"floor":35.0,"key":"LiquidBronze"},{"floor":48.0,"key":"Dexterity Potion"}],"is_trial":false,"path_per_floor":["M","M","?","$","?","E","?","E","T","E","M","M","R","M","R","B",null,"M","?","?","$","M","E","R","E","T","M","E","M","E","M","R","B",null,"M","M","M","$","?","R","E","R","T","?","M","?","E","M","R","B",null,"R","$","E","B",null],"character_chosen":"IRONCLAD","items_purchased":["Dark Embrace","Shrug It Off","Feel No Pain","HornCleat","DollysMirror","Shrug It Off","Bag of Preparation","ClockworkSouvenir"],"campfire_rested":0,"item_purchase_floors":[21,21,38,38,38,38,53,53],"current_hp_per_floor":[74,79,79,79,68,36,20,8,8,21,27,33,33,39,39,45,71,77,77,77,77,80,80,80,80,80,80,80,80,80,80,80,80,80,80,80,80,80,80,80,80,80,80,76,76,76,76,76,76,76,76,76,76,86,86],"gold":88,"neow_bonus":"ONE_RANDOM_RARE_CARD","is_daily":false,"chose_seed":false,"campfire_upgraded":7,"win_rate":0.0,"timestamp":1609345727,"path_taken":["M","M","?","?","?","E","?","E","T","E","M","M","R","M","R","BOSS","M","?","?","$","M","E","R","E","T","M","E","M","E","M","R","BOSS","M","?","M","?","?","R","E","R","T","?","M","?","E","?","R","BOSS","R","$","E","BOSS"],"items_purchased_type":["Card","Card","Card","Relic","Relic","Card","Relic","Relic"],"build_version":"2020-12-22","purchased_purges":2,"victory":true,"max_hp_per_floor":[80,80,80,80,80,80,80,80,80,80,80,80,80,80,80,80,80,80,80,80,80,80,80,80,80,80,80,80,80,80,80,80,80,80,80,80,80,80,80,80,80,80,80,76,76,76,76,76,76,76,76,76,76,86,86],"relic_stats":{"Regal Pillow":0,"Gremlin Horn":[15,20],"counters":[30,104],"CeramicFish":117,"Bag of Preparation":[4],"MawBank":144,"Burning Blood":74,"Lizard Tail":40,"Nunchaku":[7],"Centennial Puzzle":[6],"Mummified Hand":[164],"Snecko Eye":[167,162,139,162],"MealTicket":0,"obtain_stats":[{"Ice Cream":6,"Regal Pillow":47,"Pear":54,"Gremlin Horn":7,"CeramicFish":28,"Bag of Preparation":53,"MawBank":41,"Burning Blood":0,"ClockworkSouvenir":53,"Runic Dome":34,"Lizard Tail":9,"Nunchaku":23,"Centennial Puzzle":25,"HornCleat":38,"Mummified Hand":8,"DollysMirror":38,"Snecko Eye":17,"MealTicket":30,"Toy Ornithopter":10,"Red Skull":26},{"Ice Cream":3,"Regal Pillow":26,"Pear":29,"Gremlin Horn":4,"CeramicFish":16,"Bag of Preparation":28,"MawBank":24,"Burning Blood":0,"ClockworkSouvenir":28,"Runic Dome":20,"Lizard Tail":5,"Nunchaku":13,"Centennial Puzzle":14,"HornCleat":23,"Mummified Hand":5,"DollysMirror":23,"Snecko Eye":10,"MealTicket":18,"Toy Ornithopter":6,"Red Skull":14},{"Ice Cream":10,"Regal Pillow":92,"Pear":100,"Gremlin Horn":13,"CeramicFish":61,"Bag of Preparation":97,"MawBank":82,"Burning Blood":0,"ClockworkSouvenir":97,"Runic Dome":73,"Lizard Tail":20,"Nunchaku":52,"Centennial Puzzle":56,"HornCleat":79,"Mummified Hand":20,"DollysMirror":79,"Snecko Eye":44,"MealTicket":67,"Toy Ornithopter":25,"Red Skull":56}],"Toy Ornithopter":5},"card_choices":[{"not_picked":["Pummel","Clothesline"],"picked":"Burning Pact","floor":1.0},{"not_picked":["Iron Wave","Inflame","Sever Soul"],"picked":"SKIP","floor":2.0},{"not_picked":["Second Wind","Iron Wave"],"picked":"Corruption","floor":6.0},{"not_picked":["Havoc","True Grit"],"picked":"Shrug It Off","floor":7.0},{"not_picked":["Carnage","Clothesline"],"picked":"Intimidate","floor":8.0},{"not_picked":["Thunderclap","Cleave"],"picked":"Impervious","floor":10.0},{"not_picked":["Sword Boomerang","Wild Strike","Body Slam"],"picked":"SKIP","floor":11.0},{"not_picked":["Perfected Strike","Sword Boomerang","Warcry"],"picked":"SKIP","floor":12.0},{"not_picked":["Second Wind","Thunderclap","Inflame"],"picked":"SKIP","floor":14.0},{"not_picked":["Impervious","Feed"],"picked":"Juggernaut","floor":16.0},{"not_picked":["Twin Strike","Inflame"],"picked":"Dark Embrace","floor":18.0},{"not_picked":["Burning Pact","Armaments","Pommel Strike+1"],"picked":"SKIP","floor":22.0},{"not_picked":["Clothesline+1","Heavy Blade"],"picked":"Disarm","floor":23.0},{"not_picked":["Reckless Charge","Sword Boomerang","Blood for Blood"],"picked":"SKIP","floor":25.0},{"not_picked":["Twin Strike","Iron Wave+1"],"picked":"Armaments+1","floor":27.0},{"not_picked":["Combust","Dual Wield","Evolve"],"picked":"SKIP","floor":28.0},{"not_picked":["Dark Embrace","Perfected Strike","Armaments"],"picked":"SKIP","floor":29.0},{"not_picked":["Inflame","Clothesline+1"],"picked":"Uppercut+1","floor":30.0},{"not_picked":["Whirlwind","Fiend Fire"],"picked":"Metallicize","floor":31.0},{"not_picked":["Reaper","Exhume"],"picked":"Barricade","floor":33.0},{"not_picked":["Flex+1","Sever Soul+1","Inflame"],"picked":"SKIP","floor":35.0},{"not_picked":["Fire Breathing","Twin Strike+1"],"picked":"Shockwave+1","floor":36.0},{"not_picked":["Headbutt","Metallicize"],"picked":"Entrench+1","floor":37.0},{"not_picked":["Headbutt+1","Clash","Pommel Strike"],"picked":"SKIP","floor":41.0},{"not_picked":["Havoc","Flame Barrier+1"],"picked":"Body Slam+1","floor":45.0},{"not_picked":["Burning Pact","Double Tap"],"picked":"True Grit+1","floor":47.0},{"not_picked":["True Grit","Havoc"],"picked":"Disarm","floor":48.0},{"not_picked":["Pummel+1","Twin Strike+1"],"picked":"Sentinel","floor":54.0}],"player_experience":92232,"relics_obtained":[{"floor":6.0,"key":"Ice Cream"},{"floor":7.0,"key":"Gremlin Horn"},{"floor":8.0,"key":"Mummified Hand"},{"floor":9.0,"key":"Lizard Tail"},{"floor":10.0,"key":"Toy Ornithopter"},{"floor":23.0,"key":"Nunchaku"},{"floor":25.0,"key":"Centennial Puzzle"},{"floor":26.0,"key":"Red Skull"},{"floor":28.0,"key":"CeramicFish"},{"floor":30.0,"key":"MealTicket"},{"floor":41.0,"key":"MawBank"},{"floor":47.0,"key":"Regal Pillow"},{"floor":54.0,"key":"Pear"}],"event_choices":[{"cards_removed":["Strike_R"],"damage_healed":0.0,"max_hp_gain":0.0,"max_hp_loss":0.0,"gold_gain":0.0,"event_name":"Bonfire Elementals","player_choice":"Offered Basic","floor":3.0,"gold_loss":0.0,"damage_taken":0.0},{"damage_healed":0.0,"max_hp_gain":0.0,"max_hp_loss":0.0,"gold_gain":75.0,"event_name":"World of Goop","player_choice":"Gather Gold","floor":5.0,"gold_loss":0.0,"damage_taken":11.0},{"damage_healed":0.0,"max_hp_gain":0.0,"max_hp_loss":0.0,"gold_gain":0.0,"event_name":"Dead Adventurer","player_choice":"Searched \u00271\u0027 times","floor":7.0,"gold_loss":0.0,"damage_taken":0.0},{"damage_healed":0.0,"max_hp_gain":0.0,"max_hp_loss":0.0,"gold_gain":0.0,"event_name":"Back to Basics","player_choice":"Simplicity","floor":19.0,"gold_loss":0.0,"damage_taken":0.0,"cards_upgraded":["Strike_R","Strike_R","Strike_R","Defend_R","Defend_R","Defend_R","Defend_R"]},{"cards_removed":["Strike_R"],"damage_healed":0.0,"max_hp_gain":0.0,"max_hp_loss":0.0,"gold_gain":0.0,"event_name":"Designer","player_choice":"Upgrade and Remove","floor":20.0,"gold_loss":90.0,"damage_taken":0.0,"cards_upgraded":["Burning Pact"]},{"cards_removed":["Bash"],"damage_healed":0.0,"max_hp_gain":0.0,"max_hp_loss":0.0,"gold_gain":0.0,"event_name":"Falling","player_choice":"Removed Attack","floor":39.0,"gold_loss":0.0,"damage_taken":0.0},{"damage_healed":0.0,"max_hp_gain":0.0,"max_hp_loss":4.0,"gold_gain":0.0,"event_name":"Winding Halls","player_choice":"Max HP","floor":44.0,"gold_loss":0.0,"damage_taken":0.0},{"damage_healed":0.0,"max_hp_gain":0.0,"max_hp_loss":0.0,"gold_gain":0.0,"cards_transformed":["Strike_R"],"event_name":"Transmorgrifier","player_choice":"Transformed","floor":46.0,"gold_loss":0.0,"damage_taken":0.0,"cards_obtained":["Blood for Blood"]}],"is_beta":false,"boss_relics":[{"not_picked":["Black Blood","Empty Cage"],"picked":"Snecko Eye"},{"not_picked":["SacredBark","Calling Bell"],"picked":"Runic Dome"}],"items_purged_floors":[4,21],"is_endless":false,"potions_floor_spawned":[1,7,10,12,16,22,25,30,31,33,35,41,45,48],"ascension_level":10}}