{"host":"9n6i2vl93jt4o42q","time":1609364685,"event":{"mods":["BaseMod","Minty Spire (QoL Compilation)","Relic Stats"],"gold_per_floor":[117,137,7,7,25,25,57,57,81,96,110,120,180,190,190,190,190],"floor_reached":16,"playtime":2255,"items_purged":[],"score":207,"play_id":"7651b9f9-711c-40e7-a843-032cf5dee5d1","local_time":"20201230224445","is_ascension_mode":true,"campfire_choices":[{"data":"Hyperbeam","floor":6.0,"key":"SMITH"},{"data":"Hologram","floor":8,"key":"SMITH"},{"floor":15,"key":"REST"}],"circlet_count":0,"master_deck":["AscendersBane","Strike_B","Strike_B","Strike_B","Strike_B","Defend_B","Defend_B","Defend_B","Defend_B","Zap","Dualcast","Hyperbeam+1","Hello World","Beam Cell","Melter","Turbo","Compile Driver","Hologram+1","Coolheaded","Reboot","Rebound","Compile Driver","Stack"],"relics":["Cracked Core","SsserpentHead","Bag of Marbles","Oddly Smooth Stone"],"acts_visited":["Exordium"],"potions_floor_usage":[],"damage_taken":[{"damage":2.0,"enemies":"Jaw Worm","floor":1.0,"turns":3.0},{"damage":0.0,"enemies":"Cultist","floor":2.0,"turns":2.0},{"damage":0.0,"enemies":"2 Louse","floor":5.0,"turns":1.0},{"damage":10,"enemies":"3 Sentries","floor":7,"turns":3},{"damage":0,"enemies":"Blue Slaver","floor":10,"turns":1},{"damage":0,"enemies":"3 Louse","floor":11,"turns":1},{"damage":0,"enemies":"2 Fungi Beasts","floor":12,"turns":1},{"damage":22,"enemies":"Exordium Thugs","floor":13,"turns":4},{"damage":0,"enemies":"Exordium Wildlife","floor":14,"turns":1},{"damage":52,"enemies":"The Guardian","floor":16,"turns":7}],"seed_played":"-829655697574489648","potions_obtained":[{"floor":5.0,"key":"FocusPotion"},{"floor":7,"key":"DuplicationPotion"},{"floor":11,"key":"PowerPotion"}],"is_trial":false,"path_per_floor":["M","M","$","?","M","R","E","R","T","M","M","M","M","M","R","B"],"character_chosen":"DEFECT","items_purchased":["Melter","Turbo"],"campfire_rested":1,"item_purchase_floors":[3,3],"current_hp_per_floor":[62,62,62,62,62,62,52,52,52,52,52,52,30,30,49,0,0],"gold":190,"neow_bonus":"THREE_RARE_CARDS","is_daily":false,"chose_seed":false,"campfire_upgraded":2,"win_rate":0.0,"timestamp":1609364685,"path_taken":["M","M","$","?","M","R","E","R","T","M","M","M","?","M","R","BOSS"],"items_purchased_type":["Card","Card"],"build_version":"2020-12-22","purchased_purges":0,"victory":false,"max_hp_per_floor":[64,64,64,64,64,64,64,64,64,64,64,64,64,64,64,64,64],"relic_stats":{"SsserpentHead":50,"counters":[10,24],"obtain_stats":[{"SsserpentHead":4,"Oddly Smooth Stone":9,"Bag of Marbles":7,"Cracked Core":0},{"SsserpentHead":2,"Oddly Smooth Stone":4,"Bag of Marbles":4,"Cracked Core":0},{"SsserpentHead":5,"Oddly Smooth Stone":9,"Bag of Marbles":9,"Cracked Core":0}]},"card_choices":[{"not_picked":["Echo Form","Fission"],"picked":"Hyperbeam","floor":0.0},{"not_picked":["Stack","Ball Lightning"],"picked":"Hello World","floor":1.0},{"not_picked":["Aggregate","Redo"],"picked":"Beam Cell","floor":2.0},{"not_picked":["Turbo","Rip and Tear"],"picked":"Compile Driver","floor":5.0},{"not_picked":["Stack","Loop"],"picked":"Hologram","floor":7},{"not_picked":["Fusion","Compile Driver"],"picked":"Coolheaded","floor":10},{"not_picked":["Streamline","Scrape"],"picked":"Reboot","floor":11},{"not_picked":["Beam Cell","Genetic Algorithm"],"picked":"Rebound","floor":12},{"not_picked":["Force Field","Leap"],"picked":"Compile Driver","floor":13},{"not_picked":["Redo","Barrage"],"picked":"Stack","floor":14}],"player_experience":1988949,"relics_obtained":[{"floor":7,"key":"Bag of Marbles"},{"floor":9,"key":"Oddly Smooth Stone"}],"event_choices":[{"damage_healed":0.0,"max_hp_gain":0.0,"max_hp_loss":0.0,"gold_gain":0.0,"event_name":"FaceTrader","player_choice":"Trade","floor":4.0,"gold_loss":0.0,"damage_taken":0.0,"relics_obtained":["SsserpentHead"]}],"is_beta":false,"boss_relics":[],"items_purged_floors":[],"is_endless":false,"potions_floor_spawned":[5,7,11,12],"killed_by":"The Guardian","ascension_level":19}}