{"host":"sc0o2qwpf9j16a4i","time":1609336373,"event":{"mods":["AchievementEnabler","BaseMod","BetterRewards","Block Reminder","Colored Map","Colored Powertips","Custom Start","Highlight Path","Minty Spire (QoL Compilation)","Relic Stats"],"gold_per_floor":[114,134,145,220,67,67,96,96,96,96,129,140,153,179,179,253,253,270,185,13,28,77,77,88,64,138,158,158,33,63,78,78,152,152,169,169,195,214,224,224,224],"floor_reached":40,"playtime":1071,"items_purged":["Strike_B","Strike_B","Strike_B"],"score":1502,"play_id":"f81eb1fa-55d1-46b7-ae16-d8142f999f14","local_time":"20201230155253","is_ascension_mode":true,"campfire_choices":[{"data":"Defragment","floor":6,"key":"SMITH"},{"data":"Rip and Tear","floor":8,"key":"SMITH"},{"data":"Beam Cell","floor":15,"key":"SMITH"},{"data":"Biased Cognition","floor":23,"key":"SMITH"},{"data":"Loop","floor":28,"key":"SMITH"},{"data":"Coolheaded","floor":32,"key":"SMITH"}],"circlet_count":0,"master_deck":["AscendersBane","Defend_B","Defend_B","Defend_B","Defend_B","Zap","Dualcast","Self Repair","Coolheaded","Defragment+1","FTL","Ball Lightning","Rip and Tear+1","Cold Snap","Beam Cell+1","Biased Cognition+1","Sweeping Beam+1","Coolheaded+1","Compile Driver","Turbo","Loop+1","Doom and Gloom","Seek","Glacier","Stack"],"relics":["Cracked Core","DataDisk","Orichalcum","CaptainsWheel","Ornamental Fan","Tiny Chest","Calipers","Runic Pyramid","Pen Nib","Happy Flower","Anchor","Pantograph","Matryoshka","Sozu","InkBottle"],"acts_visited":["Exordium","TheCity","TheBeyond"],"potions_floor_usage":[11,16,21,33],"damage_taken":[{"damage":6,"enemies":"2 Louse","floor":1,"turns":3},{"damage":0,"enemies":"Small Slimes","floor":2,"turns":3},{"damage":2,"enemies":"Jaw Worm","floor":3,"turns":4},{"damage":12,"enemies":"Lagavulin","floor":7,"turns":5},{"damage":0,"enemies":"Gremlin Nob","floor":11,"turns":3},{"damage":16,"enemies":"Exordium Thugs","floor":12,"turns":6},{"damage":2,"enemies":"Blue Slaver","floor":13,"turns":3},{"damage":0,"enemies":"Lagavulin","floor":14,"turns":5},{"damage":0,"enemies":"Slime Boss","floor":16,"turns":7},{"damage":0,"enemies":"Spheric Guardian","floor":18,"turns":4},{"damage":11,"enemies":"2 Thieves","floor":21,"turns":3},{"damage":0,"enemies":"3 Cultists","floor":24,"turns":4},{"damage":0,"enemies":"Shelled Parasite and Fungi","floor":27,"turns":4},{"damage":9,"enemies":"Gremlin Leader","floor":30,"turns":5},{"damage":4,"enemies":"Snake Plant","floor":31,"turns":3},{"damage":0,"enemies":"Champ","floor":33,"turns":9},{"damage":17,"enemies":"3 Darklings","floor":35,"turns":4},{"damage":2,"enemies":"Orb Walker","floor":38,"turns":3},{"damage":27,"enemies":"3 Darklings","floor":39,"turns":4},{"damage":0,"enemies":"Nemesis","floor":40,"turns":1}],"seed_played":"-8755351194803268248","potions_obtained":[{"floor":3,"key":"Swift Potion"},{"floor":7,"key":"Weak Potion"},{"floor":12,"key":"GamblersBrew"},{"floor":14,"key":"AttackPotion"},{"floor":16,"key":"Swift Potion"},{"floor":18,"key":"LiquidBronze"},{"floor":21,"key":"Weak Potion"},{"floor":30,"key":"BlessingOfTheForge"},{"floor":31,"key":"FocusPotion"}],"is_trial":false,"path_per_floor":["M","M","M","?","$","R","E","R","T","?","E","M","M","E","R","B",null,"M","?","$","M","T","R","M","$","T","M","R","$","E","M","R","B",null,"M","$","T","M","M","E"],"character_chosen":"DEFECT","items_purchased":["DataDisk","Self Repair","Orichalcum","Ball Lightning","Happy Flower","Turbo"],"campfire_rested":0,"item_purchase_floors":[0,0,0,5,20,25],"current_hp_per_floor":[50,57,62,51,51,51,46,46,46,39,46,37,42,49,49,56,67,71,71,71,67,67,67,71,71,71,71,71,71,69,65,65,71,71,61,61,61,66,46,46,46],"gold":224,"neow_bonus":"","is_daily":false,"chose_seed":false,"campfire_upgraded":6,"win_rate":0.0,"timestamp":1609336373,"path_taken":["M","M","M","?","$","R","E","R","T","?","E","M","M","E","R","BOSS","M","?","$","M","?","R","?","$","T","M","R","$","E","M","R","BOSS","M","$","?","M","?","E"],"items_purchased_type":["Relic","Card","Relic","Card","Relic","Card"],"build_version":"2020-12-22","purchased_purges":3,"victory":false,"max_hp_per_floor":[71,71,71,71,71,71,71,71,71,71,71,71,71,71,71,71,71,71,71,71,71,71,71,71,71,71,71,71,71,71,71,71,71,71,71,71,71,71,71,71,71],"relic_stats":{"Sozu":0,"Happy Flower":[13],"counters":[32,142],"Ornamental Fan":[80],"Pantograph":6,"Tiny Chest":1,"Pen Nib":[7],"Orichalcum":[138],"obtain_stats":[{"Calipers":23,"Happy Flower":20,"Vajra":4,"Pen Nib":19,"Orichalcum":0,"Ancient Tea Set":22,"Sozu":34,"DataDisk":9,"Bottled Flame":26,"CaptainsWheel":7,"Anchor":22,"Matryoshka":10,"Sundial":7,"Ornamental Fan":9,"Pantograph":26,"Tiny Chest":11,"Cracked Core":0,"Symbiotic Virus":26,"InkBottle":37,"Runic Pyramid":17},{"Calipers":11,"Happy Flower":22,"Vajra":2,"Pen Nib":22,"Orichalcum":12,"Ancient Tea Set":10,"Sozu":28,"DataDisk":3,"Bottled Flame":11,"CaptainsWheel":16,"Anchor":23,"Matryoshka":4,"Sundial":3,"Ornamental Fan":16,"Pantograph":24,"Tiny Chest":17,"Cracked Core":0,"Symbiotic Virus":11,"InkBottle":29,"Runic Pyramid":7},{"Calipers":56,"Happy Flower":103,"Vajra":7,"Pen Nib":103,"Orichalcum":60,"Ancient Tea Set":49,"Sozu":130,"DataDisk":14,"Bottled Flame":56,"CaptainsWheel":75,"Anchor":106,"Matryoshka":18,"Sundial":14,"Ornamental Fan":75,"Pantograph":110,"Tiny Chest":78,"Cracked Core":0,"Symbiotic Virus":56,"InkBottle":134,"Runic Pyramid":30}],"InkBottle":[3]},"card_choices":[{"not_picked":["Redo","Hologram"],"picked":"Coolheaded","floor":1},{"not_picked":["Streamline","Turbo"],"picked":"Defragment","floor":2},{"not_picked":["Aggregate","Rebound"],"picked":"FTL","floor":3},{"not_picked":["Creative AI","Reboot"],"picked":"Rip and Tear","floor":7},{"not_picked":["White Noise","Double Energy"],"picked":"Cold Snap","floor":11},{"not_picked":["Rebound","Steam","Storm"],"picked":"SKIP","floor":12},{"not_picked":["Coolheaded","Hologram","Redo"],"picked":"SKIP","floor":13},{"not_picked":["Rebound","Auto Shields"],"picked":"Beam Cell","floor":14},{"not_picked":["Hyperbeam","Thunder Strike"],"picked":"Biased Cognition","floor":16},{"not_picked":["Gash","Turbo"],"picked":"Sweeping Beam+1","floor":18},{"not_picked":["Go for the Eyes","Sweeping Beam"],"picked":"Coolheaded","floor":21},{"not_picked":["Stack","Rebound"],"picked":"Compile Driver","floor":24},{"not_picked":["Genetic Algorithm","Fusion"],"picked":"Loop","floor":27},{"not_picked":["All For One","Sweeping Beam"],"picked":"Doom and Gloom","floor":30},{"not_picked":["Coolheaded","Leap","Doom and Gloom+1"],"picked":"SKIP","floor":31},{"not_picked":["Multi-Cast","Machine Learning"],"picked":"Seek","floor":33},{"not_picked":["Static Discharge+1","Melter"],"picked":"Glacier","floor":35},{"not_picked":["Rebound","Conserve Battery"],"picked":"Stack","floor":38},{"not_picked":["Beam Cell","Barrage+1","Steam"],"picked":"SKIP","floor":39}],"player_experience":445602,"relics_obtained":[{"floor":7,"key":"CaptainsWheel"},{"floor":9,"key":"Ornamental Fan"},{"floor":11,"key":"Tiny Chest"},{"floor":14,"key":"Calipers"},{"floor":22,"key":"Anchor"},{"floor":26,"key":"Pantograph"},{"floor":30,"key":"Matryoshka"},{"floor":37,"key":"InkBottle"}],"event_choices":[{"damage_healed":0,"gold_gain":75,"player_choice":"Gather Gold","damage_taken":11,"max_hp_gain":0,"max_hp_loss":0,"event_name":"World of Goop","floor":4,"gold_loss":0},{"cards_removed":["Strike_B"],"damage_healed":0,"gold_gain":0,"player_choice":"Card Removal","damage_taken":7,"max_hp_gain":0,"max_hp_loss":0,"event_name":"Golden Wing","floor":10,"gold_loss":0},{"damage_healed":0,"gold_gain":0,"player_choice":"Obtained Relic","damage_taken":0,"relics_obtained":["Pen Nib"],"max_hp_gain":0,"max_hp_loss":0,"event_name":"Addict","floor":19,"gold_loss":85}],"is_beta":false,"boss_relics":[{"not_picked":["FrozenCore","Ectoplasm"],"picked":"Runic Pyramid"},{"not_picked":["Velvet Choker","Tiny House"],"picked":"Sozu"}],"items_purged_floors":[0,5,29],"is_endless":false,"potions_floor_spawned":[3,7,12,14,16,18,21,30,31],"killed_by":"Nemesis","ascension_level":20}}