{"host":"2461dio7vetlq1z3","time":1609366354,"event":{"mods":["2.2 Compatiblity","AchievementEnabler","Aspiration","BaseMod","Better Third Choice","Friendly Minions","Hermit","Minty Spire (QoL Compilation)","Relic Stats","Spicy Shops","StSLib","The Hierophant","Waifu the Spire"],"gold_per_floor":[113,113,126,57,67,67,52,52,99,139,169,169,226,55,55,55,55],"floor_reached":16,"playtime":627,"items_purged":[],"score":102,"play_id":"ab5e83c7-10b2-4335-8205-345912f35151","local_time":"20201230231234","is_ascension_mode":false,"campfire_choices":[{"data":"hierophant:ChurchCoffers","floor":6,"key":"SMITH"},{"data":"hierophant:Glossolalia","floor":8,"key":"SMITH"},{"data":"hierophant:SecretStash","floor":12,"key":"SMITH"},{"data":"Apotheosis","floor":15,"key":"SMITH"}],"circlet_count":0,"master_deck":["hierophant:Strike_Hierophant+1","hierophant:Strike_Hierophant+1","hierophant:Strike_Hierophant","hierophant:Punish","hierophant:Defend_Hierophant","hierophant:Defend_Hierophant","hierophant:Defend_Hierophant","hierophant:Defend_Hierophant","hierophant:ChurchCoffers+1","hierophant:Glossolalia+1","hierophant:Embezzle","hierophant:MorningPrayer","hierophant:Mercenaries","hierophant:SecretStash+1","hierophant:FlamingChariot","hierophant:SolarFlare","hierophant:RepressedViolence","Apotheosis+1"],"relics":["aspiration:FutureDiary","Nunchaku","Whetstone"],"acts_visited":["Exordium"],"potions_floor_usage":[],"damage_taken":[{"damage":6,"enemies":"Jaw Worm","floor":1,"turns":3},{"damage":1,"enemies":"Cultist","floor":3,"turns":4},{"damage":0,"enemies":"2 Louse","floor":5,"turns":4},{"damage":10,"enemies":"Exordium Thugs","floor":7,"turns":5},{"damage":0,"enemies":"Looter","floor":10,"turns":3},{"damage":1,"enemies":"2 Fungi Beasts","floor":11,"turns":4},{"damage":37,"enemies":"3 Sentries","floor":13,"turns":8},{"damage":12,"enemies":"Hexaghost","floor":16,"turns":3}],"seed_played":"-3918605508064812675","potions_obtained":[{"floor":5,"key":"Weak Potion"},{"floor":13,"key":"BlessingOfTheForge"}],"is_trial":false,"path_per_floor":["M","?","M","$","M","R","M","R","T","M","M","R","E","$","R","B"],"character_chosen":"HIEROPHANT","items_purchased":["hierophant:Mercenaries","Apotheosis"],"campfire_rested":0,"item_purchase_floors":[4,14],"current_hp_per_floor":[69,69,68,68,68,68,58,58,58,58,57,57,20,20,20,8,8],"gold":55,"neow_bonus":"BOSS_RELIC","is_daily":false,"chose_seed":false,"campfire_upgraded":4,"win_rate":0.0,"timestamp":1609366354,"path_taken":["M","?","?","?","M","R","M","R","T","M","M","R","E","$","R","BOSS"],"items_purchased_type":["Card","Card"],"build_version":"2020-12-22","purchased_purges":0,"victory":false,"max_hp_per_floor":[75,75,75,75,75,75,75,75,75,75,75,75,75,75,75,75,75],"relic_stats":{"Nunchaku":[2],"counters":[8,34],"Whetstone":["hierophant:Strike_Hierophant","hierophant:Strike_Hierophant"],"obtain_stats":[{"Nunchaku":9,"hierophant:PropheticMaskRelic":0,"Whetstone":13,"aspiration:FutureDiary":0},{"Nunchaku":4,"hierophant:PropheticMaskRelic":0,"Whetstone":7,"aspiration:FutureDiary":0},{"Nunchaku":16,"hierophant:PropheticMaskRelic":0,"Whetstone":31,"aspiration:FutureDiary":0}]},"card_choices":[{"not_picked":["hierophant:SealAway","hierophant:DisplayOfPower"],"picked":"hierophant:Glossolalia","floor":1},{"not_picked":["hierophant:PassingBell","hierophant:Exaltation"],"picked":"hierophant:MorningPrayer","floor":3},{"not_picked":["hierophant:Refuge","hierophant:MorningPrayer"],"picked":"hierophant:SecretStash","floor":5},{"not_picked":["hierophant:ThreeLashes","hierophant:MorningPrayer"],"picked":"hierophant:FlamingChariot","floor":7},{"not_picked":["hierophant:AuricBeam","hierophant:RepressedViolence"],"picked":"hierophant:SolarFlare","floor":10},{"not_picked":["hierophant:FlamingChariot","hierophant:ConvertCurrency"],"picked":"hierophant:RepressedViolence","floor":11},{"not_picked":["hierophant:Anathema","hierophant:Shelter","hierophant:Endure"],"picked":"SKIP","floor":13}],"player_experience":1029683,"relics_obtained":[{"floor":9,"key":"Nunchaku"},{"floor":13,"key":"Whetstone"}],"event_choices":[{"damage_healed":0,"gold_gain":0,"cards_transformed":["hierophant:Strike_Hierophant"],"player_choice":"Transformed","damage_taken":0,"max_hp_gain":0,"max_hp_loss":0,"event_name":"Transmorgrifier","floor":2,"gold_loss":0,"cards_obtained":["hierophant:Embezzle"]}],"is_beta":false,"boss_relics":[],"items_purged_floors":[],"is_endless":false,"potions_floor_spawned":[5,13],"killed_by":"Hexaghost","ascension_level":0}}