{"host":"l60rmjjsfi0fipmi","time":1609371346,"event":{"mods":["BaseMod","Colored Map","DeckTracker","Highlight Path","Minty Spire (QoL Compilation)"],"gold_per_floor":[216,7,7,19,29,54,70,70,149,167,186,196,98,86,86,183,183,203,215,40,40,59,59,94,113,137,12,0,0,0,25,25,25,25],"floor_reached":33,"playtime":4319,"items_purged":["Strike_P","FlurryOfBlows","Protect"],"score":289,"play_id":"0f724407-2a51-46b5-b23a-da736cd1d035","local_time":"20201230183546","is_ascension_mode":false,"campfire_choices":[{"floor":8,"key":"REST"},{"data":"Establishment","floor":15,"key":"SMITH"},{"data":"Protect","floor":23,"key":"SMITH"},{"data":"Blasphemy","floor":30,"key":"SMITH"},{"floor":32,"key":"REST"}],"circlet_count":0,"master_deck":["Defend_P","Defend_P","Defend_P","Defend_P","Eruption","Vigilance","FlyingSleeves","Establishment+1","Crescendo","CarveReality","Protect+1","CarveReality","SandsOfTime+1","FollowUp+1","Halt","Blasphemy+1","FlurryOfBlows+1","Vengeance+1","PathToVictory+1","ClearTheMind","TalkToTheHand+1","Shame","Consecrate+1"],"relics":["PureWater","Peace Pipe","Dream Catcher","Molten Egg 2","Astrolabe","MealTicket","Oddly Smooth Stone","Happy Flower","PreservedInsect"],"acts_visited":["Exordium","TheCity"],"potions_floor_usage":[16,16,24,31,33,33],"damage_taken":[{"damage":0,"enemies":"Cultist","floor":1,"turns":4},{"damage":1,"enemies":"2 Louse","floor":4,"turns":2},{"damage":6,"enemies":"Jaw Worm","floor":5,"turns":3},{"damage":27,"enemies":"3 Sentries","floor":6,"turns":9},{"damage":3,"enemies":"2 Fungi Beasts","floor":7,"turns":5},{"damage":3,"enemies":"3 Louse","floor":10,"turns":2},{"damage":0,"enemies":"Large Slime","floor":11,"turns":4},{"damage":11,"enemies":"Lots of Slimes","floor":12,"turns":5},{"damage":15,"enemies":"Exordium Thugs","floor":14,"turns":4},{"damage":13,"enemies":"The Guardian","floor":16,"turns":5},{"damage":0,"enemies":"Chosen","floor":18,"turns":3},{"damage":18,"enemies":"2 Thieves","floor":19,"turns":4},{"damage":11,"enemies":"Shelled Parasite and Fungi","floor":22,"turns":4},{"damage":15,"enemies":"Book of Stabbing","floor":24,"turns":6},{"damage":10,"enemies":"Centurion and Healer","floor":25,"turns":5},{"damage":43,"enemies":"Slavers","floor":31,"turns":6},{"damage":34,"enemies":"Champ","floor":33,"turns":6}],"seed_played":"-1242153381245937612","potions_obtained":[{"floor":5,"key":"Fire Potion"},{"floor":6,"key":"GamblersBrew"},{"floor":7,"key":"Strength Potion"},{"floor":22,"key":"FearPotion"},{"floor":25,"key":"ColorlessPotion"}],"is_trial":false,"path_per_floor":["M","$","?","M","M","E","M","R","T","M","M","M","$","M","R","B",null,"M","M","$","?","M","R","E","M","T","$","?","$","R","E","R","B"],"character_chosen":"WATCHER","items_purchased":["Establishment","Crescendo","FollowUp+1","DuplicationPotion"],"campfire_rested":2,"item_purchase_floors":[2,2,13,20],"current_hp_per_floor":[72,72,69,68,62,35,32,53,53,50,50,39,39,24,24,11,72,72,54,54,54,43,43,28,18,18,33,33,48,48,5,26,0,0],"gold":25,"neow_bonus":"HUNDRED_GOLD","is_daily":false,"chose_seed":false,"campfire_upgraded":3,"win_rate":0.0,"timestamp":1609371346,"path_taken":["M","$","?","M","M","E","M","R","T","M","M","M","$","M","R","BOSS","M","M","$","?","M","R","E","M","T","$","?","$","R","E","R","BOSS"],"items_purchased_type":["Card","Card","Card","Potion"],"build_version":"2020-12-22","purchased_purges":3,"victory":false,"max_hp_per_floor":[72,72,72,72,72,72,72,72,72,72,72,72,72,72,72,72,72,72,72,72,72,72,72,72,72,72,72,72,72,72,72,72,72,72],"card_choices":[{"not_picked":["Nirvana","Evaluate"],"picked":"FlyingSleeves","floor":1},{"not_picked":["PathToVictory","Crescendo"],"picked":"CarveReality","floor":4},{"not_picked":["EmptyFist","Sanctity"],"picked":"FlurryOfBlows","floor":5},{"not_picked":["Pray","Halt"],"picked":"Protect","floor":6},{"not_picked":["Study","BowlingBash"],"picked":"Protect","floor":7},{"not_picked":["Halt","FlurryOfBlows"],"picked":"CarveReality","floor":8},{"not_picked":["Worship","Crescendo","Collect"],"picked":"SKIP","floor":10},{"not_picked":["FollowUp+1","PathToVictory"],"picked":"SandsOfTime+1","floor":11},{"not_picked":["Prostrate","EmptyBody","BowlingBash+1"],"picked":"SKIP","floor":12},{"not_picked":["Establishment","WheelKick+1"],"picked":"Halt","floor":14},{"not_picked":["Judgement","MasterReality"],"picked":"Blasphemy","floor":16},{"not_picked":["FlurryOfBlows+1","ThirdEye"],"picked":"ClearTheMind","floor":18},{"not_picked":["EmptyBody","Protect"],"picked":"TalkToTheHand+1","floor":19},{"not_picked":["Sanctity","SashWhip+1"],"picked":"Consecrate+1","floor":22},{"not_picked":["LikeWater","PathToVictory+1","DeusExMachina"],"picked":"SKIP","floor":24},{"not_picked":["Worship+1","Nirvana","EmptyBody"],"picked":"SKIP","floor":25},{"not_picked":["EmptyFist+1","Fasting2","JustLucky+1"],"picked":"SKIP","floor":31}],"player_experience":125021,"relics_obtained":[{"floor":6,"key":"Dream Catcher"},{"floor":9,"key":"Molten Egg 2"},{"floor":24,"key":"Oddly Smooth Stone"},{"floor":26,"key":"Happy Flower"},{"floor":31,"key":"PreservedInsect"}],"event_choices":[{"damage_healed":0,"gold_gain":0,"player_choice":"Success","damage_taken":3,"relics_obtained":["Peace Pipe"],"max_hp_gain":0,"max_hp_loss":0,"event_name":"Scrap Ooze","floor":3,"gold_loss":0},{"damage_healed":0,"gold_gain":0,"player_choice":"Stole Relic","damage_taken":0,"relics_obtained":["MealTicket"],"max_hp_gain":0,"max_hp_loss":0,"event_name":"Addict","floor":21,"gold_loss":0,"cards_obtained":["Shame"]},{"damage_healed":0,"gold_gain":0,"player_choice":"Paid Fearfully","damage_taken":0,"max_hp_gain":0,"max_hp_loss":0,"event_name":"Masked Bandits","floor":28,"gold_loss":12}],"is_beta":false,"boss_relics":[{"not_picked":["Black Star","SlaversCollar"],"picked":"Astrolabe"}],"items_purged_floors":[13,20,27],"is_endless":false,"potions_floor_spawned":[5,6,7,22,25],"killed_by":"Champ","ascension_level":0}}