{"host":"ssbj2e5691x5ub3h","time":1609367106,"event":{"mods":["BaseMod","Duelist Mod","Minty Spire (QoL Compilation)","StSLib"],"gold_per_floor":[244,244,264,284,284,317,317,317,367,395,414,158,158,171,171,245,245,260,270,270,270],"floor_reached":20,"playtime":1536,"items_purged":["theDuelist:DarkBug"],"score":366,"play_id":"1d284b46-b9f9-49f6-9ba2-c365c24c4de8","local_time":"20201230202506","is_ascension_mode":true,"campfire_choices":[{"floor":7,"key":"REST"},{"data":"theDuelist:CocoonEvolution","floor":13,"key":"SMITH"},{"data":"theDuelist:MirrorLadybug","floor":15,"key":"SMITH"}],"circlet_count":0,"master_deck":["AscendersBane","theDuelist:CastleWalls","theDuelist:CastleWalls","theDuelist:CrossSwordBeetle","theDuelist:EmpressMantis","theDuelist:InsectKnight","theDuelist:RazorLizard","theDuelist:RazorLizard","theDuelist:Parasite","theDuelist:MirrorLadybug+1","theDuelist:RelinquishedSpider","theDuelist:SpiderWeb+1","theDuelist:CocoonEvolution+1","theDuelist:PetitMoth","theDuelist:SpiderEgg","theDuelist:MagicSparks+1","theDuelist:SpiderWeb","theDuelist:ZefraMetaltron","theDuelist:DrillBug+1"],"relics":["theDuelist:MillenniumPuzzle","theDuelist:CardPoolRelic","theDuelist:CardPoolBasicRelic","theDuelist:BoosterPackPoolRelic","theDuelist:CardPoolAddRelic","theDuelist:CardPoolMinusRelic","theDuelist:CardPoolSaveRelic","theDuelist:CardPoolOptionsRelic","PreservedInsect","Blood Vial","Boot","Art of War","Empty Cage"],"acts_visited":["Exordium","TheCity"],"potions_floor_usage":[10,10,16],"damage_taken":[{"damage":0,"enemies":"Jaw Worm","floor":1,"turns":3},{"damage":0,"enemies":"Cultist","floor":3,"turns":4},{"damage":0,"enemies":"Small Slimes","floor":4,"turns":2},{"damage":31,"enemies":"Lagavulin","floor":6,"turns":6},{"damage":0,"enemies":"Gremlin Nob","floor":10,"turns":2},{"damage":2,"enemies":"2 Fungi Beasts","floor":11,"turns":3},{"damage":0,"enemies":"Lots of Slimes","floor":14,"turns":3},{"damage":21,"enemies":"Hexaghost","floor":16,"turns":7},{"damage":0,"enemies":"Chosen","floor":18,"turns":6},{"damage":4,"enemies":"Shell Parasite","floor":19,"turns":11},{"damage":46,"enemies":"Chosen and Byrds","floor":20,"turns":8}],"seed_played":"-4669166276646600574","potions_obtained":[{"floor":1,"key":"theDuelist:SealedPackC"},{"floor":3,"key":"SteroidPotion"},{"floor":14,"key":"theDuelist:WhiteBottle"}],"is_trial":false,"path_per_floor":["M","?","M","M","?","E","R","?","T","E","M","$","R","M","R","B",null,"M","M","M"],"character_chosen":"THE_DUELIST","items_purchased":["theDuelist:PetitMoth","Art of War"],"campfire_rested":1,"item_purchase_floors":[12,12],"current_hp_per_floor":[63,63,63,63,63,32,53,53,53,55,55,55,55,57,57,38,62,64,62,18,18],"gold":270,"neow_bonus":"HUNDRED_GOLD","is_daily":false,"chose_seed":false,"campfire_upgraded":2,"win_rate":0.0,"timestamp":1609367106,"path_taken":["M","?","M","?","?","E","R","?","T","E","?","?","R","M","R","BOSS","M","M","M"],"items_purchased_type":["Card","Relic"],"build_version":"2020-12-22","purchased_purges":1,"victory":false,"max_hp_per_floor":[70,70,70,70,70,70,70,70,70,70,70,70,70,70,70,70,70,70,70,70,70],"card_choices":[{"not_picked":["theDuelist:Forest","theDuelist:CorrosiveScales","theDuelist:Anteater"],"picked":"theDuelist:Parasite","floor":1},{"not_picked":["theDuelist:Zektahawk","theDuelist:PoisonousWinds","theDuelist:InsectKing","theDuelist:Denglong"],"picked":"theDuelist:MirrorLadybug","floor":3},{"not_picked":["theDuelist:Taotie","theDuelist:RazorLizard","theDuelist:JiraiGumo","theDuelist:CrossSwordBeetle"],"picked":"theDuelist:RelinquishedSpider","floor":4},{"not_picked":["theDuelist:BeeListSoldier","theDuelist:MotherSpider","theDuelist:ManEaterBug","theDuelist:ArmoredBee"],"picked":"theDuelist:SpiderWeb","floor":6},{"not_picked":["Magnetism","Metamorphosis","Panacea","Transmutation"],"picked":"SKIP","floor":10},{"not_picked":["theDuelist:RazorLizard","theDuelist:MetalArmoredBug","theDuelist:InsectPrincess","theDuelist:ResonanceInsect"],"picked":"theDuelist:CocoonEvolution","floor":11},{"not_picked":[],"picked":"theDuelist:SpiderWeb","floor":14},{"not_picked":["theDuelist:PoisonFangs","theDuelist:PoisonChain","theDuelist:InsectQueen","theDuelist:CocoonUltraEvolution"],"picked":"theDuelist:SpiderEgg","floor":16},{"not_picked":["theDuelist:BrainCrusher","theDuelist:ArmoredBee","theDuelist:AtomicFirefly","theDuelist:Grasschopper"],"picked":"theDuelist:ZefraMetaltron","floor":18},{"not_picked":["theDuelist:HunterSpider","theDuelist:FirestormProminence","theDuelist:Lightserpent","theDuelist:Invigoration"],"picked":"theDuelist:DrillBug+1","floor":19}],"player_experience":283203,"relics_obtained":[{"floor":6,"key":"PreservedInsect"},{"floor":9,"key":"Blood Vial"},{"floor":10,"key":"Boot"}],"event_choices":[{"damage_healed":0,"gold_gain":0,"player_choice":"1 cards matched","damage_taken":0,"max_hp_gain":0,"max_hp_loss":0,"event_name":"Match and Keep!","floor":2,"gold_loss":0,"cards_obtained":["theDuelist:DarkBug"]},{"damage_healed":0,"gold_gain":0,"player_choice":"Leave","duelist":true,"damage_taken":0,"max_hp_gain":0,"max_hp_loss":0,"event_name":"Battle City","floor":5,"gold_loss":0},{"damage_healed":0,"gold_gain":0,"player_choice":"Upgraded","damage_taken":0,"max_hp_gain":0,"max_hp_loss":0,"event_name":"Upgrade Shrine","floor":8,"gold_loss":0,"cards_upgraded":["theDuelist:SpiderWeb"]}],"is_beta":false,"boss_relics":[{"not_picked":["Velvet Choker","Runic Cube"],"picked":"Empty Cage"}],"items_purged_floors":[12],"is_endless":false,"potions_floor_spawned":[1,3,14,16],"killed_by":"Chosen and Byrds","ascension_level":15}}