{"host":"qxeepl7ydvsgmfdb","time":1609302052,"event":{"mods":["AchievementEnabler","BaseMod","Colored Powertips","Minty Spire (QoL Compilation)","Quick Restart","slay the spire mod where everything is the same but ironclad has a cowboy hat"],"gold_per_floor":[115,75,8,8,8,8,23,23,46,62,74,85,117,135,135,234,234,199,225,236,236,236,121,121,153,153,153,153,167,178,3,3,3,3],"floor_reached":33,"playtime":891,"items_purged":["Defend_B"],"score":265,"play_id":"e5e16086-0bee-42e7-87a1-ef4263469779","local_time":"20201229232052","is_ascension_mode":false,"campfire_choices":[{"data":"White Noise","floor":6.0,"key":"SMITH"},{"data":"Zap","floor":8.0,"key":"SMITH"},{"floor":15.0,"key":"REST"},{"floor":27,"key":"REST"},{"floor":32,"key":"REST"}],"circlet_count":0,"master_deck":["Strike_B","Strike_B","Strike_B","Strike_B","Defend_B","Defend_B","Defend_B","Zap+1","Dualcast","Lockon","White Noise+1","Fusion","White Noise","Coolheaded","Conserve Battery","Leap","Redo","Ball Lightning","BootSequence","Defragment","Sweeping Beam"],"relics":["Cracked Core","NeowsBlessing","Pear","DataDisk","Ancient Tea Set","Inserter","Centennial Puzzle","Pen Nib","Red Mask","Blue Candle","Membership Card"],"acts_visited":["Exordium","TheCity"],"potions_floor_usage":[16,24,25,33],"damage_taken":[{"damage":0.0,"enemies":"Jaw Worm","floor":1.0,"turns":1.0},{"damage":0.0,"enemies":"Cultist","floor":7.0,"turns":1.0},{"damage":0.0,"enemies":"Small Slimes","floor":10.0,"turns":1.0},{"damage":8.0,"enemies":"Exordium Wildlife","floor":11.0,"turns":3.0},{"damage":9.0,"enemies":"Blue Slaver","floor":12.0,"turns":4.0},{"damage":35.0,"enemies":"3 Sentries","floor":13.0,"turns":8.0},{"damage":5.0,"enemies":"Looter","floor":14.0,"turns":3.0},{"damage":39,"enemies":"The Guardian","floor":16,"turns":10},{"damage":33,"enemies":"2 Thieves","floor":18,"turns":5},{"damage":7,"enemies":"Shell Parasite","floor":20,"turns":5},{"damage":0,"enemies":"Book of Stabbing","floor":24,"turns":1},{"damage":41,"enemies":"Masked Bandits","floor":25,"turns":4},{"damage":13,"enemies":"Snake Plant","floor":29,"turns":4},{"damage":15,"enemies":"3 Cultists","floor":30,"turns":5},{"damage":41,"enemies":"Champ","floor":33,"turns":5}],"seed_played":"6299930384391580765","potions_obtained":[{"floor":1.0,"key":"GamblersBrew"},{"floor":2.0,"key":"EssenceOfSteel"},{"floor":2.0,"key":"BlessingOfTheForge"},{"floor":7.0,"key":"SmokeBomb"},{"floor":13.0,"key":"FearPotion"},{"floor":14.0,"key":"ColorlessPotion"},{"floor":18,"key":"Ancient Potion"},{"floor":30,"key":"Fire Potion"}],"is_trial":false,"path_per_floor":["M","?","$","$","?","R","M","R","T","M","M","M","E","M","R","B",null,"M","T","M","?","T","$","E","?","T","R","$","M","M","$","R","B"],"character_chosen":"DEFECT","items_purchased":["White Noise","Defragment","Membership Card","Sweeping Beam"],"campfire_rested":3,"item_purchase_floors":[3,23,31,31],"current_hp_per_floor":[75,75,75,75,85,85,85,85,85,85,77,68,33,28,53,14,85,52,52,45,45,45,45,45,4,4,29,29,16,1,1,26,0,0],"gold":3,"neow_bonus":"THREE_ENEMY_KILL","is_daily":false,"chose_seed":false,"campfire_upgraded":2,"win_rate":0.0,"timestamp":1609302052,"path_taken":["M","?","?","$","?","R","?","R","T","?","M","M","E","M","R","BOSS","M","?","?","?","?","?","E","?","T","R","$","M","M","?","R","BOSS"],"items_purchased_type":["Card","Card","Relic","Card"],"build_version":"2020-12-22","purchased_purges":1,"victory":false,"max_hp_per_floor":[75,75,75,75,85,85,85,85,85,85,85,85,85,85,85,85,85,85,85,85,85,85,85,85,85,85,85,85,85,85,85,85,85,85],"card_choices":[{"not_picked":["Undo","Glacier"],"picked":"Lockon","floor":1.0},{"not_picked":["Gash","Go for the Eyes"],"picked":"Fusion","floor":7.0},{"not_picked":["Rebound","Barrage","All For One"],"picked":"SKIP","floor":10.0},{"not_picked":["Scrape","Go for the Eyes"],"picked":"White Noise","floor":11.0},{"not_picked":["Consume","Steam Power"],"picked":"Coolheaded","floor":12.0},{"not_picked":["Barrage","Heatsinks"],"picked":"Conserve Battery","floor":13.0},{"not_picked":["Barrage","Ball Lightning"],"picked":"Leap","floor":14.0},{"not_picked":["Reinforced Body","Steam"],"picked":"Redo","floor":18},{"not_picked":["Stack","Aggregate"],"picked":"Ball Lightning","floor":20},{"not_picked":["Streamline+1","Coolheaded","Loop"],"picked":"SKIP","floor":29},{"not_picked":["Rebound+1","Reinforced Body","Streamline+1"],"picked":"SKIP","floor":30}],"player_experience":307960,"relics_obtained":[{"floor":9.0,"key":"DataDisk"},{"floor":13.0,"key":"Ancient Tea Set"},{"floor":19,"key":"Centennial Puzzle"},{"floor":22,"key":"Pen Nib"},{"floor":25,"key":"Red Mask"},{"floor":26,"key":"Blue Candle"}],"event_choices":[{"damage_healed":0.0,"max_hp_gain":0.0,"max_hp_loss":0.0,"gold_gain":0.0,"event_name":"The Woman in Blue","player_choice":"Bought 3 Potions","floor":2.0,"gold_loss":0.0,"damage_taken":0.0},{"damage_healed":0.0,"max_hp_gain":0.0,"max_hp_loss":0.0,"gold_gain":0.0,"event_name":"WeMeetAgain","player_choice":"Gave Potion","floor":5.0,"gold_loss":0.0,"damage_taken":0.0,"relics_obtained":["Pear"]},{"damage_healed":0,"gold_gain":0,"player_choice":"Read","damage_taken":0,"max_hp_gain":0,"max_hp_loss":0,"event_name":"The Library","floor":21,"gold_loss":0,"cards_obtained":["BootSequence"]},{"damage_healed":0,"gold_gain":0,"player_choice":"Fought Bandits","damage_taken":0,"max_hp_gain":0,"max_hp_loss":0,"event_name":"Masked Bandits","floor":25,"gold_loss":0}],"is_beta":false,"boss_relics":[{"not_picked":["Philosopher\u0027s Stone","Velvet Choker"],"picked":"Inserter"}],"items_purged_floors":[23],"is_endless":false,"potions_floor_spawned":[1,7,13,14,18,24,30],"killed_by":"Champ","ascension_level":0}}