{"host":"i09pxcjttd31eh4q","time":1609325057,"event":{"mods":["AchievementEnabler","BaseMod","Colored Map","Keyboard Shortcuts","Minty Spire (QoL Compilation)","StSLib","SuperFastMode"],"gold_per_floor":[113,131,150,166,184,184,197,197,221,221,221,233,253,265,265,338,338,357,371,381,381,397,397,397,397],"floor_reached":24,"playtime":634,"items_purged":[],"score":392,"play_id":"5565a195-97ef-410b-a5c2-e21021f8a831","local_time":"20201230194417","is_ascension_mode":true,"campfire_choices":[{"data":"Deadly Poison","floor":6.0,"key":"SMITH"},{"data":"Dagger Throw","floor":8.0,"key":"SMITH"},{"data":"Neutralize","floor":15.0,"key":"SMITH"},{"data":"Bouncing Flask","floor":23,"key":"SMITH"}],"circlet_count":0,"master_deck":["AscendersBane","Strike_G","Strike_G","Strike_G","Strike_G","Strike_G","Defend_G","Defend_G","Defend_G","Defend_G","Defend_G","Survivor","Neutralize+1","Adrenaline","Quick Slash","Reflex","Deadly Poison+1","Dagger Throw+1","Die Die Die","Acrobatics","Acrobatics","Adrenaline","Underhanded Strike","Bouncing Flask+1"],"relics":["Ring of the Snake","Akabeko","Snecko Eye"],"acts_visited":["Exordium","TheCity"],"potions_floor_usage":[],"damage_taken":[{"damage":3.0,"enemies":"Cultist","floor":1.0,"turns":4.0},{"damage":2.0,"enemies":"Jaw Worm","floor":2.0,"turns":5.0},{"damage":4.0,"enemies":"Small Slimes","floor":3.0,"turns":3.0},{"damage":3.0,"enemies":"Exordium Wildlife","floor":4.0,"turns":4.0},{"damage":5.0,"enemies":"2 Fungi Beasts","floor":5.0,"turns":3.0},{"damage":12.0,"enemies":"Red Slaver","floor":7.0,"turns":4.0},{"damage":2.0,"enemies":"Gremlin Gang","floor":12.0,"turns":3.0},{"damage":0.0,"enemies":"Blue Slaver","floor":13.0,"turns":3.0},{"damage":0.0,"enemies":"Exordium Wildlife","floor":14.0,"turns":3.0},{"damage":19.0,"enemies":"The Guardian","floor":16.0,"turns":9.0},{"damage":0.0,"enemies":"3 Byrds","floor":18.0,"turns":4.0},{"damage":0.0,"enemies":"Chosen","floor":19.0,"turns":3.0},{"damage":16.0,"enemies":"Centurion and Healer","floor":20.0,"turns":6.0},{"damage":3,"enemies":"Sentry and Sphere","floor":22,"turns":3},{"damage":31,"enemies":"Shelled Parasite and Fungi","floor":24,"turns":1}],"seed_played":"6549692212402458979","potions_obtained":[{"floor":2.0,"key":"Explosive Potion"},{"floor":3.0,"key":"DuplicationPotion"},{"floor":5.0,"key":"ColorlessPotion"},{"floor":16.0,"key":"Block Potion"},{"floor":18.0,"key":"Swift Potion"}],"is_trial":false,"path_per_floor":["M","M","M","M","M","R","M","R","T","?","?","M","M","M","R","B",null,"M","M","M","?","M","R","M"],"character_chosen":"THE_SILENT","items_purchased":[],"campfire_rested":0,"item_purchase_floors":[],"current_hp_per_floor":[56,54,50,47,42,42,30,30,30,30,30,28,28,28,28,9,47,47,47,31,31,28,28,0,0],"gold":397,"neow_bonus":"THREE_RARE_CARDS","is_daily":false,"chose_seed":false,"campfire_upgraded":4,"win_rate":0.0,"timestamp":1609325057,"path_taken":["M","M","M","M","M","R","?","R","T","?","?","M","M","M","R","BOSS","M","M","M","?","M","R","M"],"items_purchased_type":[],"build_version":"2020-12-22","purchased_purges":0,"victory":false,"max_hp_per_floor":[60,60,60,60,60,60,60,60,60,60,60,60,60,60,60,60,60,60,60,60,60,60,60,60,60],"card_choices":[{"not_picked":["Venomology","A Thousand Cuts"],"picked":"Adrenaline","floor":0.0},{"not_picked":["Caltrops","Concentrate"],"picked":"Quick Slash","floor":1.0},{"not_picked":["Outmaneuver","Dodge and Roll"],"picked":"Reflex","floor":2.0},{"not_picked":["All Out Attack","Endless Agony"],"picked":"Deadly Poison","floor":3.0},{"not_picked":["Underhanded Strike","Slice"],"picked":"Dagger Throw","floor":4.0},{"not_picked":["Deflect","Quick Slash","Predator"],"picked":"SKIP","floor":5.0},{"not_picked":["Deadly Poison","Deflect"],"picked":"Die Die Die","floor":7.0},{"not_picked":["Deflect","Flechettes","Outmaneuver"],"picked":"SKIP","floor":12.0},{"not_picked":["Setup","Accuracy"],"picked":"Acrobatics","floor":13.0},{"not_picked":["Blade Dance","Reflex"],"picked":"Acrobatics","floor":14.0},{"not_picked":["Doppelganger","Malaise"],"picked":"Adrenaline","floor":16.0},{"not_picked":["Sucker Punch","Dagger Throw","Underhanded Strike"],"picked":"SKIP","floor":18.0},{"not_picked":["Sucker Punch","Dagger Throw"],"picked":"Underhanded Strike","floor":18.0},{"not_picked":["Deadly Poison","Blade Dance","Quick Slash"],"picked":"SKIP","floor":19.0},{"not_picked":["Dagger Spray","Well Laid Plans"],"picked":"Bouncing Flask","floor":20.0},{"not_picked":["Backstab","Storm of Steel","Terror"],"picked":"SKIP","floor":22}],"player_experience":796114,"relics_obtained":[{"floor":9.0,"key":"Akabeko"}],"event_choices":[{"damage_healed":0.0,"max_hp_gain":0.0,"max_hp_loss":0.0,"gold_gain":0.0,"event_name":"Liars Game","player_choice":"Ignored","floor":10.0,"gold_loss":0.0,"damage_taken":0.0},{"damage_healed":0.0,"max_hp_gain":0.0,"max_hp_loss":0.0,"gold_gain":0.0,"event_name":"Shining Light","player_choice":"Ignored","floor":11.0,"gold_loss":0.0,"damage_taken":0.0},{"damage_healed":0,"gold_gain":0,"player_choice":"Ignored","damage_taken":0,"max_hp_gain":0,"max_hp_loss":0,"event_name":"The Mausoleum","floor":21,"gold_loss":0}],"is_beta":false,"boss_relics":[{"not_picked":["Tiny House","WristBlade"],"picked":"Snecko Eye"}],"items_purged_floors":[],"is_endless":false,"potions_floor_spawned":[2,3,5,16,18,19],"killed_by":"Shelled Parasite and Fungi","ascension_level":20}}