{"host":"7khtwbkyze7y134w","time":1609330627,"event":{"mods":["AchievementEnabler","BaseMod","Bestiary","Colored Map","Colored Powertips","Highlight Path","Minty Spire (QoL Compilation)","Quick Restart","Relic Stats","Slay-I","StSLib","SuperFastMode"],"gold_per_floor":[116,116,291,301,318,318,345,145,216,245,245,264,286,308,308,408,408,432,457,556,565,25,25,50,50,50,50,75,0,29,29,29,133,133,156,156,31,78,1095,1095,1095],"floor_reached":40,"playtime":1344,"items_purged":["Doubt"],"score":494,"play_id":"f22d0430-f21a-489b-b455-8024a6a76cef","local_time":"20201230121707","is_ascension_mode":false,"campfire_choices":[{"data":"Eruption","floor":6.0,"key":"SMITH"},{"floor":11.0,"key":"REST"},{"data":"TalkToTheHand","floor":15.0,"key":"SMITH"},{"data":"Crescendo","floor":23.0,"key":"SMITH"},{"data":"ClearTheMind","floor":25.0,"key":"SMITH"},{"data":"Halt","floor":27.0,"key":"SMITH"},{"data":"Halt","floor":32.0,"key":"SMITH"}],"circlet_count":0,"master_deck":["Strike_P","Strike_P","Strike_P","Strike_P","Defend_P","Defend_P","Defend_P","Defend_P","Eruption+1","Vigilance","FlurryOfBlows","TalkToTheHand+1","EmptyFist","Crescendo+1","EmptyFist","Halt+1","FlurryOfBlows","EmptyBody","EmptyMind","FlurryOfBlows+1","ClearTheMind+1","Halt+1","FlurryOfBlows","Crescendo","WaveOfTheHand+1","FlurryOfBlows+1","Adaptation","InnerPeace","Normality","Normality"],"relics":["PureWater","NeowsBlessing","Juzu Bracelet","CeramicFish","White Beast Statue","Pear","VioletLotus","Bag of Preparation","PreservedInsect","Eternal Feather","Mummified Hand","Sozu","Torii"],"acts_visited":["Exordium","TheCity","TheBeyond"],"potions_floor_usage":[38],"damage_taken":[{"damage":0.0,"enemies":"2 Louse","floor":1.0,"turns":1.0},{"damage":0.0,"enemies":"Small Slimes","floor":4.0,"turns":1.0},{"damage":0.0,"enemies":"Cultist","floor":5.0,"turns":1.0},{"damage":13.0,"enemies":"Gremlin Nob","floor":7.0,"turns":4.0},{"damage":16.0,"enemies":"Lagavulin","floor":10.0,"turns":5.0},{"damage":0.0,"enemies":"2 Fungi Beasts","floor":12.0,"turns":2.0},{"damage":0.0,"enemies":"Exordium Thugs","floor":13.0,"turns":3.0},{"damage":6.0,"enemies":"Blue Slaver","floor":14.0,"turns":3.0},{"damage":32.0,"enemies":"Slime Boss","floor":16.0,"turns":7.0},{"damage":0.0,"enemies":"Chosen","floor":18.0,"turns":4.0},{"damage":21.0,"enemies":"2 Thieves","floor":19.0,"turns":4.0},{"damage":9.0,"enemies":"Snake Plant","floor":24.0,"turns":5.0},{"damage":21.0,"enemies":"Shelled Parasite and Fungi","floor":28.0,"turns":4.0},{"damage":0.0,"enemies":"Cultist and Chosen","floor":30.0,"turns":6.0},{"damage":83.0,"enemies":"Collector","floor":33.0,"turns":12.0},{"damage":36,"enemies":"3 Shapes","floor":35,"turns":5},{"damage":34,"enemies":"2 Orb Walkers","floor":38,"turns":4},{"damage":26,"enemies":"Reptomancer","floor":40,"turns":1}],"seed_played":"-7419195140588666005","potions_obtained":[{"floor":1.0,"key":"BlessingOfTheForge"},{"floor":4.0,"key":"GamblersBrew"},{"floor":10.0,"key":"StancePotion"},{"floor":12.0,"key":"AttackPotion"},{"floor":16.0,"key":"SkillPotion"},{"floor":18.0,"key":"SkillPotion"},{"floor":19.0,"key":"Regen Potion"},{"floor":28.0,"key":"Ancient Potion"},{"floor":30.0,"key":"LiquidBronze"},{"floor":33.0,"key":"SneckoOil"}],"is_trial":false,"path_per_floor":["M","?","?","M","M","R","E","$","T","E","R","M","M","M","R","B",null,"M","M","?","?","$","R","M","R","T","R","M","?","M","$","R","B",null,"M","?","$","?","?","E"],"character_chosen":"WATCHER","items_purchased":["EmptyFist","CeramicFish","ClearTheMind","Halt","PreservedInsect","Eternal Feather","Adaptation","InnerPeace"],"campfire_rested":1,"item_purchase_floors":[8,8,22,22,22,22,37,37],"current_hp_per_floor":[72,77,77,77,77,77,64,64,64,58,84,84,84,78,78,46,87,87,66,66,66,66,78,69,81,81,87,75,75,75,75,87,4,87,51,51,51,17,17,0,0],"gold":1095,"neow_bonus":"THREE_ENEMY_KILL","is_daily":false,"chose_seed":false,"campfire_upgraded":6,"win_rate":0.0,"timestamp":1609330627,"path_taken":["M","?","?","M","M","R","E","$","T","E","R","M","M","M","R","BOSS","M","M","?","?","$","R","M","R","T","R","M","?","M","$","R","BOSS","M","?","?","?","?","E"],"items_purchased_type":["Card","Relic","Card","Card","Relic","Relic","Card","Card"],"build_version":"2020-12-22","purchased_purges":1,"victory":false,"max_hp_per_floor":[72,77,77,77,77,77,77,77,77,87,87,87,87,87,87,87,87,87,87,87,87,87,87,87,87,87,87,87,87,87,87,87,87,87,87,87,87,87,87,87,87],"relic_stats":{"Sozu":5,"Torii":0,"counters":[18,72],"Mummified Hand":[1],"CeramicFish":144,"Eternal Feather":42,"VioletLotus":[13],"PreservedInsect":58,"Juzu Bracelet":1,"Bag of Preparation":[14],"obtain_stats":[{"Pear":10,"NeowsBlessing":0,"Torii":38,"CeramicFish":8,"Eternal Feather":22,"PreservedInsect":22,"Juzu Bracelet":7,"Bag of Preparation":21,"White Beast Statue":9,"Sozu":34,"Mummified Hand":26,"VioletLotus":17,"PureWater":0},{"Pear":5,"NeowsBlessing":0,"Torii":17,"CeramicFish":4,"Eternal Feather":11,"PreservedInsect":11,"Juzu Bracelet":4,"Bag of Preparation":11,"White Beast Statue":4,"Sozu":15,"Mummified Hand":12,"VioletLotus":9,"PureWater":0},{"Pear":12,"NeowsBlessing":0,"Torii":71,"CeramicFish":7,"Eternal Feather":35,"PreservedInsect":35,"Juzu Bracelet":7,"Bag of Preparation":35,"White Beast Statue":7,"Sozu":62,"Mummified Hand":40,"VioletLotus":27,"PureWater":0}]},"card_choices":[{"not_picked":["SandsOfTime","ReachHeaven"],"picked":"FlurryOfBlows","floor":1.0},{"not_picked":["CutThroughFate","Wallop"],"picked":"TalkToTheHand","floor":4.0},{"not_picked":["Halt","Consecrate"],"picked":"EmptyFist","floor":5.0},{"not_picked":["CutThroughFate","PathToVictory"],"picked":"Crescendo","floor":7.0},{"not_picked":["Conclude","SandsOfTime","Evaluate"],"picked":"SKIP","floor":10.0},{"not_picked":["JustLucky","ForeignInfluence"],"picked":"Halt","floor":12.0},{"not_picked":["FollowUp","Fasting2"],"picked":"FlurryOfBlows","floor":13.0},{"not_picked":["Collect","SpiritShield"],"picked":"EmptyBody","floor":14.0},{"not_picked":["DeceiveReality+1","EmptyFist"],"picked":"EmptyMind","floor":18.0},{"not_picked":["WindmillStrike","Crescendo"],"picked":"FlurryOfBlows+1","floor":19.0},{"not_picked":["SashWhip","Prostrate"],"picked":"FlurryOfBlows","floor":24.0},{"not_picked":["Protect","WindmillStrike"],"picked":"Crescendo","floor":28.0},{"not_picked":["Evaluate","Protect+1"],"picked":"WaveOfTheHand+1","floor":30.0},{"not_picked":["Study+1","ThirdEye"],"picked":"FlurryOfBlows+1","floor":35}],"player_experience":33823,"relics_obtained":[{"floor":7.0,"key":"Juzu Bracelet"},{"floor":9.0,"key":"White Beast Statue"},{"floor":10.0,"key":"Pear"},{"floor":26.0,"key":"Mummified Hand"},{"floor":38,"key":"Torii"}],"event_choices":[{"damage_healed":0.0,"max_hp_gain":5.0,"max_hp_loss":0.0,"gold_gain":0.0,"event_name":"Big Fish","player_choice":"Donut","floor":2.0,"gold_loss":0.0,"damage_taken":0.0},{"damage_healed":0.0,"max_hp_gain":0.0,"max_hp_loss":0.0,"gold_gain":175.0,"event_name":"Liars Game","player_choice":"AGREE","floor":3.0,"gold_loss":0.0,"damage_taken":0.0,"cards_obtained":["Doubt"]},{"damage_healed":0.0,"max_hp_gain":0.0,"max_hp_loss":0.0,"gold_gain":99.0,"event_name":"Nest","player_choice":"Stole From Cult","floor":20.0,"gold_loss":0.0,"damage_taken":0.0},{"damage_healed":0.0,"max_hp_gain":0.0,"max_hp_loss":0.0,"gold_gain":0.0,"event_name":"The Mausoleum","player_choice":"Opened","floor":21.0,"gold_loss":0.0,"damage_taken":0.0,"relics_obtained":["Bag of Preparation"],"cards_obtained":["Writhe"]},{"cards_removed":["Writhe"],"damage_healed":0.0,"max_hp_gain":0.0,"max_hp_loss":0.0,"gold_gain":0.0,"event_name":"Beggar","player_choice":"Gave Gold","floor":29.0,"gold_loss":75.0,"damage_taken":0.0},{"damage_healed":0,"gold_gain":0,"player_choice":"Got Potions","damage_taken":0,"max_hp_gain":0,"max_hp_loss":0,"event_name":"Lab","floor":36,"gold_loss":0},{"damage_healed":0,"gold_gain":0,"player_choice":"Fight","damage_taken":0,"max_hp_gain":0,"max_hp_loss":0,"event_name":"Mysterious Sphere","floor":38,"gold_loss":0},{"damage_healed":0,"gold_gain":999,"player_choice":"Gold","damage_taken":0,"max_hp_gain":0,"max_hp_loss":0,"event_name":"MindBloom","floor":39,"gold_loss":0,"cards_obtained":["Normality","Normality"]}],"is_beta":false,"boss_relics":[{"not_picked":["Runic Dome","Philosopher\u0027s Stone"],"picked":"VioletLotus"},{"not_picked":["Snecko Eye","Black Star"],"picked":"Sozu"}],"items_purged_floors":[22],"is_endless":false,"potions_floor_spawned":[1,4,10,12,13,14,16,18,19,24,28,30,33,35,38],"killed_by":"Reptomancer","ascension_level":0}}