{"host":"nq94nk05vinbgath","time":1609307827,"event":{"mods":["BaseMod","Colored Powertips","Minty Spire (QoL Compilation)"],"gold_per_floor":[113,188,110,110,129,161,161,12,12,12,28,28,58,76,76,180,180,191,219,219,208,208,243,243,262,262,275,275,285,298,313,313,413,413,426,476,499,511,523,523,548,567,567,567,567,567,567,581,581,581,581],"floor_reached":50,"playtime":3872,"items_purged":["Defend_G"],"score":529,"play_id":"728abcd1-c138-4f51-87bd-ba1c9e156eeb","local_time":"20201230135707","is_ascension_mode":false,"campfire_choices":[{"floor":7,"key":"REST"},{"data":"Die Die Die","floor":10,"key":"SMITH"},{"floor":15,"key":"REST"},{"floor":24,"key":"REST"},{"floor":28,"key":"REST"},{"floor":32,"key":"REST"},{"data":"Burst","floor":40,"key":"SMITH"},{"floor":44,"key":"REST"},{"floor":46,"key":"REST"},{"data":"Venomology","floor":47,"key":"SMITH"},{"data":"Crippling Poison","floor":49,"key":"SMITH"}],"circlet_count":0,"master_deck":["Strike_G","Strike_G","Strike_G","Defend_G","Defend_G","Defend_G","Defend_G","Survivor","Neutralize","Venomology+1","Deadly Poison+1","Die Die Die+1","Finesse+1","Adrenaline","Backflip","Infinite Blades+1","Escape Plan","Deadly Poison","Deadly Poison","Adrenaline","Infinite Blades+1","Doppelganger","Escape Plan","Venomology","PiercingWail","Distraction+1","Terror","Backstab","Caltrops+1","Burst+1","CurseOfTheBell","Blade Dance+1","Slice+1","Blade Dance+1","Phantasmal Killer","Escape Plan","Crippling Poison+1"],"relics":["Ring of the Snake","Frozen Egg 2","CaptainsWheel","Bottled Lightning","Black Star","Red Mask","War Paint","TungstenRod","Mummified Hand","Calling Bell","Nunchaku","Darkstone Periapt","Tingsha","WingedGreaves","Toy Ornithopter","Orichalcum","Bottled Tornado","Pear"],"acts_visited":["Exordium","TheCity","TheBeyond"],"potions_floor_usage":[6,12,12,16,16,19,21,23,23,23,27,27,29,29,30,31,33,33,33,33,36,38,38,39,41,41,42,42,48,48,48,50,50,50],"damage_taken":[{"damage":0,"enemies":"2 Louse","floor":1,"turns":5},{"damage":1,"enemies":"Jaw Worm","floor":5,"turns":3},{"damage":29,"enemies":"Lagavulin","floor":6,"turns":7},{"damage":0,"enemies":"Small Slimes","floor":11,"turns":3},{"damage":0,"enemies":"Exordium Thugs","floor":12,"turns":1},{"damage":31,"enemies":"Gremlin Nob","floor":13,"turns":5},{"damage":0,"enemies":"Exordium Wildlife","floor":14,"turns":4},{"damage":4,"enemies":"The Guardian","floor":16,"turns":8},{"damage":0,"enemies":"Chosen","floor":18,"turns":4},{"damage":36,"enemies":"Masked Bandits","floor":19,"turns":6},{"damage":9,"enemies":"2 Thieves","floor":21,"turns":4},{"damage":40,"enemies":"Book of Stabbing","floor":23,"turns":8},{"damage":10,"enemies":"Centurion and Healer","floor":25,"turns":7},{"damage":1,"enemies":"3 Cultists","floor":27,"turns":4},{"damage":0,"enemies":"Cultist and Chosen","floor":29,"turns":5},{"damage":3,"enemies":"Snake Plant","floor":30,"turns":5},{"damage":7,"enemies":"Centurion and Healer","floor":31,"turns":5},{"damage":53,"enemies":"Champ","floor":33,"turns":12},{"damage":8,"enemies":"Orb Walker","floor":35,"turns":3},{"damage":6,"enemies":"Mind Bloom Boss Battle","floor":36,"turns":7},{"damage":13,"enemies":"3 Darklings","floor":38,"turns":3},{"damage":11,"enemies":"4 Shapes","floor":39,"turns":3},{"damage":54,"enemies":"Nemesis","floor":41,"turns":6},{"damage":25,"enemies":"Maw","floor":42,"turns":6},{"damage":13,"enemies":"Writhing Mass","floor":48,"turns":6},{"damage":101,"enemies":"Time Eater","floor":50,"turns":6}],"seed_played":"-4231773039338818135","potions_obtained":[{"floor":6,"key":"LiquidMemories"},{"floor":11,"key":"SneckoOil"},{"floor":14,"key":"FairyPotion"},{"floor":21,"key":"Block Potion"},{"floor":38,"key":"SteroidPotion"},{"floor":42,"key":"PowerPotion"}],"is_trial":false,"path_per_floor":["M","?","$","?","M","E","R","$","T","R","M","M","E","M","R","B",null,"M","?","?","M","?","E","R","M","T","M","R","M","M","M","R","B",null,"M","?","T","M","M","R","E","M","T","R","?","R","R","M","R","B"],"character_chosen":"THE_SILENT","items_purchased":["Die Die Die","Infinite Blades+1"],"campfire_rested":7,"item_purchase_floors":[3,8],"current_hp_per_floor":[70,59,59,59,58,29,50,50,50,50,50,50,19,19,40,36,70,70,34,34,25,25,9,30,20,20,19,40,40,51,44,65,12,70,62,56,56,53,47,47,26,11,21,45,45,69,69,71,71,0,0],"gold":581,"neow_bonus":"ONE_RANDOM_RARE_CARD","is_daily":false,"chose_seed":false,"campfire_upgraded":4,"win_rate":0.0,"timestamp":1609307827,"path_taken":["M","?","?","?","M","E","R","$","T","R","M","M","E","?","R","BOSS","M","?","?","M","?","E","R","M","T","?","R","M","M","?","R","BOSS","M","?","?","M","M","R","E","?","T","R","?","R","R","M","R","BOSS"],"items_purchased_type":["Card","Card"],"build_version":"2020-12-22","purchased_purges":1,"victory":false,"max_hp_per_floor":[70,70,70,70,70,70,70,70,70,70,70,70,70,70,70,70,70,70,70,70,70,70,70,70,70,70,70,70,70,70,70,70,70,70,70,70,70,70,70,70,70,70,80,80,80,80,80,80,80,80,80],"card_choices":[{"not_picked":["Caltrops","Dagger Spray"],"picked":"Deadly Poison","floor":1},{"not_picked":["Blade Dance","Skewer"],"picked":"Backflip","floor":5},{"not_picked":["Choke","Sucker Punch","Bane"],"picked":"SKIP","floor":6},{"not_picked":["Bane","Underhanded Strike"],"picked":"Escape Plan","floor":11},{"not_picked":["Flying Knee","Blade Dance"],"picked":"Deadly Poison","floor":13},{"not_picked":["Outmaneuver","Deflect"],"picked":"Deadly Poison","floor":14},{"not_picked":["Venomology","Night Terror"],"picked":"Adrenaline","floor":16},{"not_picked":["Dagger Spray","Quick Slash"],"picked":"Infinite Blades+1","floor":18},{"not_picked":["Dodge and Roll","Deadly Poison"],"picked":"Doppelganger","floor":19},{"not_picked":["Finisher","Outmaneuver"],"picked":"Escape Plan","floor":21},{"not_picked":["Eviscerate","Quick Slash","Deflect"],"picked":"SKIP","floor":23},{"not_picked":["Choke","Outmaneuver"],"picked":"Distraction+1","floor":25},{"not_picked":["Dodge and Roll","Tactician"],"picked":"Terror","floor":27},{"not_picked":["Eviscerate","Infinite Blades+1"],"picked":"Backstab","floor":29},{"not_picked":["Deflect","Distraction","PiercingWail"],"picked":"SKIP","floor":30},{"not_picked":["Sucker Punch+1","Masterful Stab"],"picked":"Caltrops+1","floor":31},{"not_picked":["After Image+1","Wraith Form v2+1"],"picked":"Burst","floor":33},{"not_picked":["PiercingWail","Backflip+1"],"picked":"Blade Dance+1","floor":35},{"not_picked":["Deflect","Calculated Gamble+1"],"picked":"Slice+1","floor":36},{"not_picked":["Dodge and Roll+1","Flying Knee+1"],"picked":"Blade Dance+1","floor":38},{"not_picked":["Deadly Poison","Quick Slash+1","Dagger Spray"],"picked":"SKIP","floor":39},{"not_picked":["Blade Dance","Sucker Punch"],"picked":"Phantasmal Killer","floor":41},{"not_picked":["Slice","Calculated Gamble+1"],"picked":"Escape Plan","floor":42},{"not_picked":["Skewer+1","Deadly Poison+1"],"picked":"Crippling Poison","floor":48}],"player_experience":32001,"relics_obtained":[{"floor":6,"key":"Frozen Egg 2"},{"floor":9,"key":"CaptainsWheel"},{"floor":13,"key":"Bottled Lightning"},{"floor":19,"key":"Red Mask"},{"floor":23,"key":"War Paint"},{"floor":23,"key":"TungstenRod"},{"floor":26,"key":"Mummified Hand"},{"floor":34,"key":"Nunchaku"},{"floor":34,"key":"Darkstone Periapt"},{"floor":34,"key":"Tingsha"},{"floor":36,"key":"WingedGreaves"},{"floor":37,"key":"Toy Ornithopter"},{"floor":41,"key":"Orichalcum"},{"floor":41,"key":"Bottled Tornado"},{"floor":43,"key":"Pear"}],"event_choices":[{"damage_healed":0,"gold_gain":75,"player_choice":"Gather Gold","damage_taken":11,"max_hp_gain":0,"max_hp_loss":0,"event_name":"World of Goop","floor":2,"gold_loss":0},{"damage_healed":0,"gold_gain":0,"player_choice":"2 cards matched","damage_taken":0,"max_hp_gain":0,"max_hp_loss":0,"event_name":"Match and Keep!","floor":4,"gold_loss":0,"cards_obtained":["Finesse","Adrenaline"]},{"damage_healed":0,"gold_gain":0,"player_choice":"Fought Bandits","damage_taken":0,"max_hp_gain":0,"max_hp_loss":0,"event_name":"Masked Bandits","floor":19,"gold_loss":0},{"damage_healed":0,"gold_gain":0,"player_choice":"Smashed Altar","damage_taken":0,"max_hp_gain":0,"max_hp_loss":0,"event_name":"Forgotten Altar","floor":20,"gold_loss":0,"cards_obtained":["Decay"]},{"damage_healed":0,"gold_gain":0,"cards_transformed":["Strike_G","Strike_G"],"player_choice":"Became Test Subject","damage_taken":0,"max_hp_gain":0,"max_hp_loss":0,"event_name":"Drug Dealer","floor":22,"gold_loss":0,"cards_obtained":["Venomology","PiercingWail"]},{"damage_healed":0,"gold_gain":0,"player_choice":"Fight","damage_taken":0,"max_hp_gain":0,"max_hp_loss":0,"event_name":"MindBloom","floor":36,"gold_loss":0},{"cards_removed":["Decay"],"damage_healed":0,"gold_gain":0,"player_choice":"Removed Curses","damage_taken":0,"max_hp_gain":0,"max_hp_loss":0,"event_name":"Fountain of Cleansing","floor":45,"gold_loss":0}],"is_beta":false,"boss_relics":[{"not_picked":["Runic Dome","Astrolabe"],"picked":"Black Star"},{"not_picked":["Tiny House","Cursed Key"],"picked":"Calling Bell"}],"items_purged_floors":[8],"is_endless":false,"potions_floor_spawned":[6,11,14,18,19,21,25,30,38,42],"killed_by":"Time Eater","ascension_level":0}}