{"host":"n9qtmgye2hz5t4ok","time":1609363252,"event":{"mods":["Act Like it!","BaseMod","Colored Map","Downfall","Gensokyo","Infinite Spire","Koishi","Marisa????????","Minty Spire (QoL Compilation)","StSLib","The Jungle","The Servant 0.9.4"],"gold_per_floor":[115,68205,68222,67138,67138,67138,67156,67156,67180,67198,66267,66302,66302,66314,66314,66416,66416,66435,65843,65843,65843,64622,64655,64671,64700,64751,63843,63862,63862,63347,63347,63347,63449,63449,63461,63474,63474,63524,63524,63558,63578,63678,63678,62919,62919,62937,62481,62512,62512,62512,62512,62512,62108,62138,62138],"floor_reached":56,"playtime":5880,"items_purged":["Strike_B","Strike_B","Pain","Strike_B","Strike_B","Defend_B","Defend_B","Dualcast","Recycle"],"score":1755,"play_id":"2520110e-3c57-475a-836a-6b1507154479","local_time":"20201230222052","is_ascension_mode":true,"campfire_choices":[{"data":"Defragment","floor":6.0,"key":"SMITH"},{"data":"Aggregate","floor":13.0,"key":"SMITH"},{"data":"Thinking Ahead","floor":15.0,"key":"SMITH"},{"data":"infinitespire:Oblivion","floor":29.0,"key":"SMITH"},{"data":"infinitespire:FutureSight","floor":32.0,"key":"SMITH"},{"floor":45,"key":"RECALL"},{"data":"Storm","floor":49,"key":"SMITH"},{"data":"Storm","floor":52,"key":"SMITH"}],"circlet_count":0,"master_deck":["Zap","Lockon","Loop","Defragment","Defragment+1","Master of Strategy+1","Aggregate+1","Barrage","Loop","Thinking Ahead+1","Force Field","Electrodynamics","Capacitor+1","Aggregate+1","infinitespire:Oblivion+1","infinitespire:Gouge","Stack","Apotheosis","Echo Form","Good Instincts","Stack","BootSequence+1","Creative AI","Stack+1","infinitespire:FutureSight+1","Hello World","Seek","Amplify+1","BootSequence+1","Thinking Ahead","Mayhem","infinitespire:Fortify","Storm+1","infinitespire:Collect","Storm+1","Steam+1","Force Field+1","expansioncontent:Collect","Force Field"],"relics":["Cracked Core","infinitespire:SolderingIron","Eternal Feather","Toolbox","Unceasing Top","infinitespire:Magic Flask","HandDrill","WarpedTongs","Happy Flower","Letter Opener","Lee\u0027s Waffle","Dream Catcher","Strawberry","SlaversCollar","Prayer Wheel","infinitespire:Satchel","Sozu","FossilizedHelix","Pen Nib","ClockworkSouvenir","Ornamental Fan","Sundial","Bag of Preparation","Lizard Tail","Pear","Chemical X","Black Star","CatCart","Lantern","infinitespire:Eraser","Ginger","Blood Vial","infinitespire:Golems Mask","Membership Card","Kunai","infinitespire:ShieldingShard","OrangePellets","infinitespire:Lucky Rock","Vajra","Torii","War Paint","Shuriken","infinitespire:Freezer"],"acts_visited":["Exordium","TheCity","TheBeyond","TheEnding"],"potions_floor_usage":[],"damage_taken":[{"damage":0.0,"enemies":"Cultist","floor":1.0,"turns":4.0},{"damage":0.0,"enemies":"Jaw Worm","floor":3.0,"turns":2.0},{"damage":0.0,"enemies":"Small Slimes","floor":7.0,"turns":3.0},{"damage":17.0,"enemies":"Exordium Thugs","floor":10.0,"turns":5.0},{"damage":0.0,"enemies":"Gremlin Nob","floor":12.0,"turns":3.0},{"damage":5.0,"enemies":"Blue Slaver","floor":14.0,"turns":2.0},{"damage":0.0,"enemies":"The Guardian","floor":16.0,"turns":6.0},{"damage":0.0,"enemies":"Spheric Guardian","floor":18.0,"turns":3.0},{"damage":0.0,"enemies":"Book of Stabbing","floor":23.0,"turns":4.0},{"damage":0.0,"enemies":"3 Byrds","floor":24.0,"turns":2.0},{"damage":0.0,"enemies":"Slavers","floor":25.0,"turns":2.0},{"damage":0.0,"enemies":"Shelled Parasite and Fungi","floor":28.0,"turns":4.0},{"damage":0.0,"enemies":"Automaton","floor":33.0,"turns":3.0},{"damage":0.0,"enemies":"3 Shapes","floor":35.0,"turns":3.0},{"damage":0.0,"enemies":"3 Darklings","floor":36.0,"turns":2.0},{"damage":0.0,"enemies":"Orin","floor":38.0,"turns":3.0},{"damage":0.0,"enemies":"Giant Head","floor":40.0,"turns":3.0},{"damage":0.0,"enemies":"4 Shapes","floor":41.0,"turns":3.0},{"damage":0.0,"enemies":"infinitespire:Three Voidlings","floor":42.0,"turns":1.0},{"damage":108.0,"enemies":"Nightmare_Alpha","floor":42.0,"turns":9.0},{"damage":0,"enemies":"Spire Growth","floor":46,"turns":2},{"damage":0,"enemies":"Nemesis","floor":48,"turns":3},{"damage":0,"enemies":"Donu and Deca","floor":50,"turns":2},{"damage":0,"enemies":"Shield and Spear","floor":54,"turns":2},{"damage":4,"enemies":"The Heart","floor":55,"turns":3}],"seed_played":"7211673974506107779","potions_obtained":[{"floor":1.0,"key":"hexamod:EctoCoolerPotion"},{"floor":10.0,"key":"champ:CounterPotion"}],"is_trial":false,"path_per_floor":["M","$","M","$","?","R","M","?","T","M","$","E","R","M","R","B",null,"M","$","?","AVR","$","E","M","E","T","$","M","R","?","?","R","B",null,"M","M","?","?","AVR","E","M","?","T","$","R","M","$","E","R","B",null,"R","$","E","B",null],"character_chosen":"DEFECT","items_purchased":["Loop","infinitespire:SolderingIron","Eternal Feather","Toolbox","DistilledChaos","Unceasing Top","infinitespire:Magic Flask","HandDrill","Defragment","Master of Strategy","Letter Opener","Lee\u0027s Waffle","Dream Catcher","Loop","Thinking Ahead","Prayer Wheel","infinitespire:Satchel","FossilizedHelix","Pen Nib","ClockworkSouvenir","Stack","Apotheosis","Echo Form","Good Instincts","Lizard Tail","Pear","Chemical X","Blood Vial","infinitespire:Golems Mask","Membership Card","Storm","Kunai","infinitespire:ShieldingShard","OrangePellets","Torii","War Paint","expansioncontent:Collect"],"campfire_rested":0,"item_purchase_floors":[2,2,2,2,2,4,4,4,4,4,11,11,11,11,11,19,19,22,22,22,22,22,22,22,27,27,27,44,44,44,44,47,47,47,53,53,53],"current_hp_per_floor":[82,82,82,82,82,82,82,82,82,65,89,96,96,91,96,96,96,96,96,96,96,96,96,96,96,96,106,106,106,106,106,106,106,106,106,106,96,96,96,96,96,46,46,46,67,69,69,71,92,94,106,106,106,106,102],"gold":62138,"neow_bonus":"TEN_PERCENT_HP_BONUS","is_daily":false,"chose_seed":false,"campfire_upgraded":7,"win_rate":0.0,"timestamp":1609363252,"path_taken":["M","?","?","$","?","R","M","?","T","?","$","E","R","M","R","BOSS","M","$","?","AVR","?","E","?","E","T","$","M","R","?","?","R","BOSS","M","M","?","?","AVR","E","M","?","T","$","R","M","$","E","R","BOSS","R","$","E","BOSS"],"items_purchased_type":["Card","Relic","Relic","Relic","Potion","Relic","Relic","Relic","Card","Card","Relic","Relic","Relic","Card","Card","Relic","Relic","Relic","Relic","Relic","Card","Card","Card","Card","Relic","Relic","Relic","Relic","Relic","Relic","Card","Relic","Relic","Relic","Relic","Relic","Card"],"build_version":"2020-12-22","purchased_purges":9,"victory":true,"max_hp_per_floor":[82,82,82,82,82,82,82,82,82,82,89,96,96,96,96,96,96,96,96,96,96,96,96,96,96,96,106,106,106,106,106,106,106,106,106,106,106,106,106,106,106,106,106,106,106,106,106,106,106,106,106,106,106,106,106],"card_choices":[{"not_picked":["Redo","Barrage"],"picked":"Lockon","floor":1.0},{"not_picked":["Barrage","Gash"],"picked":"Defragment","floor":3.0},{"not_picked":["Stack","Leap"],"picked":"Aggregate","floor":7.0},{"not_picked":["Beam Cell","Recycle"],"picked":"Barrage","floor":10.0},{"not_picked":["Coolheaded","Cold Snap","Melter"],"picked":"SKIP","floor":12.0},{"not_picked":["Sunder","Coolheaded"],"picked":"Force Field","floor":14.0},{"not_picked":["Fission","Machine Learning"],"picked":"Electrodynamics","floor":16.0},{"not_picked":["Hologram+1","Leap"],"picked":"Capacitor+1","floor":18.0},{"not_picked":["Skim","Hologram"],"picked":"Stack","floor":23.0},{"not_picked":["Compile Driver","Conserve Battery"],"picked":"BootSequence","floor":24.0},{"not_picked":["Darkness","Melter","Sweeping Beam"],"picked":"SKIP","floor":24.0},{"not_picked":["Leap","Streamline"],"picked":"Creative AI","floor":25.0},{"not_picked":["Streamline","Cold Snap"],"picked":"Stack+1","floor":28.0},{"not_picked":["Conserve Battery","Tempest","Go for the Eyes+1"],"picked":"SKIP","floor":28.0},{"not_picked":["infinitespire:Starlight","infinitespire:FinalStrike"],"picked":"infinitespire:FutureSight","floor":30.0},{"not_picked":["Machine Learning","Creative AI"],"picked":"Seek","floor":33.0},{"not_picked":["Barrage","Redo+1","Rebound"],"picked":"SKIP","floor":35.0},{"not_picked":["Steam Power+1","Hologram+1","Fusion"],"picked":"SKIP","floor":35.0},{"not_picked":["Gash","Hello World+1"],"picked":"Amplify","floor":36.0},{"not_picked":["Sunder","Sweeping Beam"],"picked":"BootSequence+1","floor":36.0},{"not_picked":["expansioncontent:DarkVoid","Discovery"],"picked":"Thinking Ahead","floor":37.0},{"not_picked":["Violence","Apotheosis"],"picked":"Mayhem","floor":37.0},{"not_picked":["Doom and Gloom+1","Tempest+1","Streamline+1"],"picked":"SKIP","floor":40.0},{"not_picked":["Ball Lightning","Barrage+1"],"picked":"Storm","floor":41.0},{"not_picked":["Capacitor+1","Self Repair","Sunder"],"picked":"SKIP","floor":41.0},{"not_picked":["infinitespire:Gouge","infinitespire:TheBestDefense"],"picked":"infinitespire:Collect","floor":42},{"not_picked":["Coolheaded","Loop+1"],"picked":"Steam+1","floor":46},{"not_picked":["Barrage","Fusion+1"],"picked":"Force Field+1","floor":46},{"not_picked":["All For One","Loop+1","Capacitor"],"picked":"SKIP","floor":48},{"not_picked":["Coolheaded","Cold Snap"],"picked":"Force Field","floor":54}],"player_experience":84070,"relics_obtained":[{"floor":9.0,"key":"Happy Flower"},{"floor":12.0,"key":"Strawberry"},{"floor":23.0,"key":"Ornamental Fan"},{"floor":25.0,"key":"Sundial"},{"floor":26.0,"key":"Bag of Preparation"},{"floor":38.0,"key":"CatCart"},{"floor":40.0,"key":"Lantern"},{"floor":40.0,"key":"infinitespire:Eraser"},{"floor":42,"key":"Ginger"},{"floor":48,"key":"infinitespire:Lucky Rock"},{"floor":48,"key":"Vajra"},{"floor":54,"key":"Shuriken"},{"floor":54,"key":"infinitespire:Freezer"}],"event_choices":[{"damage_healed":0.0,"max_hp_gain":0.0,"max_hp_loss":0.0,"gold_gain":0.0,"event_name":"Living Wall","player_choice":"Grow","floor":5.0,"gold_loss":0.0,"damage_taken":0.0,"cards_upgraded":["Master of Strategy"]},{"damage_healed":0.0,"max_hp_gain":0.0,"max_hp_loss":0.0,"gold_gain":0.0,"event_name":"Accursed Blacksmith","player_choice":"Rummage","floor":8.0,"gold_loss":0.0,"damage_taken":0.0,"relics_obtained":["WarpedTongs"],"cards_obtained":["Pain"]},{"damage_healed":0.0,"max_hp_gain":0.0,"max_hp_loss":0.0,"gold_gain":0.0,"event_name":"Duplicator","player_choice":"Copied","floor":20.0,"gold_loss":0.0,"damage_taken":0.0,"cards_obtained":["Aggregate"]},{"damage_healed":0.0,"max_hp_gain":0.0,"max_hp_loss":0.0,"gold_gain":0.0,"cards_transformed":["Defend_B","Defend_B"],"event_name":"Drug Dealer","player_choice":"Became Test Subject","floor":31.0,"gold_loss":0.0,"damage_taken":0.0,"cards_obtained":["Hello World","Recycle"]},{"damage_healed":0.0,"max_hp_gain":0.0,"max_hp_loss":0.0,"gold_gain":0.0,"event_name":"SensoryStone","player_choice":"Memory 3","floor":37.0,"gold_loss":0.0,"damage_taken":10.0},{"damage_healed":0.0,"max_hp_gain":0.0,"max_hp_loss":0.0,"gold_gain":0.0,"event_name":"OrinTheCat","player_choice":"Fight","floor":38.0,"gold_loss":0.0,"damage_taken":0.0},{"damage_healed":0,"gold_gain":0,"player_choice":"Fight","damage_taken":0,"max_hp_gain":0,"max_hp_loss":0,"event_name":"OrinTheCat","floor":42,"gold_loss":0}],"is_beta":false,"boss_relics":[{"not_picked":["Busted Crown","Snecko Eye"],"picked":"SlaversCollar"},{"not_picked":["Coffee Dripper","SacredBark"],"picked":"Black Star"}],"items_purged_floors":[2,4,11,19,22,27,44,47,53],"is_endless":false,"potions_floor_spawned":[1,10,24,38,40,41,46,54],"ascension_level":1}}