{"host":"s9n53dspxjwkh5no","time":1609357807,"event":{"mods":["AchievementEnabler","Aspiration","Bard","BaseMod","Beaked The Cultist","Better Altar","Better Match","Better Note","Better Sensory Stone","Better Skull","Better Third Choice","BetterRewards","Colored Map","Colored Powertips","Conspire","Dio Mod","Disable Question Mark Monsters","Downfall","Energized Spire","Halation","Hermit","Hubris","Marisa????????","Marked Mod","Melee Mod","Minty Spire (QoL Compilation)","Quick Restart","Random Character Button","Rare Cards Sparkle","Reimu??????","Relic Stats","Remilia??????","Replay The Spire","Shade Mod","Small Relic Pack","Spicy Shops","StSLib","The Animator","The Bug Knight","The Construct","The Disciple","The Hierophant","The Problem Sleuth","The Runesmith","The Servant 0.9.4","The Valiant","The Wild Card","TheArtist","TheBandit","TheVacant","Wandering Minibosses","vexMod"],"gold_per_floor":[125,125,200,200,200,228,136,8,8,21,44,64,64,107,107,217,217,217,217],"floor_reached":18,"playtime":875,"items_purged":[],"score":218,"play_id":"54e76635-3e5f-43c2-a270-96213ad2c8ea","local_time":"20201230125007","is_ascension_mode":false,"campfire_choices":[{"floor":13,"key":"REST"},{"floor":15,"key":"REST"}],"circlet_count":0,"master_deck":["animator:Strike_Overlord","animator:Defend_Overlord","animator:Cocytus","animator:Demiurge","animator:YaoHaDucy","animator:Strike_AccelWorld","animator:Strike_HitsugiNoChaika","animator:Strike_OwariNoSeraph","animator:Defend_HitsugiNoChaika","animator:Defend_Overlord","animator:Defend_GATE","animator:Hakurou","animator:ElricAlphonse","animator:PandorasActor","animator:Shalltear","animator:NarberalGamma","animator:Hans"],"relics":["animator:LivingPicture","animator:TheMissingPiece","NeowsBlessing","aspiration:BabyByrd","halation:EternalFortune","conspire:Dentures","halation:LostSnail","Darkstone Periapt","halation:Prosthetics"],"acts_visited":["Exordium","TheCity"],"potions_floor_usage":[14,16,18],"damage_taken":[{"damage":0,"enemies":"Jaw Worm","floor":1,"turns":1},{"damage":0,"enemies":"3 Sentries","floor":6,"turns":2},{"damage":0,"enemies":"Small Slimes","floor":10,"turns":1},{"damage":14,"enemies":"Cultist","floor":11,"turns":5},{"damage":13,"enemies":"3 Louse","floor":12,"turns":5},{"damage":0,"enemies":"HollowMod:MossKnight","floor":14,"turns":9},{"damage":46,"enemies":"The Guardian","floor":16,"turns":15},{"damage":37,"enemies":"3 Byrds","floor":18,"turns":5}],"seed_played":"-4597830273829896479","potions_obtained":[{"floor":11,"key":"FearPotion"},{"floor":12,"key":"SkillPotion"},{"floor":14,"key":"Adrenaline Potion"}],"is_trial":false,"path_per_floor":["M","?","?","?","?","E","?","$","T","M","M","M","R","E","R","B",null,"M"],"character_chosen":"THE_ANIMATOR","items_purchased":["halation:LostSnail","animator:Hakurou"],"campfire_rested":2,"item_purchase_floors":[8,8],"current_hp_per_floor":[66,66,66,66,69,69,69,69,69,70,56,44,65,65,71,25,36,0,0],"gold":217,"neow_bonus":"THREE_ENEMY_KILL","is_daily":false,"chose_seed":false,"campfire_upgraded":0,"win_rate":0.0,"timestamp":1609357807,"path_taken":["M","?","?","?","?","E","?","$","T","M","M","M","R","E","R","BOSS","M"],"items_purchased_type":["Relic","Card"],"build_version":"2020-12-22","purchased_purges":0,"victory":false,"max_hp_per_floor":[66,66,66,66,69,69,69,69,69,70,70,71,71,71,71,71,36,36,36],"relic_stats":{"Darkstone Periapt":0,"counters":[8,43],"obtain_stats":[{"conspire:Dentures":6,"Darkstone Periapt":14,"NeowsBlessing":0,"aspiration:BabyByrd":2,"animator:TheMissingPiece":0,"halation:EternalFortune":5,"animator:LivingPicture":0,"halation:LostSnail":8,"halation:Prosthetics":17},{"conspire:Dentures":2,"Darkstone Periapt":6,"NeowsBlessing":0,"aspiration:BabyByrd":1,"animator:TheMissingPiece":0,"halation:EternalFortune":1,"animator:LivingPicture":0,"halation:LostSnail":2,"halation:Prosthetics":7},{"conspire:Dentures":3,"Darkstone Periapt":23,"NeowsBlessing":0,"aspiration:BabyByrd":1,"animator:TheMissingPiece":0,"halation:EternalFortune":1,"animator:LivingPicture":0,"halation:LostSnail":3,"halation:Prosthetics":38}]},"card_choices":[{"not_picked":["animator:YaoHaDucy","animator:Gluttony"],"picked":"animator:Sloth","floor":1},{"not_picked":["animator:EmiyaShirou","animator:Berserker"],"picked":"animator:YaoHaDucy","floor":6},{"not_picked":["animator:Cocytus","animator:RinTohsaka"],"picked":"animator:ElricAlphonse","floor":10},{"not_picked":["animator:NarberalGamma","animator:Entoma"],"picked":"animator:PandorasActor","floor":11},{"not_picked":["animator:Kazuma","animator:Gluttony"],"picked":"animator:Shalltear","floor":12},{"not_picked":["animator:Cocytus","animator:Eris"],"picked":"animator:NarberalGamma","floor":14},{"not_picked":["animator:Wiz","animator:Eris"],"picked":"animator:Hans","floor":16}],"player_experience":361527,"relics_obtained":[{"floor":6,"key":"conspire:Dentures"},{"floor":14,"key":"Darkstone Periapt"}],"event_choices":[{"damage_healed":0,"gold_gain":75,"player_choice":"Gained Gold","damage_taken":0,"max_hp_gain":0,"max_hp_loss":0,"event_name":"Golden Wing","floor":3,"gold_loss":0},{"cards_removed":["animator:Sloth"],"damage_healed":5,"gold_gain":0,"player_choice":"Offered Common","damage_taken":0,"max_hp_gain":0,"max_hp_loss":0,"event_name":"Bonfire Elementals","floor":4,"gold_loss":0},{"cards_removed":["animator:Sloth"],"damage_healed":5,"gold_gain":0,"player_choice":"Offered Special","damage_taken":0,"max_hp_gain":0,"max_hp_loss":0,"event_name":"Bonfire Elementals","floor":4,"gold_loss":0}],"is_beta":false,"boss_relics":[{"not_picked":["vexMod:FluxCapacitor","halation:CatFaceCupcake"],"picked":"halation:Prosthetics"}],"items_purged_floors":[],"is_endless":false,"potions_floor_spawned":[11,12,14],"killed_by":"3 Byrds","ascension_level":0}}