{"host":"pynofkhbweftzsaw","time":1609310065,"event":{"mods":["BaseMod","Colored Map","Marisa????????","Minty Spire (QoL Compilation)","StSLib","The Servant 0.9.4"],"gold_per_floor":[112,112,164,114,114,150,150,150,150,150,50,88,106,125,125,249,249,264,264,287,187,187,187,202,241,289,289,289,314,239,255,255,383,383,396,202,271,271,291,291,624,674,697,708,722,742,60,60,60,60,60],"floor_reached":50,"playtime":2584,"items_purged":["Defend_R","Defend_R"],"score":642,"play_id":"4e4d7540-c74e-40c0-a430-fe7b3ace078e","local_time":"20201230143425","is_ascension_mode":true,"campfire_choices":[{"data":"Bash","floor":7,"key":"SMITH"},{"data":"Pommel Strike","floor":10,"key":"SMITH"},{"data":"Pommel Strike","floor":15,"key":"SMITH"},{"data":"Flex","floor":23,"key":"SMITH"},{"data":"Searing Blow+1","floor":27,"key":"SMITH"},{"data":"Searing Blow+2","floor":32,"key":"SMITH"},{"data":"Apotheosis","floor":40,"key":"SMITH"},{"data":"Mayhem","floor":49,"key":"SMITH"}],"circlet_count":0,"master_deck":["Strike_R","Strike_R","Strike_R","Strike_R","Bash+1","Pommel Strike+1","Pommel Strike+1","Clash","Twin Strike","Feed","CurseOfTheBell","Flex+1","Pommel Strike+1","Searing Blow+3","Battle Trance","Clash+1","Apotheosis+1","Fiend Fire","Seeing Red","Havoc+1","Havoc+1","Warcry+1","Seeing Red","Mayhem+1"],"relics":["Burning Blood","NeowsBlessing","Regal Pillow","Bird Faced Urn","WingedGreaves","Torii","Calling Bell","Lantern","Eternal Feather","CaptainsWheel","Gremlin Horn","Potion Belt","Question Card","Coffee Dripper","Du-Vu Doll","Mango","Oddly Smooth Stone","Charon\u0027s Ashes","Pear","ClockworkSouvenir"],"acts_visited":["Exordium","TheCity","TheBeyond"],"potions_floor_usage":[20,20,29,33,37,37,44,50,50],"damage_taken":[{"damage":0,"enemies":"2 Louse","floor":1,"turns":1},{"damage":0,"enemies":"Lagavulin","floor":6,"turns":1},{"damage":0,"enemies":"Gremlin Nob","floor":12,"turns":1},{"damage":0,"enemies":"Jaw Worm","floor":13,"turns":1},{"damage":8,"enemies":"Small Slimes","floor":14,"turns":2},{"damage":63,"enemies":"The Guardian","floor":16,"turns":8},{"damage":10,"enemies":"Spheric Guardian","floor":18,"turns":3},{"damage":3,"enemies":"3 Byrds","floor":20,"turns":3},{"damage":8,"enemies":"Cultist and Chosen","floor":24,"turns":4},{"damage":30,"enemies":"Book of Stabbing","floor":25,"turns":3},{"damage":8,"enemies":"Snecko","floor":29,"turns":3},{"damage":12,"enemies":"Centurion and Healer","floor":31,"turns":3},{"damage":56,"enemies":"Collector","floor":33,"turns":5},{"damage":17,"enemies":"3 Darklings","floor":35,"turns":2},{"damage":38,"enemies":"2 Orb Walkers","floor":37,"turns":4},{"damage":24,"enemies":"3 Shapes","floor":39,"turns":3},{"damage":0,"enemies":"Mind Bloom Boss Battle","floor":42,"turns":5},{"damage":21,"enemies":"Writhing Mass","floor":44,"turns":2},{"damage":21,"enemies":"4 Shapes","floor":45,"turns":3},{"damage":18,"enemies":"3 Darklings","floor":46,"turns":2},{"damage":54,"enemies":"Time Eater","floor":50,"turns":4}],"seed_played":"-4670650714772028382","potions_obtained":[{"floor":12,"key":"Energy Potion"},{"floor":13,"key":"DistilledChaos"},{"floor":18,"key":"AttackPotion"},{"floor":31,"key":"BlessingOfTheForge"},{"floor":33,"key":"SkillPotion"},{"floor":35,"key":"AttackPotion"},{"floor":38,"key":"LiquidMemories"},{"floor":38,"key":"EssenceOfSteel"},{"floor":38,"key":"SpeedPotion"},{"floor":45,"key":"Weak Potion"}],"is_trial":false,"path_per_floor":["M","?","T","?","?","E","R","?","T","R","$","E","M","M","R","B",null,"M","?","M","$","?","R","M","E","T","R","?","M","?","M","R","B",null,"M","$","?","?","M","R","?","?","T","M","M","M","$","?","R","B"],"character_chosen":"IRONCLAD","items_purchased":["Clash","Apotheosis","Charon\u0027s Ashes","Pear","ClockworkSouvenir"],"campfire_rested":0,"item_purchase_floors":[11,36,47,47,47],"current_hp_per_floor":[80,80,80,80,73,79,79,79,79,79,79,80,80,78,78,21,80,79,79,85,85,85,86,84,60,60,69,69,67,67,64,73,23,89,78,78,46,46,31,40,40,60,60,45,34,22,32,32,44,0,0],"gold":60,"neow_bonus":"THREE_ENEMY_KILL","is_daily":false,"chose_seed":false,"campfire_upgraded":8,"win_rate":0.0,"timestamp":1609310065,"path_taken":["M","?","?","?","?","E","R","?","T","R","$","E","?","M","R","BOSS","M","?","M","$","?","R","?","E","T","R","?","M","?","M","R","BOSS","M","$","?","?","?","R","?","?","T","?","M","M","$","?","R","BOSS"],"items_purchased_type":["Card","Card","Relic","Relic","Relic"],"build_version":"2020-12-22","purchased_purges":2,"victory":false,"max_hp_per_floor":[80,80,80,80,80,80,80,80,80,80,80,80,80,80,80,80,80,83,83,86,86,86,86,86,86,86,86,86,86,86,89,89,89,89,89,89,89,89,92,92,92,106,106,106,110,110,120,120,120,120,120],"card_choices":[{"not_picked":["Body Slam","Searing Blow"],"picked":"Pommel Strike","floor":1},{"not_picked":["Feel No Pain","Blood for Blood"],"picked":"Pommel Strike","floor":6},{"not_picked":["Clash","Clothesline"],"picked":"Twin Strike","floor":12},{"not_picked":["True Grit","Rampage","Barricade"],"picked":"SKIP","floor":13},{"not_picked":["Anger","Clothesline","Second Wind"],"picked":"SKIP","floor":14},{"not_picked":["Impervious","Bludgeon"],"picked":"Feed","floor":16},{"not_picked":["Sentinel+1","Anger"],"picked":"Flex","floor":18},{"not_picked":["Wild Strike+1","Carnage"],"picked":"Pommel Strike+1","floor":20},{"not_picked":["Havoc","Wild Strike+1"],"picked":"Searing Blow+1","floor":24},{"not_picked":["Armaments","Ghostly Armor"],"picked":"Battle Trance","floor":25},{"not_picked":["Anger","Sword Boomerang","Shrug It Off","Double Tap"],"picked":"SKIP","floor":29},{"not_picked":["Heavy Blade+1","Perfected Strike","Body Slam+1"],"picked":"Clash+1","floor":31},{"not_picked":["Wild Strike+1","True Grit","Iron Wave","Cleave+1"],"picked":"SKIP","floor":35},{"not_picked":["Armaments","Shrug It Off+1","Dropkick"],"picked":"Fiend Fire","floor":37},{"not_picked":["Power Through","Second Wind+1","Dark Embrace"],"picked":"Seeing Red","floor":39},{"not_picked":["Perfected Strike","Flame Barrier","Anger+1"],"picked":"Havoc+1","floor":42},{"not_picked":["Sword Boomerang","Perfected Strike+1","Flex"],"picked":"Havoc+1","floor":44},{"not_picked":["Armaments+1","Flex+1","Whirlwind"],"picked":"Warcry+1","floor":45},{"not_picked":["Body Slam","Havoc","Flex"],"picked":"Seeing Red","floor":46},{"not_picked":["Transmutation","Dark Shackles","Panacea"],"picked":"Mayhem","floor":48}],"player_experience":110506,"relics_obtained":[{"floor":3,"key":"Regal Pillow"},{"floor":6,"key":"Bird Faced Urn"},{"floor":9,"key":"WingedGreaves"},{"floor":12,"key":"Torii"},{"floor":17,"key":"Lantern"},{"floor":17,"key":"Eternal Feather"},{"floor":17,"key":"CaptainsWheel"},{"floor":25,"key":"Gremlin Horn"},{"floor":26,"key":"Potion Belt"},{"floor":37,"key":"Du-Vu Doll"},{"floor":42,"key":"Mango"},{"floor":43,"key":"Oddly Smooth Stone"}],"event_choices":[{"damage_healed":0,"gold_gain":0,"player_choice":"Take Wound","damage_taken":0,"relics_obtained":["Golden Idol"],"max_hp_gain":0,"max_hp_loss":0,"event_name":"Golden Idol","floor":2,"gold_loss":0,"cards_obtained":["Injury"]},{"cards_removed":["Defend_R"],"damage_healed":0,"gold_gain":0,"player_choice":"Card Removal","damage_taken":0,"max_hp_gain":0,"max_hp_loss":0,"event_name":"The Cleric","floor":4,"gold_loss":50},{"cards_removed":["Defend_R"],"damage_healed":0,"gold_gain":0,"player_choice":"Card Removal","damage_taken":7,"max_hp_gain":0,"max_hp_loss":0,"event_name":"Golden Wing","floor":5,"gold_loss":0},{"cards_removed":["Injury"],"damage_healed":0,"gold_gain":0,"player_choice":"Purged","damage_taken":0,"max_hp_gain":0,"max_hp_loss":0,"event_name":"Purifier","floor":8,"gold_loss":0},{"damage_healed":0,"gold_gain":0,"player_choice":"Ignored","damage_taken":0,"max_hp_gain":0,"max_hp_loss":0,"event_name":"Ghosts","floor":19,"gold_loss":0},{"cards_removed":["Strike_R"],"damage_healed":0,"gold_gain":0,"player_choice":"Offered Basic","damage_taken":0,"max_hp_gain":0,"max_hp_loss":0,"event_name":"Bonfire Elementals","floor":22,"gold_loss":0},{"damage_healed":0,"gold_gain":0,"player_choice":"Opened","damage_taken":0,"relics_obtained":["Question Card"],"max_hp_gain":0,"max_hp_loss":0,"event_name":"The Mausoleum","floor":28,"gold_loss":0,"cards_obtained":["Writhe"]},{"cards_removed":["Writhe"],"damage_healed":0,"gold_gain":0,"player_choice":"Gave Gold","damage_taken":0,"max_hp_gain":0,"max_hp_loss":0,"event_name":"Beggar","floor":30,"gold_loss":75},{"damage_healed":0,"gold_gain":0,"player_choice":"Fight","damage_taken":0,"max_hp_gain":0,"max_hp_loss":0,"event_name":"Mysterious Sphere","floor":37,"gold_loss":0},{"damage_healed":0,"gold_gain":0,"player_choice":"Got Potions","damage_taken":0,"max_hp_gain":0,"max_hp_loss":0,"event_name":"Lab","floor":38,"gold_loss":0},{"damage_healed":0,"gold_gain":333,"player_choice":"Gave Idol","damage_taken":0,"max_hp_gain":0,"max_hp_loss":0,"event_name":"The Moai Head","floor":41,"relics_lost":["Golden Idol"],"gold_loss":0},{"damage_healed":0,"gold_gain":0,"player_choice":"Fight","damage_taken":0,"max_hp_gain":0,"max_hp_loss":0,"event_name":"MindBloom","floor":42,"gold_loss":0},{"damage_healed":0,"gold_gain":0,"player_choice":"Memory 1","damage_taken":0,"max_hp_gain":0,"max_hp_loss":0,"event_name":"SensoryStone","floor":48,"gold_loss":0}],"is_beta":false,"boss_relics":[{"not_picked":["Mark of Pain","Velvet Choker"],"picked":"Calling Bell"},{"not_picked":["Snecko Eye","Pandora\u0027s Box"],"picked":"Coffee Dripper"}],"items_purged_floors":[11,21],"is_endless":false,"potions_floor_spawned":[12,13,18,31,33,35,45],"killed_by":"Time Eater","ascension_level":1}}