{"host":"qwttrqaysb380yri","time":1609369160,"event":{"mods":["BaseMod","Custom Start","Minty Spire (QoL Compilation)","Permanent Neow","Puzzle Mod","Relic Stats","StSLib","The Cursed","The Hierophant"],"gold_per_floor":[118,129,148,168,168,196,214,230,230,247,247,274,306,347,359,371,371],"floor_reached":16,"playtime":552,"items_purged":[],"score":214,"play_id":"cabf4b1d-a898-42aa-92e9-6c16dcbb72d8","local_time":"20201230235920","is_ascension_mode":true,"campfire_choices":[{"floor":11,"key":"REST"},{"floor":15,"key":"REST"}],"circlet_count":0,"master_deck":["AscendersBane","Strike_G","Strike_G","Strike_G","Strike_G","Strike_G","Defend_G","Defend_G","Defend_G","Defend_G","Defend_G","Survivor","Neutralize+1","Underhanded Strike","All Out Attack","Underhanded Strike","Dagger Throw","Eviscerate","Dagger Spray","Acrobatics","Predator","Concentrate","Escape Plan"],"relics":["SlaversCollar","Shuriken","Pear","MawBank","Letter Opener"],"acts_visited":["Exordium"],"potions_floor_usage":[8,12,14],"damage_taken":[{"damage":6,"enemies":"Cultist","floor":1,"turns":4},{"damage":4,"enemies":"Small Slimes","floor":2,"turns":4},{"damage":7,"enemies":"Jaw Worm","floor":3,"turns":4},{"damage":6,"enemies":"Gremlin Gang","floor":4,"turns":3},{"damage":5,"enemies":"3 Sentries","floor":6,"turns":5},{"damage":6,"enemies":"Red Slaver","floor":7,"turns":3},{"damage":6,"enemies":"3 Louse","floor":8,"turns":2},{"damage":6,"enemies":"Looter","floor":10,"turns":2},{"damage":6,"enemies":"Gremlin Nob","floor":12,"turns":3},{"damage":7,"enemies":"Exordium Wildlife","floor":13,"turns":2},{"damage":30,"enemies":"Lagavulin","floor":14,"turns":4},{"damage":14,"enemies":"The Guardian","floor":16,"turns":9}],"seed_played":"-5665940315858419631","potions_obtained":[{"floor":2,"key":"Weak Potion"},{"floor":6,"key":"SkillPotion"},{"floor":8,"key":"SkillPotion"}],"is_trial":false,"path_per_floor":["M","M","M","M","?","E","M","M","T","M","R","E","M","E","R","B"],"character_chosen":"THE_SILENT","items_purchased":[],"campfire_rested":2,"item_purchase_floors":[],"current_hp_per_floor":[53,49,42,36,36,31,25,19,29,23,45,39,32,2,24,10,10],"gold":371,"neow_bonus":"BOSS_RELIC","is_daily":false,"chose_seed":false,"campfire_upgraded":0,"win_rate":0.0,"timestamp":1609369160,"path_taken":["M","M","?","M","?","E","M","?","T","M","R","E","M","E","R","BOSS"],"items_purchased_type":[],"build_version":"2020-12-22","purchased_purges":0,"victory":false,"max_hp_per_floor":[66,66,66,66,66,66,66,66,76,76,76,76,76,76,76,76,76],"relic_stats":{"counters":[12,45],"Shuriken":[11],"Letter Opener":[15],"MawBank":48,"obtain_stats":[{"SlaversCollar":0,"Pear":9,"Shuriken":6,"Letter Opener":14,"MawBank":12,"Ring of the Snake":0},{"SlaversCollar":0,"Pear":7,"Shuriken":5,"Letter Opener":11,"MawBank":9,"Ring of the Snake":0},{"SlaversCollar":0,"Pear":25,"Shuriken":20,"Letter Opener":36,"MawBank":30,"Ring of the Snake":0}]},"card_choices":[{"not_picked":["Prepared","Cloak And Dagger"],"picked":"Underhanded Strike","floor":1},{"not_picked":["Terror","Deflect"],"picked":"All Out Attack","floor":2},{"not_picked":["Riddle With Holes","Slice"],"picked":"Underhanded Strike","floor":3},{"not_picked":["Terror","Masterful Stab"],"picked":"Dagger Throw","floor":4},{"not_picked":["Poisoned Stab","Deadly Poison"],"picked":"Eviscerate","floor":6},{"not_picked":["Catalyst","Flying Knee"],"picked":"Dagger Spray","floor":7},{"not_picked":["Bane","Poisoned Stab","Cloak And Dagger"],"picked":"SKIP","floor":8},{"not_picked":["Predator","Cloak And Dagger"],"picked":"Acrobatics","floor":10},{"not_picked":["Flying Knee","Underhanded Strike"],"picked":"Predator","floor":12},{"not_picked":["Quick Slash","Dodge and Roll"],"picked":"Concentrate","floor":13},{"not_picked":["Dagger Spray","Finisher"],"picked":"Escape Plan","floor":14}],"player_experience":1962166,"relics_obtained":[{"floor":6,"key":"Shuriken"},{"floor":9,"key":"Pear"},{"floor":12,"key":"MawBank"},{"floor":14,"key":"Letter Opener"}],"event_choices":[{"damage_healed":0,"gold_gain":0,"player_choice":"Upgraded","damage_taken":0,"max_hp_gain":0,"max_hp_loss":0,"event_name":"Upgrade Shrine","floor":5,"gold_loss":0,"cards_upgraded":["Neutralize"]}],"is_beta":false,"boss_relics":[],"items_purged_floors":[],"is_endless":false,"potions_floor_spawned":[2,6,7,8,10],"killed_by":"The Guardian","ascension_level":14}}