{"host":"adv1uqz3812gqgbw","time":1609354058,"event":{"mods":["BaseMod","Better Note","Colored Powertips","Custom Start","Dio Mod","GifTheSpireLib","Hermit","Minty Spire (QoL Compilation)","StSLib","The Runesmith","Uncapped"],"gold_per_floor":[110,185,21,31,51,79,79],"floor_reached":6,"playtime":526,"items_purged":[],"score":142,"play_id":"b8ab1acb-09e9-4485-9991-d5c1a11360ad","local_time":"20201230164738","daily_mods":["Diverse","Colorless Cards","Time Dilation","Flight","DeadlyEvents","Elite Swarm","Lethality"],"is_ascension_mode":true,"campfire_choices":[],"circlet_count":0,"master_deck":["Adrenaline+1","Clash+1","Clash+1","Seeing Red+1","Seeing Red+1","Infernal Blade+1","Infernal Blade+1","Infernal Blade+1","Seek+1","Seek+1"],"relics":["Burning Blood","Vajra","PureWater","Ice Cream","Pen Nib","Shuriken","Singing Bowl","Black Blood","Akabeko","Anchor","Mango","Lee\u0027s Waffle","WristBlade","Pear","Strawberry","Ring of the Snake","Bag of Preparation","Lantern","hermit:DentedPlate","Brimstone","Blood Vial"],"acts_visited":["Exordium"],"potions_floor_usage":[5],"damage_taken":[{"damage":0,"enemies":"Jaw Worm","floor":1,"turns":1},{"damage":0,"enemies":"2 Louse","floor":4,"turns":1},{"damage":0,"enemies":"Small Slimes","floor":5,"turns":1},{"damage":0,"enemies":"Lagavulin","floor":6,"turns":1}],"seed_played":"8751972931689202931","potions_obtained":[{"floor":5,"key":"Fruit Juice"}],"is_trial":true,"path_per_floor":["M","?","$","M","M","E"],"character_chosen":"IRONCLAD","items_purchased":["Brimstone"],"campfire_rested":0,"item_purchase_floors":[3],"current_hp_per_floor":[73,62,62,75,82,84,84],"gold":79,"neow_bonus":"","is_daily":false,"chose_seed":false,"campfire_upgraded":0,"win_rate":0.0,"timestamp":1609354058,"path_taken":["M","?","$","M","M","E"],"items_purchased_type":["Relic"],"build_version":"2020-12-22","purchased_purges":0,"victory":false,"max_hp_per_floor":[73,73,73,75,82,84,84],"card_choices":[{"not_picked":["Blade Dance","Runesmith:ChiselStab","Runesmith:HeatedChisel"],"picked":"Singing Bowl","floor":1},{"not_picked":["dioMod:VengefulMuda","dioMod:Minions","hermit:Desperado"],"picked":"Singing Bowl","floor":4},{"not_picked":["Sucker Punch","Acrobatics","hermit:Gestalt"],"picked":"Singing Bowl","floor":5},{"not_picked":["Runesmith:ReplicatingBarrier","dioMod:Regeneration","Wraith Form v2"],"picked":"Singing Bowl","floor":6}],"player_experience":345865,"relics_obtained":[{"floor":6,"key":"Blood Vial"}],"event_choices":[{"damage_healed":0,"gold_gain":75,"player_choice":"Gather Gold","damage_taken":11,"max_hp_gain":0,"max_hp_loss":0,"event_name":"World of Goop","floor":2,"gold_loss":0}],"is_beta":false,"boss_relics":[],"items_purged_floors":[],"is_endless":false,"potions_floor_spawned":[5],"killed_by":"Lagavulin","ascension_level":20}}