{"host":"J","time":1609364810,"event":{"mods":["AchievementEnabler","BaseMod","Block Reminder","Highlight Path","Minty Spire (QoL Compilation)","Permanent Neow","Quick Restart","Relic Stats","UnlockEverythingMod"],"gold_per_floor":[114,127,137,154,167,202,202,214,214,214,231,259,277,277,277,350,350,370,390,390,409,419,419,451,451,451,451,13,39,39,52,52,52,52],"floor_reached":33,"playtime":3524,"items_purged":["Strike_G"],"score":652,"play_id":"51b2c86a-e6ce-4f97-a801-4cafcdbac2e6","local_time":"20201230224650","is_ascension_mode":true,"campfire_choices":[{"data":"Deadly Poison","floor":7.0,"key":"SMITH"},{"floor":10.0,"key":"REST"},{"data":"Deadly Poison","floor":15.0,"key":"SMITH"},{"floor":23.0,"key":"REST"},{"data":"Corpse Explosion","floor":25.0,"key":"SMITH"},{"data":"Acrobatics","floor":27.0,"key":"SMITH"},{"floor":32.0,"key":"REST"}],"circlet_count":0,"master_deck":["AscendersBane","Strike_G","Strike_G","Strike_G","Strike_G","Defend_G","Defend_G","Defend_G","Defend_G","Defend_G","Survivor","Neutralize","Predator","Dagger Spray","Deadly Poison+1","PiercingWail","Deadly Poison+1","Acrobatics+1","Skewer","Terror","Corpse Explosion+1","Poisoned Stab","Underhanded Strike+1","Ghostly","Ghostly","Ghostly","PiercingWail","Dagger Throw","Calculated Gamble","After Image"],"relics":["Velvet Choker","Ornamental Fan","Vajra","HoveringKite","Lantern","Ice Cream","Paper Crane","Blue Candle"],"acts_visited":["Exordium","TheCity"],"potions_floor_usage":[],"damage_taken":[{"damage":8.0,"enemies":"Jaw Worm","floor":1.0,"turns":6.0},{"damage":2.0,"enemies":"2 Louse","floor":2.0,"turns":3.0},{"damage":0.0,"enemies":"Small Slimes","floor":3.0,"turns":2.0},{"damage":0.0,"enemies":"2 Fungi Beasts","floor":4.0,"turns":3.0},{"damage":0.0,"enemies":"Lots of Slimes","floor":5.0,"turns":3.0},{"damage":32.0,"enemies":"Gremlin Nob","floor":6.0,"turns":4.0},{"damage":0.0,"enemies":"Looter","floor":8.0,"turns":2.0},{"damage":7.0,"enemies":"3 Louse","floor":11.0,"turns":3.0},{"damage":13.0,"enemies":"3 Sentries","floor":12.0,"turns":8.0},{"damage":0.0,"enemies":"Gremlin Gang","floor":13.0,"turns":4.0},{"damage":10.0,"enemies":"Hexaghost","floor":16.0,"turns":7.0},{"damage":17.0,"enemies":"2 Thieves","floor":18.0,"turns":2.0},{"damage":14.0,"enemies":"Spheric Guardian","floor":19.0,"turns":4.0},{"damage":7.0,"enemies":"Shelled Parasite and Fungi","floor":21.0,"turns":6.0},{"damage":4.0,"enemies":"Snecko","floor":22.0,"turns":5.0},{"damage":0.0,"enemies":"Slavers","floor":24.0,"turns":5.0},{"damage":18.0,"enemies":"Book of Stabbing","floor":29.0,"turns":5.0},{"damage":0.0,"enemies":"Snake Plant","floor":31.0,"turns":4.0},{"damage":0,"enemies":"Collector","floor":33,"turns":3}],"seed_played":"3927599282775267538","potions_obtained":[{"floor":1.0,"key":"Poison Potion"},{"floor":3.0,"key":"Ancient Potion"},{"floor":8.0,"key":"Poison Potion"},{"floor":12.0,"key":"Strength Potion"},{"floor":16.0,"key":"LiquidMemories"},{"floor":18.0,"key":"CunningPotion"},{"floor":24.0,"key":"Swift Potion"},{"floor":29.0,"key":"FearPotion"}],"is_trial":false,"path_per_floor":["M","M","M","M","M","E","R","M","T","R","M","E","M","?","R","B",null,"M","M","?","M","M","R","E","R","T","R","$","E","?","M","R","B"],"character_chosen":"THE_SILENT","items_purchased":["Calculated Gamble","Paper Crane"],"campfire_rested":3,"item_purchase_floors":[28,28],"current_hp_per_floor":[51,49,49,49,49,17,17,17,17,36,29,16,16,21,21,11,56,39,25,25,18,14,24,24,24,24,24,24,6,6,6,16,16,16],"gold":52,"neow_bonus":"BOSS_RELIC","is_daily":false,"chose_seed":false,"campfire_upgraded":4,"win_rate":0.0,"timestamp":1609364810,"path_taken":["M","M","M","M","M","E","R","M","T","R","M","E","M","?","R","BOSS","M","M","?","M","M","R","E","R","T","R","$","E","?","M","R","BOSS"],"items_purchased_type":["Card","Relic"],"build_version":"2020-12-18","purchased_purges":1,"victory":false,"max_hp_per_floor":[66,66,66,66,66,66,66,66,66,66,66,66,66,71,71,71,71,71,71,35,35,35,35,35,35,35,35,35,35,35,35,35,35,35],"relic_stats":{"counters":[19,79],"Ornamental Fan":[84],"Blue Candle":[0],"HoveringKite":[13],"obtain_stats":[{"Ice Cream":26,"Lantern":24,"Ornamental Fan":6,"Blue Candle":29,"Velvet Choker":0,"Vajra":12,"HoveringKite":17,"Paper Crane":28,"Ring of the Snake":0},{"Ice Cream":16,"Lantern":16,"Ornamental Fan":6,"Blue Candle":17,"Velvet Choker":0,"Vajra":9,"HoveringKite":11,"Paper Crane":16,"Ring of the Snake":0},{"Ice Cream":67,"Lantern":67,"Ornamental Fan":21,"Blue Candle":72,"Velvet Choker":0,"Vajra":34,"HoveringKite":45,"Paper Crane":67,"Ring of the Snake":0}]},"card_choices":[{"not_picked":["Tactician","Deflect"],"picked":"Predator","floor":1.0},{"not_picked":["Sucker Punch","Reflex"],"picked":"Dagger Spray","floor":2.0},{"not_picked":["Slice","Quick Slash"],"picked":"Deadly Poison","floor":3.0},{"not_picked":["Cloak And Dagger","Deflect"],"picked":"PiercingWail","floor":4.0},{"not_picked":["Dodge and Roll","Dagger Throw"],"picked":"Deadly Poison","floor":5.0},{"not_picked":["Blade Dance","Finisher"],"picked":"Acrobatics","floor":6.0},{"not_picked":["Dodge and Roll","Acrobatics"],"picked":"Skewer","floor":8.0},{"not_picked":["Sucker Punch","Envenom","Slice"],"picked":"SKIP","floor":11.0},{"not_picked":["Accuracy","Deflect","Cloak And Dagger"],"picked":"SKIP","floor":12.0},{"not_picked":["PiercingWail","Caltrops"],"picked":"Terror","floor":13.0},{"not_picked":["Doppelganger","A Thousand Cuts"],"picked":"Corpse Explosion","floor":16.0},{"not_picked":["Acrobatics","Deadly Poison"],"picked":"Poisoned Stab","floor":18.0},{"not_picked":["Backflip","Dash"],"picked":"Underhanded Strike+1","floor":19.0},{"not_picked":["Heel Hook","Slice"],"picked":"PiercingWail","floor":21.0},{"not_picked":["Predator","Prepared"],"picked":"Dagger Throw","floor":22.0},{"not_picked":["Tactician","Predator","Concentrate"],"picked":"SKIP","floor":24.0},{"not_picked":["Catalyst","Acrobatics"],"picked":"After Image","floor":29.0},{"not_picked":["Slice","Eviscerate","Prepared"],"picked":"SKIP","floor":31.0}],"player_experience":228039,"relics_obtained":[{"floor":6.0,"key":"Ornamental Fan"},{"floor":12.0,"key":"Vajra"},{"floor":24.0,"key":"Lantern"},{"floor":26.0,"key":"Ice Cream"},{"floor":29.0,"key":"Blue Candle"}],"event_choices":[{"damage_healed":0.0,"max_hp_gain":5.0,"max_hp_loss":0.0,"gold_gain":0.0,"event_name":"Big Fish","player_choice":"Donut","floor":14.0,"gold_loss":0.0,"damage_taken":0.0},{"damage_healed":0.0,"max_hp_gain":0.0,"max_hp_loss":36.0,"gold_gain":0.0,"event_name":"Ghosts","player_choice":"Became a Ghost","floor":20.0,"gold_loss":0.0,"damage_taken":0.0,"cards_obtained":["Ghostly","Ghostly","Ghostly"]},{"damage_healed":0.0,"max_hp_gain":0.0,"max_hp_loss":0.0,"gold_gain":0.0,"event_name":"Cursed Tome","player_choice":"Ignored","floor":30.0,"gold_loss":0.0,"damage_taken":0.0}],"is_beta":true,"boss_relics":[{"not_picked":["WristBlade","Philosopher\u0027s Stone"],"picked":"HoveringKite"}],"items_purged_floors":[28],"is_endless":false,"potions_floor_spawned":[1,3,8,11,12,16,18,24,29],"killed_by":"Collector","ascension_level":20}}