{"host":"pynofkhbweftzsaw","time":1609303377,"event":{"mods":["BaseMod","Colored Map","Marisa????????","Minty Spire (QoL Compilation)","StSLib","The Servant 0.9.4"],"gold_per_floor":[116,116,116,116,116,145,145,159,159,159,159,187,187,217,217,319,319,336,336,246,262,187,212,40,71,71,71,84,84,183,202,202,298,298,316,316,331,23,42,42,57,57,57,90,90,90,102,121,121,121],"floor_reached":51,"playtime":3877,"items_purged":["Defend_G","Defend_G","Survivor"],"score":849,"play_id":"b701c8d6-5779-4bc1-b516-470492fa9e84","local_time":"20201230124257","is_ascension_mode":true,"campfire_choices":[{"data":"Prepared","floor":7,"key":"SMITH"},{"data":"Finisher","floor":10,"key":"SMITH"},{"floor":15,"key":"RECALL"},{"data":"Acrobatics","floor":27,"key":"SMITH"},{"floor":32,"key":"REST"},{"data":"Reflex","floor":40,"key":"SMITH"},{"data":"Prepared","floor":42,"key":"SMITH"},{"data":"Underhanded Strike","floor":46,"key":"SMITH"},{"data":"Finisher","floor":49,"key":"SMITH"}],"circlet_count":0,"master_deck":["Strike_G+1","Strike_G","Defend_G+1","Defend_G+1","Neutralize+1","Prepared+1","Finisher+1","Underhanded Strike+1","Storm of Steel+1","A Thousand Cuts+1","Dodge and Roll+1","Predator+1","Acrobatics+1","Underhanded Strike+1","Prepared+1","Reflex+1","Dagger Throw","Accuracy+1","Terror+1","After Image","Tactician+1","Metamorphosis","Reflex+1","Finisher+1","Acrobatics+1","Escape Plan"],"relics":["Ring of the Snake","NeowsBlessing","Darkstone Periapt","FaceOfCleric","White Beast Statue","Mango","Pantograph","Oddly Smooth Stone","Strawberry","Astrolabe","Whetstone","War Paint","Happy Flower","Nilry\u0027s Codex","Coffee Dripper","Tough Bandages","Prayer Wheel","Snake Skull"],"acts_visited":["Exordium","TheCity","TheBeyond"],"potions_floor_usage":[12,16,18,23,50,50,50],"damage_taken":[{"damage":0,"enemies":"2 Louse","floor":1,"turns":1},{"damage":0,"enemies":"3 Sentries","floor":6,"turns":2},{"damage":0,"enemies":"Small Slimes","floor":8,"turns":1},{"damage":12,"enemies":"Gremlin Nob","floor":12,"turns":3},{"damage":12,"enemies":"3 Sentries","floor":14,"turns":9},{"damage":70,"enemies":"The Guardian","floor":16,"turns":11},{"damage":22,"enemies":"2 Thieves","floor":18,"turns":3},{"damage":3,"enemies":"Chosen","floor":21,"turns":4},{"damage":6,"enemies":"Gremlin Leader","floor":23,"turns":6},{"damage":33,"enemies":"Slavers","floor":25,"turns":6},{"damage":24,"enemies":"Snake Plant","floor":28,"turns":3},{"damage":6,"enemies":"Shelled Parasite and Fungi","floor":31,"turns":3},{"damage":40,"enemies":"Champ","floor":33,"turns":5},{"damage":7,"enemies":"3 Shapes","floor":35,"turns":3},{"damage":0,"enemies":"Orb Walker","floor":37,"turns":1},{"damage":56,"enemies":"Sphere and 2 Shapes","floor":39,"turns":4},{"damage":0,"enemies":"Jaw Worm Horde","floor":41,"turns":2},{"damage":4,"enemies":"Reptomancer","floor":44,"turns":4},{"damage":0,"enemies":"3 Darklings","floor":47,"turns":2},{"damage":1,"enemies":"4 Shapes","floor":48,"turns":3},{"damage":21,"enemies":"Awakened One","floor":50,"turns":5}],"seed_played":"-6118456767024077042","potions_obtained":[{"floor":6,"key":"Fire Potion"},{"floor":8,"key":"SmokeBomb"},{"floor":12,"key":"Swift Potion"},{"floor":14,"key":"Ancient Potion"},{"floor":16,"key":"Fruit Juice"},{"floor":18,"key":"Dexterity Potion"},{"floor":21,"key":"Explosive Potion"},{"floor":23,"key":"SpeedPotion"},{"floor":25,"key":"Weak Potion"},{"floor":28,"key":"FearPotion"},{"floor":35,"key":"Strength Potion"},{"floor":41,"key":"CunningPotion"}],"is_trial":false,"path_per_floor":["M","?","?","$","?","E","R","M","T","R","T","E","?","E","R","B",null,"M","?","?","M","$","E","$","E","T","R","M","?","?","M","R","B",null,"M","?","M","$","M","R","M","R","T","E","?","R","M","M","R","B",null],"character_chosen":"THE_SILENT","items_purchased":["Reflex","Metamorphosis"],"campfire_rested":1,"item_purchase_floors":[24,38],"current_hp_per_floor":[70,70,52,52,52,53,53,54,68,68,68,57,62,58,58,14,101,85,85,85,83,83,78,78,46,46,46,23,7,7,2,35,21,113,107,107,108,108,53,53,54,54,54,51,51,51,52,52,52,57],"gold":121,"neow_bonus":"THREE_ENEMY_KILL","is_daily":false,"chose_seed":false,"campfire_upgraded":7,"win_rate":0.0,"timestamp":1609303377,"path_taken":["M","?","?","$","?","E","R","?","T","R","?","E","?","E","R","BOSS","M","?","?","?","$","E","?","E","T","R","?","?","?","M","R","BOSS","M","?","M","$","M","R","?","R","T","E","?","R","M","M","R","BOSS"],"items_purchased_type":["Card","Card"],"build_version":"2020-12-22","purchased_purges":3,"victory":true,"max_hp_per_floor":[70,70,70,70,70,71,71,72,86,86,86,87,92,100,100,101,101,107,107,107,108,108,109,109,110,110,110,111,111,111,112,112,113,113,114,114,115,115,116,116,117,117,117,118,118,118,119,120,120,121],"card_choices":[{"not_picked":["Deadly Poison","Underhanded Strike"],"picked":"Prepared","floor":1},{"not_picked":["Underhanded Strike","Riddle With Holes","Flechettes"],"picked":"SKIP","floor":6},{"not_picked":["Dash","Quick Slash"],"picked":"Finisher","floor":8},{"not_picked":["Sucker Punch","Dash","Deflect"],"picked":"SKIP","floor":12},{"not_picked":["Poisoned Stab","Flying Knee"],"picked":"Underhanded Strike","floor":14},{"not_picked":["Unload","Die Die Die"],"picked":"Storm of Steel","floor":16},{"not_picked":["Dash","Infinite Blades"],"picked":"Acrobatics","floor":18},{"not_picked":["Slice","Deadly Poison"],"picked":"Underhanded Strike","floor":21},{"not_picked":["Flechettes","Deadly Poison"],"picked":"Prepared","floor":23},{"not_picked":["Backflip+1","Blur"],"picked":"Dagger Throw","floor":25},{"not_picked":["Dagger Throw","Outmaneuver"],"picked":"Accuracy+1","floor":28},{"not_picked":["Slice","Riddle With Holes"],"picked":"Terror+1","floor":31},{"not_picked":["Envenom","Wraith Form v2"],"picked":"After Image","floor":33},{"not_picked":["Blade Dance","Crippling Poison"],"picked":"Tactician+1","floor":35},{"not_picked":["Dodge and Roll","Deflect+1","Quick Slash+1"],"picked":"SKIP","floor":37},{"not_picked":["Doppelganger","Riddle With Holes+1","Footwork+1"],"picked":"SKIP","floor":39},{"not_picked":["PiercingWail+1","Catalyst+1","Noxious Fumes"],"picked":"SKIP","floor":41},{"not_picked":["Expertise","Distraction","Skewer+1"],"picked":"SKIP","floor":44},{"not_picked":["Outmaneuver","Catalyst"],"picked":"Reflex+1","floor":47},{"not_picked":["Prepared","Slice+1"],"picked":"Finisher","floor":47},{"not_picked":["Reflex","Expertise+1"],"picked":"Acrobatics+1","floor":48},{"not_picked":["Calculated Gamble","Quick Slash"],"picked":"Escape Plan","floor":48}],"player_experience":102863,"relics_obtained":[{"floor":6,"key":"White Beast Statue"},{"floor":9,"key":"Mango"},{"floor":11,"key":"Pantograph"},{"floor":12,"key":"Oddly Smooth Stone"},{"floor":14,"key":"Strawberry"},{"floor":23,"key":"Whetstone"},{"floor":25,"key":"War Paint"},{"floor":26,"key":"Happy Flower"},{"floor":29,"key":"Nilry\u0027s Codex"},{"floor":43,"key":"Tough Bandages"},{"floor":44,"key":"Prayer Wheel"},{"floor":45,"key":"Snake Skull"}],"event_choices":[{"damage_healed":0,"gold_gain":0,"player_choice":"Grow","damage_taken":0,"max_hp_gain":0,"max_hp_loss":0,"event_name":"Living Wall","floor":2,"gold_loss":0,"cards_upgraded":["Neutralize"]},{"damage_healed":0,"gold_gain":0,"player_choice":"Success","damage_taken":18,"relics_obtained":["Darkstone Periapt"],"max_hp_gain":0,"max_hp_loss":0,"event_name":"Scrap Ooze","floor":3,"gold_loss":0},{"damage_healed":0,"gold_gain":0,"player_choice":"Trade","damage_taken":0,"relics_obtained":["FaceOfCleric"],"max_hp_gain":0,"max_hp_loss":0,"event_name":"FaceTrader","floor":5,"gold_loss":0},{"damage_healed":0,"gold_gain":0,"player_choice":"Donut","damage_taken":0,"max_hp_gain":5,"max_hp_loss":0,"event_name":"Big Fish","floor":13,"gold_loss":0},{"damage_healed":0,"gold_gain":0,"player_choice":"Ignored","damage_taken":0,"max_hp_gain":0,"max_hp_loss":0,"event_name":"Ghosts","floor":19,"gold_loss":0},{"cards_removed":["Defend_G"],"damage_healed":0,"gold_gain":0,"player_choice":"Upgrade and Remove","damage_taken":0,"max_hp_gain":0,"max_hp_loss":0,"event_name":"Designer","floor":20,"gold_loss":90,"cards_upgraded":["Defend_G"]},{"damage_healed":0,"gold_gain":0,"player_choice":"Obtained Book","damage_taken":16,"max_hp_gain":0,"max_hp_loss":0,"event_name":"Cursed Tome","floor":29,"gold_loss":0},{"damage_healed":0,"gold_gain":99,"player_choice":"Stole From Cult","damage_taken":0,"max_hp_gain":0,"max_hp_loss":0,"event_name":"Nest","floor":30,"gold_loss":0},{"damage_healed":0,"gold_gain":0,"player_choice":"Ignored","damage_taken":0,"max_hp_gain":0,"max_hp_loss":0,"event_name":"SecretPortal","floor":36,"gold_loss":0},{"damage_healed":0,"gold_gain":0,"player_choice":"Relic","damage_taken":0,"max_hp_gain":0,"max_hp_loss":0,"event_name":"Wheel of Change","floor":45,"gold_loss":0}],"is_beta":false,"boss_relics":[{"not_picked":["Calling Bell","Sozu"],"picked":"Astrolabe"},{"not_picked":["Velvet Choker","Philosopher\u0027s Stone"],"picked":"Coffee Dripper"}],"items_purged_floors":[22,24,38],"is_endless":false,"potions_floor_spawned":[6,8,12,14,16,18,21,23,25,28,31,33,35,37,39,41,44,47,48],"ascension_level":2}}