{"host":"fxgsgr3e13htip8z","time":1609367664,"event":{"mods":["Arknights The Spire","Aspiration","BaseMod","Dota2Spire","Hubris","Hyrulean Relics","Minty Spire (QoL Compilation)","Relic Stats","Replay The Spire","Robot Space Explorer","StSLib","The Cursed","The Marked","Trackpad","Wandering Minibosses","vexMod"],"gold_per_floor":[112,122,41,61,75,75,75,75],"floor_reached":7,"playtime":673,"items_purged":[],"score":43,"play_id":"24835d57-759b-4433-a2e9-fef08b228aef","local_time":"20201230163424","is_ascension_mode":false,"campfire_choices":[],"circlet_count":0,"master_deck":["ats:Strike C","ats:Strike S","ats:Strike V","ats:Armor Crushing Shot","ats:Defend","ats:Defend","ats:Defend","ats:Defend","ats:Emotion Absorption","ats:Assault Order","Finesse","ats:Thorns"],"relics":["ats:Sanity","aspiration:Nostalgia","Replay:M_StaffOfTheSnake"],"acts_visited":["Exordium"],"potions_floor_usage":[5,7],"damage_taken":[{"damage":2,"enemies":"2 Louse","floor":1,"turns":4},{"damage":0,"enemies":"Small Slimes","floor":2,"turns":4},{"damage":1,"enemies":"Jaw Worm","floor":4,"turns":5},{"damage":21,"enemies":"Gremlin Gang","floor":5,"turns":6},{"damage":26,"enemies":"Lagavulin","floor":7,"turns":8}],"seed_played":"1271267393231958099","potions_obtained":[{"floor":2,"key":"AttackPotion"},{"floor":5,"key":"Swift Potion"}],"is_trial":false,"path_per_floor":["M","M","$","M","M","?","E"],"character_chosen":"DOCTOR_CLASS","items_purchased":["Finesse"],"campfire_rested":0,"item_purchase_floors":[3],"current_hp_per_floor":[70,70,70,69,48,41,15,15],"gold":75,"neow_bonus":"NOSTALGIA","is_daily":false,"chose_seed":false,"campfire_upgraded":0,"win_rate":0.0,"timestamp":1609367664,"path_taken":["M","M","$","M","M","?","E"],"items_purchased_type":["Card"],"build_version":"2020-12-22","purchased_purges":0,"victory":false,"max_hp_per_floor":[72,72,72,72,72,72,72,72],"relic_stats":{"counters":[5,27],"obtain_stats":[{"Replay:M_StaffOfTheSnake":0,"aspiration:Nostalgia":0,"ats:Sanity":0},{"Replay:M_StaffOfTheSnake":0,"aspiration:Nostalgia":0,"ats:Sanity":0},{"Replay:M_StaffOfTheSnake":0,"aspiration:Nostalgia":0,"ats:Sanity":0}]},"card_choices":[{"not_picked":["ats:Cat Scratch","TalkToTheHand"],"picked":"ats:Assault Order","floor":1},{"not_picked":["ThirdEye","Vengeance","Sanctity"],"picked":"SKIP","floor":2},{"not_picked":["ats:Counter Healing Mode","SashWhip","Acrobatics"],"picked":"SKIP","floor":4},{"not_picked":["Predator","ats:Childhood Dance"],"picked":"ats:Thorns","floor":5}],"player_experience":1514119,"relics_obtained":[],"event_choices":[{"cards_removed":["ats:Strike G"],"damage_healed":0,"gold_gain":0,"player_choice":"Card Removal","damage_taken":7,"max_hp_gain":0,"max_hp_loss":0,"event_name":"Golden Wing","floor":6,"gold_loss":0}],"is_beta":false,"boss_relics":[],"items_purged_floors":[],"is_endless":false,"potions_floor_spawned":[2,5],"killed_by":"Lagavulin","ascension_level":0}}