{"host":"i0avyit1s6jb1siw","time":1609312362,"event":{"mods":["BaseMod","DeckTracker","Dota2Spire","Highlight Path","Minty Spire (QoL Compilation)","Quick Restart","Replay The Spire","StSLib","SuperFastMode"],"gold_per_floor":[110,35,45,145,160,160,189,189,189,189,204,235,245,57,57,128,128,143,163,88,88,448,448,473,489,489,499,515,531,549,565,565,642,642,662,662,662,678,688,688,688,477,501,501,501,501],"floor_reached":45,"playtime":1170,"items_purged":["Defend_P","Strike_P","Strike_P"],"score":994,"play_id":"9d6924ad-a19f-45e7-b90c-0c72164ffb49","local_time":"20201230081242","is_ascension_mode":true,"campfire_choices":[{"data":"Adaptation","floor":6,"key":"SMITH"},{"data":"ForeignInfluence","floor":8,"key":"SMITH"},{"data":"Conclude","floor":10,"key":"SMITH"},{"data":"CrushJoints","floor":15,"key":"SMITH"},{"floor":23,"key":"REST"},{"floor":32,"key":"REST"},{"floor":40,"key":"REST"},{"floor":44,"key":"REST"}],"circlet_count":0,"master_deck":["AscendersBane","Strike_P","Defend_P","Defend_P","Defend_P","Eruption+1","Vigilance","Adaptation+1","Conclude+1","ForeignInfluence+1","CrushJoints+1","LikeWater","WheelKick","Vault","EmptyFist","Scrawl","InnerPeace","Impatience","Panacea","Fasting2"],"relics":["HolyWater","Strawberry","Kunai","Dota2Spire:Mjollnir","Dota2Spire:ShivaGuard","White Beast Statue","Fusion Hammer"],"acts_visited":["Exordium","TheCity","TheBeyond"],"potions_floor_usage":[7,16,25,33],"damage_taken":[{"damage":0,"enemies":"Small Slimes","floor":1,"turns":2},{"damage":0,"enemies":"Cultist","floor":3,"turns":2},{"damage":4,"enemies":"2 Louse","floor":5,"turns":3},{"damage":32,"enemies":"Gremlin Nob","floor":7,"turns":4},{"damage":0,"enemies":"2 Fungi Beasts","floor":11,"turns":2},{"damage":0,"enemies":"3 Sentries","floor":12,"turns":2},{"damage":3,"enemies":"Blue Slaver","floor":13,"turns":2},{"damage":20,"enemies":"Hexaghost","floor":16,"turns":6},{"damage":0,"enemies":"2 Thieves","floor":18,"turns":2},{"damage":13,"enemies":"Shell Parasite","floor":19,"turns":3},{"damage":24,"enemies":"Book of Stabbing","floor":24,"turns":2},{"damage":4,"enemies":"Sentry and Sphere","floor":25,"turns":3},{"damage":3,"enemies":"Centurion and Healer","floor":27,"turns":3},{"damage":0,"enemies":"Snecko","floor":28,"turns":3},{"damage":0,"enemies":"Snake Plant","floor":29,"turns":3},{"damage":0,"enemies":"Shelled Parasite and Fungi","floor":30,"turns":2},{"damage":0,"enemies":"3 Cultists","floor":31,"turns":2},{"damage":28,"enemies":"Automaton","floor":33,"turns":9},{"damage":0,"enemies":"Orb Walker","floor":35,"turns":2},{"damage":8,"enemies":"3 Shapes","floor":38,"turns":2},{"damage":43,"enemies":"Maw","floor":39,"turns":6},{"damage":65,"enemies":"Nemesis","floor":45,"turns":6}],"seed_played":"6108520723836225689","potions_obtained":[{"floor":1,"key":"StancePotion"},{"floor":12,"key":"FearPotion"},{"floor":13,"key":"Strength Potion"},{"floor":18,"key":"Dota2Spire:HealingSalve"},{"floor":27,"key":"Swift Potion"},{"floor":29,"key":"AttackPotion"},{"floor":33,"key":"CultistPotion"}],"is_trial":false,"path_per_floor":["M","$","M","?","M","R","E","R","T","R","M","E","M","$","R","B",null,"M","M","?","?","?","R","E","M","T","M","M","M","M","M","R","B",null,"M","?","?","M","M","R","?","$","T","R","E"],"character_chosen":"WATCHER","items_purchased":["WheelKick","Fasting2"],"campfire_rested":4,"item_purchase_floors":[14,42],"current_hp_per_floor":[61,61,61,61,57,57,32,32,32,32,32,32,29,29,29,9,59,59,46,46,46,10,32,8,10,10,7,7,7,7,7,29,1,57,57,57,57,49,6,28,18,18,18,40,0,0],"gold":501,"neow_bonus":"UPGRADE_CARD","is_daily":false,"chose_seed":false,"campfire_upgraded":4,"win_rate":0.0,"timestamp":1609312362,"path_taken":["M","$","M","?","M","R","E","R","T","R","M","E","?","?","R","BOSS","M","M","?","?","?","R","E","M","T","M","M","M","?","M","R","BOSS","M","?","?","M","M","R","?","?","T","R","E"],"items_purchased_type":["Card","Card"],"build_version":"2020-12-22","purchased_purges":3,"victory":false,"max_hp_per_floor":[68,68,68,68,68,68,75,75,75,75,75,75,75,75,75,75,75,75,75,75,75,75,75,75,75,75,75,75,75,75,75,75,75,75,75,75,75,75,75,75,75,75,75,75,75,75],"card_choices":[{"not_picked":["ClearTheMind","Replay:AtTheReady"],"picked":"Adaptation","floor":1},{"not_picked":["Swivel","Consecrate"],"picked":"Conclude","floor":3},{"not_picked":["ClearTheMind","Replay:AtTheReady","Replay:Anticipation"],"picked":"SKIP","floor":5},{"not_picked":["Consecrate","WheelKick"],"picked":"ForeignInfluence","floor":7},{"not_picked":["Replay:ManipulateFuture","Replay:AtTheReady"],"picked":"CrushJoints","floor":11},{"not_picked":["Consecrate","BattleHymn"],"picked":"LikeWater","floor":12},{"not_picked":["CrushJoints","JustLucky","Blasphemy"],"picked":"SKIP","floor":13},{"not_picked":["DeusExMachina","Alpha"],"picked":"Vault","floor":16},{"not_picked":["FollowUp","Replay:BluntJabs","WindmillStrike"],"picked":"SKIP","floor":18},{"not_picked":["Replay:Cycle","Replay:AtTheReady","Replay:BluntJabs+1"],"picked":"SKIP","floor":19},{"not_picked":["Crescendo","JustLucky+1","SignatureMove"],"picked":"SKIP","floor":24},{"not_picked":["ClearTheMind","CutThroughFate"],"picked":"EmptyFist","floor":25},{"not_picked":["Perseverance","FollowUp+1","Sanctity"],"picked":"SKIP","floor":27},{"not_picked":["CrushJoints","FlyingSleeves","CutThroughFate"],"picked":"SKIP","floor":28},{"not_picked":["Study","EmptyBody"],"picked":"Scrawl","floor":29},{"not_picked":["CrushJoints","FollowUp","Fasting2"],"picked":"SKIP","floor":30},{"not_picked":["Crescendo+1","Evaluate","Prostrate+1"],"picked":"SKIP","floor":31},{"not_picked":["Consecrate","EmptyFist","Replay:DivineShield"],"picked":"SKIP","floor":35},{"not_picked":["FlyingSleeves","Replay:Battleflow+1"],"picked":"InnerPeace","floor":38},{"not_picked":["FollowUp+1","CrushJoints","Consecrate"],"picked":"SKIP","floor":39},{"not_picked":["Jack Of All Trades","ReplayTheSpireMod:Trickstab"],"picked":"Impatience","floor":41},{"not_picked":["ReplayTheSpireMod:Uncanny Aura","Metamorphosis"],"picked":"Panacea","floor":41}],"player_experience":2137839,"relics_obtained":[{"floor":7,"key":"Strawberry"},{"floor":9,"key":"Kunai"},{"floor":12,"key":"Dota2Spire:Mjollnir"},{"floor":24,"key":"Dota2Spire:ShivaGuard"},{"floor":26,"key":"White Beast Statue"}],"event_choices":[{"damage_healed":0,"gold_gain":100,"player_choice":"Gold","damage_taken":0,"max_hp_gain":0,"max_hp_loss":0,"event_name":"Wheel of Change","floor":4,"gold_loss":0},{"cards_removed":["Strike_P"],"damage_healed":0,"gold_gain":0,"player_choice":"Gave Gold","damage_taken":0,"max_hp_gain":0,"max_hp_loss":0,"event_name":"Beggar","floor":20,"gold_loss":75},{"damage_healed":0,"gold_gain":0,"player_choice":"Ignored","damage_taken":0,"max_hp_gain":0,"max_hp_loss":0,"event_name":"The Mausoleum","floor":21,"gold_loss":0},{"damage_healed":0,"gold_gain":360,"player_choice":"GOLD GOLD GOLD GOLD ","damage_taken":36,"max_hp_gain":0,"max_hp_loss":0,"event_name":"Knowing Skull","floor":22,"potions_obtained":[],"gold_loss":0,"cards_obtained":[]},{"damage_healed":0,"gold_gain":0,"player_choice":"Ignored","damage_taken":0,"max_hp_gain":0,"max_hp_loss":0,"event_name":"Tomb of Lord Red Mask","floor":36,"gold_loss":0},{"damage_healed":0,"gold_gain":0,"player_choice":"Memory 3","damage_taken":10,"max_hp_gain":0,"max_hp_loss":0,"event_name":"SensoryStone","floor":41,"gold_loss":0}],"is_beta":false,"boss_relics":[{"not_picked":["Ectoplasm","Kintsugi"],"picked":"HolyWater"},{"not_picked":["Runic Dome","Replay:Wanted Poster"],"picked":"Fusion Hammer"}],"items_purged_floors":[2,14,42],"is_endless":false,"potions_floor_spawned":[1,12,13,18,27,28,29,30,31,33,35,38,39],"killed_by":"Nemesis","ascension_level":20}}