{"host":"idmgg8r816nmas40","time":1609318586,"event":{"mods":["AchievementEnabler","AlwaysNeverKeys","BaseMod","BetterRewards","Block Reminder","Colored Map","Colored Powertips","DeckTracker","Googly Eyes","Highlight Path","Hubris","Infinite Spire","Minty Spire (QoL Compilation)","Quick Restart","Relic Stats","Replay The Spire","Shop Mod","StSLib","SuperFastMode","Synergy Search","Transform Curses"],"gold_per_floor":[115,115,115,115,130,130,160,120,120,39,54,3,3,16,16,16,16],"floor_reached":16,"playtime":531,"items_purged":[],"score":186,"play_id":"dea64da7-41f0-4cbe-a354-905a61ec6dd0","local_time":"20201230015626","is_ascension_mode":true,"campfire_choices":[{"floor":6,"key":"REST"},{"floor":13,"key":"REST"},{"floor":15,"key":"REST"}],"circlet_count":0,"master_deck":["AscendersBane","Strike_B","Strike_B","Strike_B","Strike_B","Defend_B","Defend_B","Defend_B","Defend_B","Zap","Dualcast","Storm","Gash","Gash","ReplayGash","Go for the Eyes","Self Repair","Barrage","Cold Snap","Go for the Eyes+1","ReplayGash","Conserve Battery","Leap","ReplayGash"],"relics":["Cracked Core","Gremlin Horn","ClockworkSouvenir","ReplayTheSpireMod:Ring of Exchange","hubris:DeckOfHolding","Replay:Bottled Snecko","hubris:PeanutButter"],"acts_visited":["Exordium"],"potions_floor_usage":[14,14,14,16],"damage_taken":[{"damage":1,"enemies":"Cultist","floor":1,"turns":3},{"damage":0,"enemies":"2 Louse","floor":5,"turns":2},{"damage":40,"enemies":"3 Sentries","floor":7,"turns":6},{"damage":0,"enemies":"Jaw Worm","floor":11,"turns":3},{"damage":2,"enemies":"3 Louse","floor":14,"turns":3},{"damage":61,"enemies":"Fading Forest","floor":16,"turns":7}],"seed_played":"-6237761008111982040","potions_obtained":[{"floor":11,"key":"EntropicBrew"},{"floor":14,"key":"Weak Potion"}],"is_trial":false,"path_per_floor":["M","?","?","?","M","R","E","$","T","$","M","$","R","M","R","B"],"character_chosen":"DEFECT","items_purchased":["Storm","Gash","Gremlin Horn","ReplayGash","ClockworkSouvenir","Go for the Eyes+1","ReplayGash","Leap"],"campfire_rested":3,"item_purchase_floors":[0,0,0,0,0,8,10,12],"current_hp_per_floor":[63,63,28,28,28,47,14,14,14,14,21,21,40,38,57,0,0],"gold":16,"neow_bonus":"","is_daily":false,"chose_seed":false,"campfire_upgraded":0,"win_rate":0.0,"timestamp":1609318586,"path_taken":["M","?","?","?","M","R","E","$","T","?","?","$","R","M","R","BOSS"],"items_purchased_type":["Card","Card","Relic","Card","Relic","Card","Card","Card"],"build_version":"2020-12-22","purchased_purges":0,"victory":false,"max_hp_per_floor":[66,66,66,66,66,66,66,66,66,66,66,66,66,66,66,66,66],"relic_stats":{"Gremlin Horn":[6,6],"counters":[6,24],"obtain_stats":[{"ReplayTheSpireMod:Ring of Exchange":2,"Gremlin Horn":0,"hubris:DeckOfHolding":3,"hubris:PeanutButter":9,"Replay:Bottled Snecko":7,"Cracked Core":0,"ClockworkSouvenir":0},{"ReplayTheSpireMod:Ring of Exchange":1,"Gremlin Horn":0,"hubris:DeckOfHolding":1,"hubris:PeanutButter":3,"Replay:Bottled Snecko":3,"Cracked Core":0,"ClockworkSouvenir":0},{"ReplayTheSpireMod:Ring of Exchange":3,"Gremlin Horn":0,"hubris:DeckOfHolding":3,"hubris:PeanutButter":11,"Replay:Bottled Snecko":11,"Cracked Core":0,"ClockworkSouvenir":0}]},"card_choices":[{"not_picked":["Undo","Skim"],"picked":"Self Repair","floor":1},{"not_picked":["BasicCrystalCard","ReplaySolidLightProjector"],"picked":"Barrage","floor":5},{"not_picked":["FTL","Self Repair"],"picked":"Cold Snap","floor":7},{"not_picked":["Go for the Eyes","Loop"],"picked":"Conserve Battery","floor":11},{"not_picked":["Crystallizer","Conserve Battery"],"picked":"ReplayGash","floor":14}],"player_experience":1013341,"relics_obtained":[{"floor":2,"key":"ReplayTheSpireMod:Ring of Exchange"},{"floor":7,"key":"Replay:Bottled Snecko"},{"floor":9,"key":"hubris:PeanutButter"}],"event_choices":[{"damage_healed":0,"gold_gain":0,"player_choice":"Success","damage_taken":35,"relics_obtained":["hubris:DeckOfHolding"],"max_hp_gain":0,"max_hp_loss":0,"event_name":"Scrap Ooze","floor":3,"gold_loss":0}],"is_beta":false,"boss_relics":[],"items_purged_floors":[],"is_endless":false,"potions_floor_spawned":[11,14],"killed_by":"Fading Forest","ascension_level":18}}