{"host":"o9zk16m4rt6ohnik","time":1609304321,"event":{"mods":["BaseMod","Minty Spire (QoL Compilation)","Shop Mod","StSLib","The Bug Knight"],"gold_per_floor":[112,112,44,64,64,95,108,108,108,121,121,147,165,175,175,279,329,345,92,92,92,111,146,146,160,160,160,160,12,12,39,39,141,141,159,179,197,197,197,197],"floor_reached":39,"playtime":2535,"items_purged":[],"score":454,"play_id":"c37e2790-37dd-48ac-8db9-fbd2b2b4a196","local_time":"20201230015841","is_ascension_mode":false,"campfire_choices":[{"floor":8,"key":"REST"},{"data":"Infinite Blades","floor":11,"key":"SMITH"},{"data":"Accuracy","floor":15,"key":"SMITH"},{"floor":24,"key":"REST"},{"floor":28,"key":"REST"},{"floor":30,"key":"REST"},{"floor":32,"key":"REST"}],"circlet_count":0,"master_deck":["Strike_G","Strike_G","Strike_G+1","Strike_G","Strike_G+1","Defend_G","Defend_G","Defend_G","Defend_G","Defend_G","Survivor+1","Neutralize","Blade Dance","Infinite Blades+1","Prepared","Dodge and Roll","Accuracy+1","Footwork","Tactician","Expertise","Outmaneuver","A Thousand Cuts","Escape Plan","Deadly Poison","Flying Knee+1","Choke+1","Dagger Spray","Envenom","Die Die Die","Dodge and Roll","Deadly Poison","Noxious Fumes"],"relics":["Ring of the Snake","Ginger","FossilizedHelix","Pear","Tiny House","Gremlin Horn","Tingsha","WingedGreaves","The Specimen","Whetstone","Art of War","Black Star"],"acts_visited":["Exordium","TheCity","TheBeyond"],"potions_floor_usage":[6,12,16,16,18,22,23,23,23,23,23,33],"damage_taken":[{"damage":0,"enemies":"Small Slimes","floor":1,"turns":5},{"damage":2,"enemies":"2 Louse","floor":4,"turns":4},{"damage":20,"enemies":"Lagavulin","floor":6,"turns":7},{"damage":0,"enemies":"Cultist","floor":7,"turns":4},{"damage":5,"enemies":"Exordium Wildlife","floor":10,"turns":5},{"damage":0,"enemies":"HollowMod:MossKnight","floor":12,"turns":8},{"damage":4,"enemies":"Gremlin Gang","floor":13,"turns":5},{"damage":5,"enemies":"3 Louse","floor":14,"turns":4},{"damage":12,"enemies":"The Guardian","floor":16,"turns":12},{"damage":10,"enemies":"Chosen","floor":18,"turns":5},{"damage":20,"enemies":"Spheric Guardian","floor":22,"turns":6},{"damage":16,"enemies":"Slavers","floor":23,"turns":5},{"damage":44,"enemies":"Cultist and Chosen","floor":25,"turns":8},{"damage":7,"enemies":"HollowMod:Nosk","floor":31,"turns":9},{"damage":36,"enemies":"Champ","floor":33,"turns":13},{"damage":18,"enemies":"3 Shapes","floor":35,"turns":5},{"damage":34,"enemies":"3 Darklings","floor":36,"turns":6},{"damage":24,"enemies":"4 Shapes","floor":37,"turns":6},{"damage":78,"enemies":"Sphere and 2 Shapes","floor":39,"turns":5}],"seed_played":"-5739148888535626563","potions_obtained":[{"floor":4,"key":"AttackPotion"},{"floor":7,"key":"Dexterity Potion"},{"floor":12,"key":"LiquidMemories"},{"floor":14,"key":"Weak Potion"},{"floor":16,"key":"EssenceOfSteel"},{"floor":17,"key":"EntropicBrew"},{"floor":18,"key":"PowerPotion"},{"floor":20,"key":"ColorlessPotion"},{"floor":22,"key":"Explosive Potion"},{"floor":36,"key":"Ancient Potion"},{"floor":37,"key":"SteroidPotion"}],"is_trial":false,"path_per_floor":["M","?","$","M","$","E","M","R","T","M","R","E","M","M","R","B",null,"M","$","?","$","M","E","R","M","T","T","R","$","R","E","R","B",null,"M","M","M","?","M"],"character_chosen":"THE_SILENT","items_purchased":["Infinite Blades","Gremlin Horn","Whetstone"],"campfire_rested":5,"item_purchase_floors":[3,19,29],"current_hp_per_floor":[70,70,70,68,68,48,48,69,69,64,64,74,70,65,65,53,85,75,75,75,75,55,39,64,20,20,20,45,45,70,63,85,49,85,67,33,9,74,0,0],"gold":197,"neow_bonus":"UPGRADE_CARD","is_daily":false,"chose_seed":false,"campfire_upgraded":2,"win_rate":0.0,"timestamp":1609304321,"path_taken":["M","?","$","M","$","E","M","R","T","M","R","E","M","M","R","BOSS","M","$","?","?","M","E","R","M","T","?","R","$","R","E","R","BOSS","M","M","?","?","M"],"items_purchased_type":["Card","Relic","Relic"],"build_version":"2020-12-22","purchased_purges":0,"victory":false,"max_hp_per_floor":[70,70,70,70,70,70,70,70,70,70,70,80,80,80,80,80,85,85,85,85,85,85,85,85,85,85,85,85,85,85,85,85,85,85,85,85,85,74,74,74],"card_choices":[{"not_picked":["Deflect","Backflip"],"picked":"Blade Dance","floor":1},{"not_picked":["Dagger Spray","Riddle With Holes"],"picked":"Prepared","floor":4},{"not_picked":["Acrobatics","Poisoned Stab"],"picked":"Dodge and Roll","floor":6},{"not_picked":["Caltrops","Adrenaline"],"picked":"Accuracy","floor":7},{"not_picked":["Outmaneuver","Sucker Punch"],"picked":"Footwork","floor":10},{"not_picked":["Deflect","Well Laid Plans"],"picked":"Tactician","floor":12},{"not_picked":["Bouncing Flask","Tactician"],"picked":"Expertise","floor":13},{"not_picked":["Flying Knee","Dodge and Roll"],"picked":"Outmaneuver","floor":14},{"not_picked":["Venomology","Malaise"],"picked":"A Thousand Cuts","floor":16},{"not_picked":["Prepared","Quick Slash"],"picked":"Escape Plan","floor":17},{"not_picked":["Outmaneuver","Tactician"],"picked":"Deadly Poison","floor":18},{"not_picked":["Outmaneuver","Acrobatics"],"picked":"Flying Knee","floor":22},{"not_picked":["Outmaneuver","Masterful Stab"],"picked":"Choke+1","floor":23},{"not_picked":["Dash","Dodge and Roll"],"picked":"Dagger Spray","floor":25},{"not_picked":["All Out Attack","Flechettes"],"picked":"Envenom","floor":31},{"not_picked":["Phantasmal Killer","Wraith Form v2"],"picked":"Die Die Die","floor":33},{"not_picked":["Expertise","Footwork"],"picked":"Dodge and Roll","floor":35},{"not_picked":["Dodge and Roll","Heel Hook"],"picked":"Deadly Poison","floor":36},{"not_picked":["Acrobatics","Slice"],"picked":"Noxious Fumes","floor":37}],"player_experience":154948,"relics_obtained":[{"floor":6,"key":"Ginger"},{"floor":9,"key":"FossilizedHelix"},{"floor":12,"key":"Pear"},{"floor":23,"key":"Tingsha"},{"floor":26,"key":"WingedGreaves"},{"floor":27,"key":"The Specimen"},{"floor":31,"key":"Art of War"}],"event_choices":[{"damage_healed":0,"gold_gain":0,"player_choice":"Ignored","damage_taken":0,"max_hp_gain":0,"max_hp_loss":0,"event_name":"Liars Game","floor":2,"gold_loss":0},{"damage_healed":0,"gold_gain":0,"player_choice":"Got Potions","damage_taken":0,"max_hp_gain":0,"max_hp_loss":0,"event_name":"Lab","floor":20,"gold_loss":0},{"damage_healed":74,"gold_gain":0,"player_choice":"Heal","damage_taken":0,"max_hp_gain":0,"max_hp_loss":11,"event_name":"The Moai Head","floor":38,"gold_loss":0}],"is_beta":false,"boss_relics":[{"not_picked":["Sozu","Ectoplasm"],"picked":"Tiny House"},{"not_picked":["Pandora\u0027s Box","Runic Pyramid"],"picked":"Black Star"}],"items_purged_floors":[],"is_endless":false,"potions_floor_spawned":[4,7,12,14,16,18,22,36,37],"killed_by":"Sphere and 2 Shapes","ascension_level":0}}