{"host":"pgqkv8mh62pnrbci","time":1609340427,"event":{"mods":["2.2 Compatiblity","AchievementEnabler","BaseMod","Custom Start","DeckTracker","Marisa£¨Ùöéë¡¡Øª×âÞÞ£©","Minty Spire (QoL Compilation)","StSLib","SuperFastMode","¡¼?Úª?ø«¡½REMEMod"],"gold_per_floor":[363,376,392,418,253,253,303,303,377,377,432,476,551,471,471,592,592,619,133,167,185,247,369,119,119,119,161,161,209,209,569,569,699,699,743,783,297,370,408,440,476,527,551,551,609,609,655,685,685,685,685,685,84,142,142],"floor_reached":56,"playtime":3312,"items_purged":["Defend_MRS","Strike_MRS","Strike_MRS","Strike_MRS","Defend_MRS","Defend_MRS"],"score":1789,"play_id":"00294733-4cad-4e7f-9bf9-b378ccfd9eef","local_time":"20201231000027","is_ascension_mode":true,"campfire_choices":[{"data":"MagicChant","floor":6.0,"key":"SMITH"},{"data":"REME_ACTH","floor":15.0,"key":"SMITH"},{"data":"Discovery","floor":25.0,"key":"SMITH"},{"data":"MillisecondPulsars","floor":30.0,"key":"SMITH"},{"data":"WitchOfGreed","floor":32.0,"key":"SMITH"},{"floor":44.0,"key":"RECALL"},{"data":"Apotheosis","floor":46.0,"key":"SMITH"},{"data":"Secret Technique","floor":49,"key":"SMITH"},{"data":"REME_Flogging","floor":52,"key":"SMITH"}],"circlet_count":0,"master_deck":["Defend_MRS","MasterSpark","UpSweep","REME_ACTH+1","FairyDestructionRay","WitchOfGreed+1","ManaConvection","NonDirectionalLaser","MagicChant+1","GasGiant","GrandCross","SporeBomb","MagicAbsorber","ChargingUp","MillisecondPulsars+1","Madness+1","Panacea","Discovery+1","REME_ShortnessOfBreath","Acceleration","REME_Flogging+1","DarkMatter","Acceleration","UltimateShortwave","Dark Shackles","LuminesStrike","Jack Of All Trades","Secret Technique+1","Apotheosis+1","CollectingQuirk","Singularity","EnergyFlow+1","Violence","REME_BuildACard","REME_FirmDetermination+1","CasketOfStar","EarthLightRay+1","OrrerysSun+1"],"relics":["MiniHakkero","REME_ComplimentaryCards","Prayer Wheel","The Courier","Lantern","Mercury Hourglass","REME_LowDesire","Potion Belt","Toy Ornithopter","TungstenRod","Smiling Mask","Bottled Lightning","AmplifyWand","Regal Pillow","Pear","RampagingMagicTools","SimpleLauncher","HandmadeGrimoire","CatCart","CaptainsWheel","Gambling Chip","REME_PuzzleBoxRelic","Boot","Turnip","Pen Nib","Kunai","REME_HourglassOfDeath"],"acts_visited":["Exordium","TheCity","TheBeyond","TheEnding"],"potions_floor_usage":[54,55,55],"damage_taken":[{"damage":1.0,"enemies":"Jaw Worm","floor":1.0,"turns":3.0},{"damage":0.0,"enemies":"Small Slimes","floor":2.0,"turns":2.0},{"damage":0.0,"enemies":"2 Louse","floor":3.0,"turns":2.0},{"damage":0.0,"enemies":"2 Fungi Beasts","floor":4.0,"turns":2.0},{"damage":4.0,"enemies":"3 Sentries","floor":7.0,"turns":4.0},{"damage":0.0,"enemies":"Gremlin Nob","floor":11.0,"turns":2.0},{"damage":0.0,"enemies":"Exordium Thugs","floor":12.0,"turns":2.0},{"damage":0.0,"enemies":"Gremlin Nob","floor":13.0,"turns":2.0},{"damage":0.0,"enemies":"Slime Boss","floor":16.0,"turns":1.0},{"damage":0.0,"enemies":"2 Thieves","floor":18.0,"turns":1.0},{"damage":0.0,"enemies":"3 Byrds","floor":20.0,"turns":3.0},{"damage":0.0,"enemies":"Snake Plant","floor":21.0,"turns":3.0},{"damage":9.0,"enemies":"Snecko","floor":22.0,"turns":3.0},{"damage":18.0,"enemies":"Slavers","floor":23.0,"turns":2.0},{"damage":0.0,"enemies":"Book of Stabbing","floor":27.0,"turns":2.0},{"damage":32.0,"enemies":"REME_1_Revenger","floor":29.0,"turns":4.0},{"damage":4.0,"enemies":"Automaton","floor":33.0,"turns":3.0},{"damage":3.0,"enemies":"3 Darklings","floor":35.0,"turns":3.0},{"damage":0.0,"enemies":"3 Shapes","floor":36.0,"turns":2.0},{"damage":3.0,"enemies":"Orin","floor":38.0,"turns":7.0},{"damage":0.0,"enemies":"3 Darklings","floor":39.0,"turns":1.0},{"damage":0.0,"enemies":"Nemesis","floor":40.0,"turns":1.0},{"damage":0.0,"enemies":"Transient","floor":41.0,"turns":3.0},{"damage":0.0,"enemies":"2 Orb Walkers","floor":42.0,"turns":2.0},{"damage":0.0,"enemies":"Giant Head","floor":45.0,"turns":1.0},{"damage":0,"enemies":"Sphere and 2 Shapes","floor":48,"turns":2},{"damage":0,"enemies":"Awakened One","floor":50,"turns":3},{"damage":0,"enemies":"Shield and Spear","floor":54,"turns":2},{"damage":0,"enemies":"The Heart","floor":55,"turns":3}],"seed_played":"-122840912341526120","potions_obtained":[{"floor":1.0,"key":"FearPotion"},{"floor":4.0,"key":"SmokeBomb"},{"floor":7.0,"key":"EssenceOfSteel"},{"floor":11.0,"key":"Fire Potion"},{"floor":11.0,"key":"Block Potion"},{"floor":12.0,"key":"EntropicBrew"},{"floor":16.0,"key":"Strength Potion"},{"floor":18.0,"key":"Weak Potion"},{"floor":18.0,"key":"ColorlessPotion"},{"floor":20.0,"key":"Energy Potion"},{"floor":22.0,"key":"ColorlessPotion"},{"floor":23.0,"key":"Explosive Potion"},{"floor":27.0,"key":"SkillPotion"},{"floor":29.0,"key":"BottledSpark"},{"floor":33.0,"key":"Explosive Potion"},{"floor":33.0,"key":"LiquidMemories"},{"floor":35.0,"key":"Ancient Potion"},{"floor":36.0,"key":"ShroomBrew"},{"floor":36.0,"key":"Strength Potion"},{"floor":38.0,"key":"Ancient Potion"},{"floor":39.0,"key":"Explosive Potion"},{"floor":40.0,"key":"BlessingOfTheForge"},{"floor":41.0,"key":"Weak Potion"},{"floor":45.0,"key":"Dexterity Potion"},{"floor":54,"key":"EssenceOfSteel"}],"is_trial":false,"path_per_floor":["M","M","M","M","$","R","E","?","T","?","E","M","?","$","R","B",null,"M","$","M","M","M","E","$","R","T","E","?","E","R","?","R","B",null,"M","M","$","?","M","E","M","?","T","R","E","R","T","M","R","B",null,"R","$","E","B",null],"character_chosen":"MARISA","items_purchased":["MagicChant","SteroidPotion","Discovery","TungstenRod","REME_ShortnessOfBreath","Bottled Lightning","SimpleLauncher","HandmadeGrimoire","Turnip","Pen Nib","Kunai"],"campfire_rested":0,"item_purchase_floors":[5,5,19,19,19,24,37,37,53,53,53],"current_hp_per_floor":[67,67,67,67,67,67,63,63,63,68,68,68,68,68,68,68,73,73,73,73,73,64,55,55,55,55,55,55,43,43,7,7,27,83,80,83,83,80,80,83,83,83,83,83,83,83,83,83,83,83,83,83,83,83,83],"gold":142,"neow_bonus":"TWO_FIFTY_GOLD","is_daily":false,"chose_seed":false,"campfire_upgraded":8,"win_rate":0.0,"timestamp":1609340427,"path_taken":["M","M","M","M","$","R","E","?","T","?","E","M","?","$","R","BOSS","BOSS","M","$","M","M","M","E","$","R","T","E","?","E","R","?","R","BOSS","M","M","$","?","M","E","M","?","T","R","E","R","?","?","R","BOSS","R","$","E","BOSS"],"items_purchased_type":["Card","Potion","Card","Relic","Card","Relic","Relic","Relic","Relic","Relic","Relic"],"build_version":"2020-12-22","purchased_purges":6,"victory":true,"max_hp_per_floor":[68,68,68,68,68,68,68,68,68,73,73,73,73,73,73,73,73,73,73,73,73,73,73,73,73,73,73,73,83,83,83,83,83,83,83,83,83,83,83,83,83,83,83,83,83,83,83,83,83,83,83,83,83,83,83],"card_choices":[{"not_picked":["UnstableBomb","RefractionSpark"],"picked":"FairyDestructionRay","floor":1.0},{"not_picked":["MysteriousBeam","IllusionStar"],"picked":"WitchOfGreed","floor":2.0},{"not_picked":["MilkyWay","AlicesGift"],"picked":"ManaConvection","floor":3.0},{"not_picked":["GrandCross","BinaryStars"],"picked":"NonDirectionalLaser","floor":4.0},{"not_picked":["ManaConvection","MilkyWay"],"picked":"GasGiant","floor":7.0},{"not_picked":["WitchOfGreed","PowerUp"],"picked":"GrandCross","floor":11.0},{"not_picked":["MagicChant","ManaRampage"],"picked":"SporeBomb","floor":12.0},{"not_picked":["SuperPerseids","AsteroidBelt"],"picked":"MagicAbsorber","floor":12.0},{"not_picked":["NonDirectionalLaser","DarkSpark"],"picked":"ChargingUp","floor":13.0},{"not_picked":["JA","MaximisePower"],"picked":"MillisecondPulsars","floor":16.0},{"not_picked":["EnergyRecoil","GravityBeat","MilkyWay"],"picked":"Madness+1","floor":18.0},{"not_picked":["SuperPerseids","PropBag","AsteroidBelt"],"picked":"Panacea","floor":18.0},{"not_picked":["OneTimeOff","GalacticHalo","Transmutation"],"picked":"Acceleration","floor":20.0},{"not_picked":["AsteroidBelt+1","6A","DoubleSpark"],"picked":"REME_Flogging","floor":20.0},{"not_picked":["MilkyWay","FairyDestructionRay","Transmutation"],"picked":"DarkMatter","floor":21.0},{"not_picked":["OneTimeOff","ChargingUp+1","Mind Blast+1"],"picked":"Acceleration","floor":21.0},{"not_picked":["Singularity+1","IllusionStar","Jack Of All Trades"],"picked":"UltimateShortwave","floor":22.0},{"not_picked":["GasGiant","NonDirectionalLaser","MagicAbsorber"],"picked":"Dark Shackles","floor":22.0},{"not_picked":["GalacticHalo","GrandCross","StarBarrage+1","REME_ShortnessOfBreath"],"picked":"SKIP","floor":23.0},{"not_picked":["BlazingStar","SuperPerseids","REME_BodyOfCthun"],"picked":"LuminesStrike","floor":27.0},{"not_picked":["UnstableBomb+1","DoubleSpark","IllusionStar"],"picked":"Jack Of All Trades","floor":29.0},{"not_picked":["StarDustReverie","BigCrunch","AbsoluteMagnitude"],"picked":"Secret Technique","floor":33.0},{"not_picked":["LuminesStrike","ChargingUp+1","GrandCross+1"],"picked":"Apotheosis","floor":35.0},{"not_picked":["NonDirectionalLaser","GravityBeat","Sadistic Nature"],"picked":"CollectingQuirk","floor":35.0},{"not_picked":["DarkSpark","GalacticHalo+1","PanicButton"],"picked":"Singularity","floor":36.0},{"not_picked":["6A+1","DoubleSpark+1","SporeBomb","Impatience"],"picked":"SKIP","floor":36.0},{"not_picked":["EventHorizon","Robbery","Panacea+1"],"picked":"EnergyFlow+1","floor":38.0},{"not_picked":["MilkyWay","MysteriousBeam","OrrerysSun"],"picked":"Violence","floor":39.0},{"not_picked":["AsteroidBelt","DarkMatter","OortCloud","Secret Technique"],"picked":"SKIP","floor":39.0},{"not_picked":["AsteroidBelt","DarkMatter","OortCloud","Secret Technique"],"picked":"SKIP","floor":39.0},{"not_picked":["ManaConvection+1","MilkyWay+1","IllusionStar+1","Dramatic Entrance"],"picked":"SKIP","floor":40.0},{"not_picked":["Acceleration+1","AsteroidBelt","IllusionStar+1"],"picked":"REME_BuildACard","floor":41.0},{"not_picked":["LuminesStrike","DC+1","OneTimeOff","Panacea+1"],"picked":"SKIP","floor":41.0},{"not_picked":["LuminesStrike","JA","EventHorizon+1"],"picked":"REME_FirmDetermination+1","floor":42.0},{"not_picked":["MagicChant+1","LuminesStrike+1","Finesse+1"],"picked":"CasketOfStar","floor":45.0},{"not_picked":["WitchLeyline","UnstableBomb+1","Mind Blast"],"picked":"EarthLightRay+1","floor":48},{"not_picked":["WitchLeyline+1","UnstableBomb+1","DoubleSpark","REME_PuzzleBox"],"picked":"SKIP","floor":48},{"not_picked":["OortCloud","SatelliteIllusion","Violence"],"picked":"OrrerysSun+1","floor":54}],"player_experience":578737,"relics_obtained":[{"floor":7.0,"key":"Prayer Wheel"},{"floor":9.0,"key":"The Courier"},{"floor":11.0,"key":"Lantern"},{"floor":13.0,"key":"Mercury Hourglass"},{"floor":17.0,"key":"Potion Belt"},{"floor":17.0,"key":"Toy Ornithopter"},{"floor":23.0,"key":"Smiling Mask"},{"floor":26.0,"key":"AmplifyWand"},{"floor":27.0,"key":"Regal Pillow"},{"floor":29.0,"key":"Pear"},{"floor":38.0,"key":"CatCart"},{"floor":40.0,"key":"CaptainsWheel"},{"floor":42.0,"key":"Gambling Chip"},{"floor":45.0,"key":"REME_PuzzleBoxRelic"},{"floor":47.0,"key":"Boot"},{"floor":54,"key":"REME_HourglassOfDeath"}],"event_choices":[{"damage_healed":0.0,"max_hp_gain":0.0,"max_hp_loss":0.0,"gold_gain":0.0,"event_name":"Liars Game","player_choice":"Ignored","floor":8.0,"gold_loss":0.0,"damage_taken":0.0},{"damage_healed":0.0,"max_hp_gain":5.0,"max_hp_loss":0.0,"gold_gain":0.0,"event_name":"Big Fish","player_choice":"Donut","floor":10.0,"gold_loss":0.0,"damage_taken":0.0},{"damage_healed":0.0,"max_hp_gain":0.0,"max_hp_loss":0.0,"gold_gain":0.0,"event_name":"Dead Adventurer","player_choice":"Searched \u00272\u0027 times","floor":13.0,"gold_loss":0.0,"damage_taken":0.0},{"cards_removed":["Strike_MRS"],"damage_healed":0.0,"max_hp_gain":0.0,"max_hp_loss":0.0,"gold_gain":0.0,"event_name":"Back to Basics","player_choice":"Elegance","floor":28.0,"gold_loss":0.0,"damage_taken":0.0},{"damage_healed":0.0,"max_hp_gain":0.0,"max_hp_loss":0.0,"gold_gain":360.0,"event_name":"Knowing Skull","player_choice":"POTION GOLD GOLD GOLD GOLD ","floor":31.0,"potions_obtained":["BottledSpark"],"gold_loss":0.0,"damage_taken":42.0,"cards_obtained":[]},{"damage_healed":0.0,"max_hp_gain":0.0,"max_hp_loss":0.0,"gold_gain":0.0,"event_name":"OrinTheCat","player_choice":"Fight","floor":38.0,"gold_loss":0.0,"damage_taken":0.0},{"damage_healed":0.0,"max_hp_gain":0.0,"max_hp_loss":0.0,"gold_gain":0.0,"event_name":"Mysterious Sphere","player_choice":"Fight","floor":42.0,"gold_loss":0.0,"damage_taken":0.0}],"is_beta":false,"boss_relics":[{"not_picked":["Philosopher\u0027s Stone","Busted Crown"],"picked":"REME_LowDesire"},{"not_picked":["ExperimentalFamiliar","Cursed Key"],"picked":"RampagingMagicTools"}],"items_purged_floors":[5,14,19,24,37,53],"is_endless":false,"potions_floor_spawned":[1,11,13,16,18,22,33,36,39,40,48],"ascension_level":1}}