{"host":"foq4mrde4mssg7vt","time":1609339443,"event":{"mods":["AchievementEnabler","BaseMod","Colored Map","Colored Powertips","Highlight Path","Minty Spire (QoL Compilation)","Relic Stats","everything is the same but u backflip on backflip"],"gold_per_floor":[112,124,134,152,171,171,202,202,250,285,285,301,16,40,40,114,114,128,128,128,141,66,66,79,94,94,108,108,108,127,158,158,235,235,248,248,65,84,95,122,122,122,122,135,10,33,43,74,74,74,74],"floor_reached":50,"playtime":2222,"items_purged":["Strike_R","Strike_R","Strike_R"],"score":1000,"play_id":"ca371f4c-ad18-48fc-9e35-d3849678fa01","local_time":"20201230224403","is_ascension_mode":true,"campfire_choices":[{"data":"Bash","floor":6.0,"key":"SMITH"},{"data":"Twin Strike","floor":8.0,"key":"SMITH"},{"data":"Metallicize","floor":11.0,"key":"SMITH"},{"data":"Feed","floor":15.0,"key":"SMITH"},{"floor":23.0,"key":"REST"},{"data":"True Grit","floor":28.0,"key":"SMITH"},{"floor":32.0,"key":"REST"},{"floor":41,"key":"REST"},{"floor":49,"key":"RECALL"}],"circlet_count":0,"master_deck":["AscendersBane","Strike_R","Defend_R","Defend_R","Defend_R","Defend_R","Bash+1","Twin Strike+1","Wild Strike","Metallicize+1","Shrug It Off","Feed+1","Offering","Spot Weakness","RitualDagger","True Grit+1","Cleave","Heavy Blade","Impervious","Battle Trance","Shrug It Off","Dual Wield","Shockwave","Parasite","Shockwave"],"relics":["Burning Blood","Thread and Needle","Pen Nib","White Beast Statue","PreservedInsect","Regal Pillow","Philosopher\u0027s Stone","Paper Frog","Juzu Bracelet","Empty Cage","Boot","Blood Vial","Sundial"],"acts_visited":["Exordium","TheCity","TheBeyond"],"potions_floor_usage":[40,40,47,50,50],"damage_taken":[{"damage":1.0,"enemies":"Cultist","floor":1.0,"turns":4.0},{"damage":3.0,"enemies":"Jaw Worm","floor":2.0,"turns":3.0},{"damage":0.0,"enemies":"Small Slimes","floor":3.0,"turns":4.0},{"damage":10.0,"enemies":"3 Louse","floor":4.0,"turns":3.0},{"damage":5.0,"enemies":"2 Fungi Beasts","floor":5.0,"turns":4.0},{"damage":33.0,"enemies":"3 Sentries","floor":7.0,"turns":12.0},{"damage":9.0,"enemies":"Gremlin Nob","floor":10.0,"turns":3.0},{"damage":0.0,"enemies":"Large Slime","floor":12.0,"turns":3.0},{"damage":45.0,"enemies":"The Guardian","floor":16.0,"turns":16.0},{"damage":6.0,"enemies":"Spheric Guardian","floor":18.0,"turns":3.0},{"damage":44.0,"enemies":"2 Thieves","floor":21.0,"turns":5.0},{"damage":20.0,"enemies":"Cultist and Chosen","floor":24.0,"turns":8.0},{"damage":23.0,"enemies":"Snake Plant","floor":25.0,"turns":4.0},{"damage":16.0,"enemies":"Centurion and Healer","floor":27.0,"turns":8.0},{"damage":24.0,"enemies":"3 Cultists","floor":30.0,"turns":5.0},{"damage":15.0,"enemies":"Gremlin Leader","floor":31.0,"turns":2.0},{"damage":38.0,"enemies":"Champ","floor":33.0,"turns":19.0},{"damage":17.0,"enemies":"Orb Walker","floor":35.0,"turns":5.0},{"damage":28,"enemies":"3 Darklings","floor":38,"turns":9},{"damage":26,"enemies":"Jaw Worm Horde","floor":39,"turns":6},{"damage":33,"enemies":"Nemesis","floor":40,"turns":5},{"damage":9,"enemies":"4 Shapes","floor":44,"turns":10},{"damage":39,"enemies":"Writhing Mass","floor":47,"turns":8},{"damage":22,"enemies":"Reptomancer","floor":48,"turns":3},{"damage":29,"enemies":"Time Eater","floor":50,"turns":3}],"seed_played":"377650508103470699","potions_obtained":[{"floor":2.0,"key":"FairyPotion"},{"floor":3.0,"key":"SpeedPotion"},{"floor":16.0,"key":"Swift Potion"},{"floor":18.0,"key":"BlessingOfTheForge"},{"floor":21.0,"key":"Regen Potion"},{"floor":25.0,"key":"Ancient Potion"},{"floor":30.0,"key":"EssenceOfSteel"},{"floor":31.0,"key":"PowerPotion"},{"floor":33.0,"key":"DuplicationPotion"},{"floor":40,"key":"Dexterity Potion"},{"floor":44,"key":"GamblersBrew"},{"floor":47,"key":"Weak Potion"}],"is_trial":false,"path_per_floor":["M","M","M","M","M","R","E","R","T","E","R","M","$","T","R","B",null,"M","?","?","M","$","R","M","M","T","M","R","?","M","E","R","B",null,"M","?","$","M","M","E","R","?","T","M","$","T","M","E","R","B"],"character_chosen":"IRONCLAD","items_purchased":["Feed","PreservedInsect","Battle Trance","SteroidPotion"],"campfire_rested":3,"item_purchase_floors":[13,13,37,37],"current_hp_per_floor":[55,58,64,60,61,61,34,34,34,31,31,37,37,37,37,29,67,71,65,65,27,27,66,52,51,51,45,45,45,31,22,65,33,80,73,73,73,51,35,8,53,53,53,58,58,58,27,13,13,0,0],"gold":74,"neow_bonus":"ONE_RARE_RELIC","is_daily":false,"chose_seed":false,"campfire_upgraded":5,"win_rate":0.0,"timestamp":1609339443,"path_taken":["M","?","M","M","?","R","E","R","T","E","R","M","$","?","R","BOSS","M","?","?","M","$","R","M","M","T","M","R","?","M","E","R","BOSS","M","?","$","M","M","E","R","?","T","M","?","?","M","E","R","BOSS"],"items_purchased_type":["Card","Relic","Card","Potion"],"build_version":"2020-12-22","purchased_purges":3,"victory":false,"max_hp_per_floor":[75,75,75,75,75,75,75,75,75,75,75,75,75,75,75,79,79,83,83,83,83,83,83,83,87,87,91,91,91,95,95,95,95,95,99,99,99,99,103,103,103,103,103,111,111,111,111,111,111,111,111],"relic_stats":{"Blood Vial":6,"Regal Pillow":45,"counters":[25,155],"Sundial":[0],"Pen Nib":[17],"PreservedInsect":158,"Juzu Bracelet":0,"Boot":[1],"obtain_stats":[{"Regal Pillow":14,"Thread and Needle":0,"Pen Nib":9,"PreservedInsect":13,"Juzu Bracelet":31,"Empty Cage":34,"Boot":40,"Burning Blood":0,"White Beast Statue":10,"Blood Vial":46,"Sundial":48,"Philosopher\u0027s Stone":17,"Paper Frog":26},{"Regal Pillow":8,"Thread and Needle":0,"Pen Nib":6,"PreservedInsect":8,"Juzu Bracelet":16,"Empty Cage":17,"Boot":21,"Burning Blood":0,"White Beast Statue":7,"Blood Vial":22,"Sundial":24,"Philosopher\u0027s Stone":9,"Paper Frog":13},{"Regal Pillow":36,"Thread and Needle":0,"Pen Nib":30,"PreservedInsect":36,"Juzu Bracelet":87,"Empty Cage":106,"Boot":131,"Burning Blood":0,"White Beast Statue":33,"Blood Vial":141,"Sundial":152,"Philosopher\u0027s Stone":52,"Paper Frog":72}],"Burning Blood":144},"card_choices":[{"not_picked":["True Grit","Fire Breathing"],"picked":"Twin Strike","floor":1.0},{"not_picked":["Heavy Blade","Dark Embrace"],"picked":"Pummel","floor":2.0},{"not_picked":["Second Wind","Rage"],"picked":"Wild Strike","floor":3.0},{"not_picked":["Wild Strike","Dark Embrace"],"picked":"Metallicize","floor":4.0},{"not_picked":["Armaments","Flex","Uppercut"],"picked":"SKIP","floor":5.0},{"not_picked":["Twin Strike","Sword Boomerang","Thunderclap"],"picked":"SKIP","floor":7.0},{"not_picked":["Rampage","Reckless Charge"],"picked":"Shrug It Off","floor":10.0},{"not_picked":["Dual Wield","Havoc","Rage"],"picked":"SKIP","floor":12.0},{"not_picked":["Feed","Double Tap"],"picked":"Offering","floor":16.0},{"not_picked":["Thunderclap","Dual Wield"],"picked":"Spot Weakness","floor":18.0},{"not_picked":["Ghostly Armor","Wild Strike"],"picked":"Cleave","floor":21.0},{"not_picked":["Perfected Strike","Anger","Second Wind"],"picked":"SKIP","floor":24.0},{"not_picked":["Flex","Heavy Blade","True Grit"],"picked":"SKIP","floor":25.0},{"not_picked":["Bloodletting","Twin Strike","Carnage"],"picked":"SKIP","floor":27.0},{"not_picked":["Warcry","Spot Weakness+1"],"picked":"Heavy Blade","floor":30.0},{"not_picked":["Blood for Blood","Berserk","Anger"],"picked":"SKIP","floor":31.0},{"not_picked":["Exhume","Bludgeon"],"picked":"Impervious","floor":33.0},{"not_picked":["Combust","Metallicize","Sword Boomerang+1"],"picked":"SKIP","floor":35.0},{"not_picked":["Heavy Blade+1","Perfected Strike+1"],"picked":"Shrug It Off","floor":38},{"not_picked":["Clash","Spot Weakness"],"picked":"Dual Wield","floor":39},{"not_picked":["Armaments","Rupture"],"picked":"Shockwave","floor":40},{"not_picked":["Rampage","Clothesline","Perfected Strike"],"picked":"SKIP","floor":44},{"not_picked":["Searing Blow+1","Flex+1","Dual Wield"],"picked":"SKIP","floor":47},{"not_picked":["Perfected Strike","Battle Trance"],"picked":"Shockwave","floor":48}],"player_experience":321742,"relics_obtained":[{"floor":9.0,"key":"Pen Nib"},{"floor":10.0,"key":"White Beast Statue"},{"floor":14.0,"key":"Regal Pillow"},{"floor":26.0,"key":"Paper Frog"},{"floor":31.0,"key":"Juzu Bracelet"},{"floor":40,"key":"Boot"},{"floor":46,"key":"Blood Vial"},{"floor":48,"key":"Sundial"}],"event_choices":[{"damage_healed":0.0,"max_hp_gain":0.0,"max_hp_loss":0.0,"gold_gain":0.0,"event_name":"Nest","player_choice":"Joined the Cult","floor":19.0,"gold_loss":0.0,"damage_taken":6.0,"cards_obtained":["RitualDagger"]},{"damage_healed":0.0,"max_hp_gain":0.0,"max_hp_loss":0.0,"gold_gain":0.0,"event_name":"The Library","player_choice":"Read","floor":20.0,"gold_loss":0.0,"damage_taken":0.0,"cards_obtained":["True Grit"]},{"damage_healed":0.0,"max_hp_gain":0.0,"max_hp_loss":0.0,"gold_gain":0.0,"event_name":"Forgotten Altar","player_choice":"Smashed Altar","floor":29.0,"gold_loss":0.0,"damage_taken":0.0,"cards_obtained":["Decay"]},{"cards_removed":["Pummel"],"damage_healed":0.0,"max_hp_gain":0.0,"max_hp_loss":0.0,"gold_gain":0.0,"event_name":"Falling","player_choice":"Removed Attack","floor":36.0,"gold_loss":0.0,"damage_taken":0.0},{"damage_healed":0,"gold_gain":0,"player_choice":"Ignored","damage_taken":0,"max_hp_gain":0,"max_hp_loss":0,"event_name":"Tomb of Lord Red Mask","floor":42,"gold_loss":0}],"is_beta":false,"boss_relics":[{"not_picked":["SacredBark","Busted Crown"],"picked":"Philosopher\u0027s Stone"},{"not_picked":["Tiny House","Sozu"],"picked":"Empty Cage"}],"items_purged_floors":[22,37,45],"is_endless":false,"potions_floor_spawned":[2,3,10,12,16,18,21,24,25,27,30,31,33,35,38,39,40,44,47,48],"killed_by":"Time Eater","ascension_level":14}}