{"host":"nzm1i0l8mrsm8hd2","time":1609341338,"event":{"mods":["Act Like it!","Aspiration","BaseMod","Conspire","Gensokyo","Minty Spire (QoL Compilation)","Pale of the Ancients","Quick Restart","RumiaBox-露米娅的神秘盒子","Spicy Shops","StSLib","The Alterego"],"gold_per_floor":[117,435,435,96,113,113,127,162,162,162,162,197,72,107,107,182,182,194,194,206,29,49,82,82,82,82],"floor_reached":25,"playtime":1469,"items_purged":["alterego_mod:Strike","alterego_mod:Strike","alterego_mod:Strike"],"score":503,"play_id":"04fb9b19-d24c-4430-8727-1471dd897464","local_time":"20201230231538","daily_mods":["Heirloom","DeadlyEvents","Elite Swarm"],"is_ascension_mode":true,"campfire_choices":[{"data":"alterego_mod:BigMeatyClaws","floor":6.0,"key":"SMITH"},{"data":"alterego_mod:Tantrum","floor":10.0,"key":"SMITH"},{"floor":15.0,"key":"DIG"},{"floor":24,"key":"DIG"}],"circlet_count":0,"master_deck":["AscendersBane","alterego_mod:Strike","alterego_mod:Defend","alterego_mod:Defend","alterego_mod:Defend","alterego_mod:Defend","alterego_mod:BigMeatyClaws+1","alterego_mod:Tantrum+1","alterego_mod:IdEs+1","alterego_mod:Palingenesis","alterego_mod:PainIsPleasure","alterego_mod:Birthday+1","alterego_mod:IndependentAction+1","alterego_mod:GIGAMILK+1"],"relics":["alterego_mod:MasochisticConstitution","conspire:Boomerang","Baka","Old Coin","Medical Kit","Darkstone Periapt","Toxic Egg 2","Gensokyo:Mercy","Shovel","aspiration:FrozenJewel","Nunchaku","Shovel","Snecko Eye","Singing Bowl","Oddly Smooth Stone","Blood Vial","Strawberry"],"acts_visited":["Exordium","Gensokyo:Gensokyo"],"potions_floor_usage":[],"damage_taken":[{"damage":4.0,"enemies":"Gensokyo:3_Fairies","floor":1.0,"turns":5.0},{"damage":2.0,"enemies":"Gensokyo:2_Kodama","floor":2.0,"turns":3.0},{"damage":8.0,"enemies":"Gensokyo:Python","floor":5.0,"turns":4.0},{"damage":0.0,"enemies":"Gensokyo:LivingMonolith","floor":7.0,"turns":3.0},{"damage":8.0,"enemies":"Gensokyo:Cirno","floor":8.0,"turns":5.0},{"damage":7.0,"enemies":"Gensokyo:Mamizou","floor":12.0,"turns":6.0},{"damage":15.0,"enemies":"Gensokyo:Aya","floor":14.0,"turns":5.0},{"damage":26.0,"enemies":"Gensokyo:Reimu","floor":16.0,"turns":6.0},{"damage":16.0,"enemies":"Gensokyo:2_Gloops","floor":18.0,"turns":5.0},{"damage":10,"enemies":"Gensokyo:AngelMirror","floor":20,"turns":4},{"damage":0,"enemies":"Gensokyo:Swordslinger","floor":22,"turns":4},{"damage":117,"enemies":"Gensokyo:Koishi","floor":23,"turns":10},{"damage":50,"enemies":"Gensokyo:Reisen","floor":25,"turns":8}],"seed_played":"86950375027107609","potions_obtained":[{"floor":1.0,"key":"Explosive Potion"},{"floor":5.0,"key":"ColorlessPotion"},{"floor":8.0,"key":"Strength Potion"},{"floor":23,"key":"Ancient Potion"}],"is_trial":true,"path_per_floor":["M","M","?","$","M","R","M","E","T","R","?","E","$","E","R","B",null,"M","?","M","COS","M","E","R","E"],"character_chosen":"The_Alterego","items_purchased":["Medical Kit"],"campfire_rested":0,"item_purchase_floors":[4],"current_hp_per_floor":[56,55,61,61,54,54,54,47,47,47,47,41,41,27,27,8,65,69,69,71,71,78,10,17,0,0],"gold":82,"neow_bonus":"","is_daily":false,"chose_seed":false,"campfire_upgraded":2,"win_rate":0.0,"timestamp":1609341338,"path_taken":["M","?","?","$","M","R","M","E","T","R","?","?","?","E","R","BOSS","M","?","M","COS","M","E","R","E"],"items_purchased_type":["Relic"],"build_version":"2020-12-22","purchased_purges":3,"victory":false,"max_hp_per_floor":[66,67,73,73,74,74,74,75,75,75,75,76,76,77,77,84,84,85,77,78,78,78,79,86,86,86],"card_choices":[{"not_picked":["alterego_mod:BustOut","alterego_mod:DustData","alterego_mod:Crossover"],"picked":"SKIP","floor":1.0},{"not_picked":["alterego_mod:PerceptionDisorder","alterego_mod:Valentines","alterego_mod:PresenceConcealment"],"picked":"SKIP","floor":2.0},{"not_picked":["alterego_mod:DestructionOfProperty","alterego_mod:Mirror","alterego_mod:Valentines"],"picked":"SKIP","floor":5.0},{"not_picked":["alterego_mod:Pet","alterego_mod:Collar","alterego_mod:DeftHands"],"picked":"SKIP","floor":7.0},{"not_picked":["alterego_mod:BrynhildrRomantia","alterego_mod:TrickOrTreatment"],"picked":"alterego_mod:Tantrum","floor":8.0},{"not_picked":["alterego_mod:VirginLaserPalladion","alterego_mod:Alter+1"],"picked":"alterego_mod:IdEs+1","floor":12.0},{"not_picked":["alterego_mod:Tantrum+1","alterego_mod:Alter+1"],"picked":"alterego_mod:Palingenesis","floor":14.0},{"not_picked":["alterego_mod:Valkyrie","alterego_mod:Rake"],"picked":"alterego_mod:PainIsPleasure","floor":16.0},{"not_picked":["alterego_mod:Jiggle+1","alterego_mod:BiFurious"],"picked":"alterego_mod:Birthday+1","floor":18.0},{"not_picked":["alterego_mod:Belts","alterego_mod:Rip"],"picked":"alterego_mod:IndependentAction+1","floor":20},{"not_picked":["alterego_mod:SuperDuperMasochism+1","alterego_mod:DustData"],"picked":"alterego_mod:Clap+1","floor":22},{"not_picked":["alterego_mod:Vow+1","alterego_mod:SideboobHour"],"picked":"alterego_mod:GIGAMILK+1","floor":23}],"player_experience":562534,"relics_obtained":[{"floor":1.0,"key":"Baka"},{"floor":2.0,"key":"Old Coin"},{"floor":8.0,"key":"Darkstone Periapt"},{"floor":9.0,"key":"Toxic Egg 2"},{"floor":12.0,"key":"Shovel"},{"floor":14.0,"key":"aspiration:FrozenJewel"},{"floor":15.0,"key":"Nunchaku"},{"floor":16.0,"key":"Shovel"},{"floor":23,"key":"Blood Vial"},{"floor":24,"key":"Strawberry"}],"event_choices":[],"is_beta":false,"boss_relics":[{"not_picked":["Busted Crown","Ectoplasm"],"picked":"Snecko Eye"}],"items_purged_floors":[4,4,13],"is_endless":false,"potions_floor_spawned":[1,5,8,23],"killed_by":"Gensokyo:Reisen","ascension_level":20}}