{"host":"tw8gm4p1o2j6gfl4","time":1609360625,"event":{"mods":["Aspiration","BaseMod","BetterRewards","Colored Map","Colored Powertips","Curses Come First","Downfall","Hermit","Hubris","Infinite Spire","Lobotomy","Luminous","Minty Spire (QoL Compilation)","Quick Restart","Replay The Spire","StSLib","SuperFastMode","The Cursed","The Jungle","The Marked","Trackpad","[IsaacMod]????"],"gold_per_floor":[99,99,99,99,99,114,137,150,162,177,195,45,77,89,106,106,106,106],"floor_reached":16,"playtime":1105,"items_purged":[],"score":104,"play_id":"1fab86f0-6db1-4b75-b2ea-6b5ff0920ac7","local_time":"20201230123705","is_ascension_mode":false,"campfire_choices":[{"floor":1.0,"key":"RECALL"},{"floor":12,"key":"REST"}],"circlet_count":0,"master_deck":["Guardian:Strike_Guardian","Guardian:Strike_Guardian+1","Guardian:Strike_Guardian","Guardian:Strike_Guardian","Guardian:Defend_Guardian","Guardian:Defend_Guardian+1","Guardian:Defend_Guardian","Guardian:Defend_Guardian+1","Guardian:CurlUp","Guardian:TwinSlam","Guardian:Gem_Lightblue","Regret","Guardian:Suspension","Guardian:ConstructionForm","Guardian:ChargeUp","Guardian:RevengeProtocol","Guardian:CrystalBeam","Guardian:TemporalStrike","Guardian:Gem_Cyan"],"relics":["Guardian:ModeShifter","HushsDoor","SteamSale","downfall:HeartsMalice","downfall:HeartBlessingRed","downfall:HeartBlessingBlue","ReplayTheSpireMod:Shallot"],"acts_visited":["Exordium"],"potions_floor_usage":[9,16,16],"damage_taken":[{"damage":0.0,"enemies":"Cultist","floor":2.0,"turns":1.0},{"damage":0,"enemies":"2 Louse","floor":3,"turns":1},{"damage":0,"enemies":"Jaw Worm","floor":5,"turns":1},{"damage":17,"enemies":"Exordium Wildlife","floor":6,"turns":4},{"damage":16,"enemies":"Lots of Slimes","floor":8,"turns":5},{"damage":4,"enemies":"Exordium Thugs","floor":9,"turns":9},{"damage":14,"enemies":"Blue Slaver","floor":10,"turns":6},{"damage":6,"enemies":"Red Slaver","floor":11,"turns":7},{"damage":15,"enemies":"3 Sentries","floor":13,"turns":11},{"damage":11,"enemies":"Lots of Slimes","floor":14,"turns":5},{"damage":2,"enemies":"3 Louse","floor":15,"turns":4},{"damage":33,"enemies":"downfall:Defect","floor":16,"turns":5}],"seed_played":"3696824486349970513","potions_obtained":[{"floor":8,"key":"FearPotion"},{"floor":10,"key":"FearPotion"},{"floor":11,"key":"PowerPotion"}],"is_trial":false,"path_per_floor":["R","M","M","?","M","M","T","M","M","M","M","R","E","M","M","B"],"character_chosen":"GUARDIAN","items_purchased":[],"campfire_rested":1,"item_purchase_floors":[],"current_hp_per_floor":[80,80,80,80,80,63,63,47,43,29,23,60,45,34,32,0,0,0],"gold":106,"neow_bonus":"THREE_ENEMY_KILL","is_daily":false,"chose_seed":false,"campfire_upgraded":0,"win_rate":0.0,"timestamp":1609360625,"path_taken":["R","M","M","?","M","M","T","M","M","M","M","R","E","M","M","BOSS"],"items_purchased_type":[],"build_version":"2020-12-22","purchased_purges":0,"victory":false,"max_hp_per_floor":[80,80,80,80,80,80,80,80,80,80,80,90,90,90,90,90,90,90],"card_choices":[{"not_picked":["Guardian:Reroute","Guardian:MultiBeam"],"picked":"Guardian:Gem_Green","floor":2},{"not_picked":["Guardian:RefractedBeam","Guardian:Orbwalk"],"picked":"Guardian:Gem_Lightblue","floor":3},{"not_picked":["Guardian:Repulse","Guardian:MultiBeam"],"picked":"Guardian:Suspension","floor":5},{"not_picked":["Guardian:SpikerProtocol","Guardian:Suspension"],"picked":"Guardian:ConstructionForm","floor":6},{"not_picked":["Guardian:Suspension","Guardian:PrimingBeam"],"picked":"Guardian:Gem_Green","floor":8},{"not_picked":["Guardian:Gem_White","Guardian:VentSteam"],"picked":"Guardian:ChargeUp","floor":9},{"not_picked":["Guardian:ShieldCharger","Guardian:Suspension"],"picked":"Guardian:RevengeProtocol","floor":10},{"not_picked":["Guardian:Incinerate","Guardian:Gem_Blue"],"picked":"Guardian:Gem_Red","floor":11},{"not_picked":["Guardian:HyperBeam_Guardian","Guardian:PiercingHide"],"picked":"Guardian:CrystalBeam","floor":13},{"not_picked":["Guardian:TemporalShield","Guardian:PiercingHide"],"picked":"Guardian:TemporalStrike","floor":14},{"not_picked":["Guardian:ChargeCore","Guardian:Gem_Red"],"picked":"Guardian:Gem_Cyan","floor":15}],"player_experience":163340,"relics_obtained":[{"floor":13,"key":"ReplayTheSpireMod:Shallot"}],"event_choices":[],"is_beta":false,"boss_relics":[],"items_purged_floors":[],"is_endless":false,"potions_floor_spawned":[8,10,11],"killed_by":"downfall:Defect","ascension_level":0}}