{"host":"0i8dz4ityulxi1rd","time":1609337968,"event":{"mods":["BaseMod","Colored Map","Colored Powertips","Custom Start","Highlight Path","Hubris","Infinite Spire","Keyboard Shortcuts","Minty Spire (QoL Compilation)","StSLib","SuperFastMode"],"gold_per_floor":[409,11,25,25,44,44,77,90,117,117,127,20,170,200,200,200,200],"floor_reached":16,"playtime":419,"items_purged":["Strike_R"],"score":220,"play_id":"194a18ae-3a89-4d05-8405-64c9d7283af1","local_time":"20201230231928","is_ascension_mode":true,"campfire_choices":[{"data":"Bash","floor":6.0,"key":"SMITH"},{"floor":10,"key":"REST"},{"data":"Rampage","floor":15,"key":"SMITH"}],"circlet_count":0,"master_deck":["AscendersBane","Strike_R","Strike_R","Strike_R","Strike_R","Defend_R","Defend_R","Defend_R","Defend_R","Bash+1","Clumsy","True Grit+1","Offering+1","Regret","Twin Strike","Rampage+1","Armaments+1","Flash of Steel","Headbutt"],"relics":["Burning Blood","Old Coin","Toxic Egg 2","infinitespire:Eraser","Omamori","Happy Flower","Orichalcum"],"acts_visited":["Exordium"],"potions_floor_usage":[7,8,14],"damage_taken":[{"damage":23.0,"enemies":"Small Slimes","floor":1.0,"turns":4.0},{"damage":3.0,"enemies":"2 Louse","floor":3.0,"turns":4.0},{"damage":6.0,"enemies":"Jaw Worm","floor":5.0,"turns":3.0},{"damage":36,"enemies":"Lagavulin","floor":7,"turns":6},{"damage":9,"enemies":"Exordium Thugs","floor":8,"turns":4},{"damage":21,"enemies":"3 Louse","floor":11,"turns":5},{"damage":17,"enemies":"3 Sentries","floor":14,"turns":9},{"damage":13,"enemies":"Hexaghost","floor":16,"turns":7}],"seed_played":"1676426141945974741","potions_obtained":[{"floor":5.0,"key":"SkillPotion"},{"floor":7,"key":"AttackPotion"},{"floor":8,"key":"ElixirPotion"}],"is_trial":false,"path_per_floor":["M","$","M","?","M","R","E","M","T","R","M","$","?","E","R","B"],"character_chosen":"IRONCLAD","items_purchased":["Toxic Egg 2","True Grit+1","Flash of Steel"],"campfire_rested":1,"item_purchase_floors":[2,2,12],"current_hp_per_floor":[51,51,54,54,54,54,24,21,21,43,28,28,28,17,17,4,4],"gold":200,"neow_bonus":"ONE_RARE_RELIC","is_daily":false,"chose_seed":false,"campfire_upgraded":2,"win_rate":0.0,"timestamp":1609337968,"path_taken":["M","$","M","?","M","R","E","M","T","R","M","$","?","E","R","BOSS"],"items_purchased_type":["Relic","Card","Card"],"build_version":"2020-12-22","purchased_purges":1,"victory":false,"max_hp_per_floor":[75,75,75,75,75,75,75,75,75,75,75,75,75,75,75,75,75],"card_choices":[{"not_picked":["hubris:SharpeningStone","Heavy Blade","Anger"],"picked":"SKIP","floor":1.0},{"not_picked":["Body Slam","Clothesline"],"picked":"Offering+1","floor":3.0},{"not_picked":["Armaments+1","Thunderclap"],"picked":"Twin Strike","floor":5.0},{"not_picked":["Clash","Whirlwind","Heavy Blade"],"picked":"SKIP","floor":7},{"not_picked":["Clash","Whirlwind","Heavy Blade"],"picked":"SKIP","floor":7},{"not_picked":["Cleave","Headbutt"],"picked":"Rampage","floor":8},{"not_picked":["Warcry+1","Cleave"],"picked":"Armaments+1","floor":11},{"not_picked":["Wild Strike","Clash"],"picked":"Headbutt","floor":14}],"player_experience":1273099,"relics_obtained":[{"floor":7,"key":"Omamori"},{"floor":9,"key":"Happy Flower"},{"floor":14,"key":"Orichalcum"}],"event_choices":[{"damage_healed":0.0,"max_hp_gain":0.0,"max_hp_loss":0.0,"gold_gain":0.0,"event_name":"Big Fish","player_choice":"Box","floor":4.0,"gold_loss":0.0,"damage_taken":0.0,"relics_obtained":["infinitespire:Eraser"],"cards_obtained":["Regret"]},{"damage_healed":0,"gold_gain":150,"player_choice":"AGREE","damage_taken":0,"max_hp_gain":0,"max_hp_loss":0,"event_name":"Liars Game","floor":13,"gold_loss":0,"cards_obtained":["Doubt"]}],"is_beta":false,"boss_relics":[],"items_purged_floors":[2],"is_endless":false,"potions_floor_spawned":[5,7,8],"killed_by":"Hexaghost","ascension_level":20}}