{"host":"yuhy0i501zzmn1iz","time":1609346355,"event":{"mods":["AchievementEnabler","AlwaysNeverKeys","BaseMod","Bestiary","Better Match","Better Third Choice","Curses Come First","Downfall","Minty Spire (QoL Compilation)","StSLib","The Blue Laboratory","slay the spire mod where everything is the same but ironclad has a cowboy hat"],"gold_per_floor":[112,112,112,62,62,102,102,102,102,102,53,97,121,145,145,268,268,289,214,214,214,9,9,53,53,53,53,96,122,22,37,37,37,37],"floor_reached":33,"playtime":1448,"items_purged":["Vigilance","Conclude"],"score":369,"play_id":"4b4039b2-0e91-4c86-b792-d5a87f25a730","local_time":"20201230113915","is_ascension_mode":true,"campfire_choices":[{"data":"Eruption","floor":7,"key":"SMITH"},{"data":"Indignation","floor":10,"key":"SMITH"},{"floor":15,"key":"REST"},{"data":"Ragnarok","floor":23,"key":"SMITH"},{"data":"Consecrate","floor":25,"key":"SMITH"},{"data":"FearNoEvil","floor":27,"key":"SMITH"},{"floor":32,"key":"REST"}],"circlet_count":0,"master_deck":["Strike_P+1","Strike_P","Strike_P","Strike_P","Defend_P+1","Defend_P","Defend_P","Defend_P+1","Eruption+1","EmptyFist+1","Spot Weakness","Indignation+1","Consecrate+1","FlurryOfBlows","Conclude","EmptyBody","Ragnarok+1","ClearTheMind","FearNoEvil+1","Consecrate","FlurryOfBlows"],"relics":["HolyWater","NeowsBlessing","Bronze Scales","Golden Idol","Whetstone","CloakClasp","Nilry\u0027s Codex","Damaru","Eternal Feather","Incense Burner","CaptainsWheel","War Paint"],"acts_visited":["Exordium","TheCity"],"potions_floor_usage":[16,24,33],"damage_taken":[{"damage":0,"enemies":"2 Louse","floor":1,"turns":1},{"damage":0,"enemies":"Gremlin Nob","floor":6,"turns":1},{"damage":0,"enemies":"3 Sentries","floor":12,"turns":2},{"damage":4,"enemies":"Small Slimes","floor":13,"turns":2},{"damage":0,"enemies":"Jaw Worm","floor":14,"turns":1},{"damage":26,"enemies":"The Guardian","floor":16,"turns":6},{"damage":0,"enemies":"Spheric Guardian","floor":18,"turns":3},{"damage":25,"enemies":"Slavers","floor":24,"turns":2},{"damage":38,"enemies":"Book of Stabbing","floor":28,"turns":5},{"damage":0,"enemies":"Chosen","floor":31,"turns":2},{"damage":61,"enemies":"Champ","floor":33,"turns":9}],"seed_played":"-8419069325184796952","potions_obtained":[{"floor":12,"key":"Guardian:BlockOnCardUsePotion"},{"floor":13,"key":"blueLaboratory:FrostheartPotion"},{"floor":14,"key":"Regen Potion"},{"floor":18,"key":"blueLaboratory:HorrorPotion"},{"floor":31,"key":"BottledMiracle"}],"is_trial":false,"path_per_floor":["M","?","?","?","?","E","R","$","T","R","$","E","M","M","R","B",null,"M","$","?","?","$","R","E","R","T","R","E","T","$","M","R","B"],"character_chosen":"WATCHER","items_purchased":["Consecrate","Damaru","ClearTheMind"],"campfire_rested":2,"item_purchase_floors":[11,22,22],"current_hp_per_floor":[72,72,67,67,49,49,49,49,49,49,49,49,45,45,66,40,72,72,72,56,56,56,56,31,43,43,55,17,17,17,17,50,0,0],"gold":37,"neow_bonus":"THREE_ENEMY_KILL","is_daily":false,"chose_seed":false,"campfire_upgraded":5,"win_rate":0.0,"timestamp":1609346355,"path_taken":["M","?","?","?","?","E","R","?","T","R","$","E","M","?","R","BOSS","M","$","?","?","$","R","E","R","T","R","E","?","?","M","R","BOSS"],"items_purchased_type":["Card","Relic","Card"],"build_version":"2020-12-22","purchased_purges":2,"victory":false,"max_hp_per_floor":[72,72,72,72,72,72,72,72,72,72,72,72,72,72,72,72,72,72,72,72,72,72,72,72,72,72,72,72,72,72,72,72,72,72],"card_choices":[{"not_picked":["ClearTheMind","Meditate"],"picked":"EmptyFist","floor":1},{"not_picked":["PathToVictory","Study"],"picked":"Indignation","floor":6},{"not_picked":["Halt","FlyingSleeves"],"picked":"FlurryOfBlows","floor":12},{"not_picked":["FollowUp","WindmillStrike"],"picked":"Conclude","floor":13},{"not_picked":["LikeWater","Prostrate"],"picked":"EmptyBody","floor":14},{"not_picked":["Alpha","Brilliance"],"picked":"Ragnarok","floor":16},{"not_picked":["EmptyBody","Halt+1"],"picked":"Conclude","floor":18},{"not_picked":["CrushJoints","Study"],"picked":"FearNoEvil","floor":24},{"not_picked":["Devotion","FearNoEvil+1"],"picked":"Consecrate","floor":28},{"not_picked":["WheelKick","Halt"],"picked":"FlurryOfBlows","floor":31}],"player_experience":243437,"relics_obtained":[{"floor":6,"key":"Whetstone"},{"floor":12,"key":"CloakClasp"},{"floor":20,"key":"Nilry\u0027s Codex"},{"floor":24,"key":"Eternal Feather"},{"floor":26,"key":"Incense Burner"},{"floor":28,"key":"CaptainsWheel"},{"floor":29,"key":"War Paint"}],"event_choices":[{"damage_healed":72,"gold_gain":0,"player_choice":"Embrace Burn","damage_taken":0,"max_hp_gain":0,"max_hp_loss":72,"event_name":"betterThird:BetterShining","floor":2,"gold_loss":0},{"cards_removed":["Burn"],"damage_healed":0,"gold_gain":0,"player_choice":"Card Removal","damage_taken":0,"max_hp_gain":0,"max_hp_loss":0,"event_name":"The Cleric","floor":4,"gold_loss":50},{"damage_healed":0,"gold_gain":0,"player_choice":"Take Damage","damage_taken":18,"relics_obtained":["Golden Idol"],"max_hp_gain":0,"max_hp_loss":0,"event_name":"Golden Idol","floor":5,"gold_loss":0},{"damage_healed":0,"gold_gain":0,"player_choice":"Obtained Book","damage_taken":16,"max_hp_gain":0,"max_hp_loss":0,"event_name":"Cursed Tome","floor":20,"gold_loss":0},{"damage_healed":0,"gold_gain":0,"player_choice":"Ignored","damage_taken":0,"max_hp_gain":0,"max_hp_loss":0,"event_name":"Ghosts","floor":21,"gold_loss":0}],"is_beta":false,"boss_relics":[{"not_picked":["Runic Pyramid","Pandora\u0027s Box"],"picked":"HolyWater"}],"items_purged_floors":[19,30],"is_endless":false,"potions_floor_spawned":[12,13,14,18,31],"killed_by":"Champ","ascension_level":2}}