{"host":"qwv9nni2x0umspiu","time":1609307044,"event":{"mods":["BaseMod","Downfall","Minty Spire (QoL Compilation)","Replay The Spire","StSLib","The Hierophant","Wandering Minibosses"],"gold_per_floor":[112,131,142,10,11,11,21,21,47,47,62,62,79,105,105,181,181,137,153,153,35,812,812,834,834,834,863,865,263,263,276,276,339,339,398,462,513,554,598,598,578,578],"floor_reached":41,"playtime":2171,"items_purged":["hierophant:Defend_Hierophant","hierophant:Strike_Hierophant"],"score":1019,"play_id":"ef2b3c98-967f-4159-accc-80991d7c5c78","local_time":"20201229214404","is_ascension_mode":true,"campfire_choices":[{"data":"hierophant:ChurchCoffers","floor":6,"key":"SMITH"},{"data":"hierophant:Punish","floor":8,"key":"SMITH"},{"data":"hierophant:Exaltation","floor":12,"key":"SMITH"},{"data":"hierophant:HammerAndAnvil","floor":15,"key":"SMITH"},{"data":"hierophant:Upheaval","floor":23,"key":"SMITH"},{"data":"hierophant:DivineIntervention","floor":25,"key":"SMITH"},{"floor":30,"key":"REST"},{"data":"hierophant:Community","floor":32,"key":"SMITH"},{"data":"hierophant:Alms","floor":40,"key":"SMITH"}],"circlet_count":0,"master_deck":["AscendersBane","hierophant:Strike_Hierophant+1","hierophant:Strike_Hierophant+1","hierophant:Punish+1","hierophant:Defend_Hierophant","hierophant:ChurchCoffers+1","hierophant:Exaltation+1","hierophant:Shelter","hierophant:HammerAndAnvil+1","hierophant:Smite","hierophant:Zeal","hierophant:DivineIntervention+1","hierophant:Community+1","hierophant:Upheaval+1","hierophant:SealAway","hierophant:Alms+1","hierophant:BulkyChest","hierophant:Encroach+1","hierophant:Racketeering+1"],"relics":["hierophant:PropheticMaskRelic","NeowsBlessing","Toy Ornithopter","Nunchaku","Pet Ghost","Black Star","wanderingMiniBosses:MasterThiefsPresence","Whetstone","Frozen Egg 2","Tiny Chest","Gambling Chip","ClockworkSouvenir","Question Card","Empty Cage"],"acts_visited":["Exordium","TheCity","TheBeyond"],"potions_floor_usage":[5,16,18,22,36,41,41],"damage_taken":[{"damage":0,"enemies":"Jaw Worm","floor":1,"turns":1},{"damage":0,"enemies":"Cultist","floor":2,"turns":1},{"damage":0,"enemies":"2 Louse","floor":3,"turns":1},{"damage":3,"enemies":"Large Slime","floor":5,"turns":4},{"damage":17,"enemies":"Gremlin Gang","floor":7,"turns":3},{"damage":0,"enemies":"Gremlin Nob","floor":11,"turns":2},{"damage":9,"enemies":"3 Louse","floor":13,"turns":2},{"damage":12,"enemies":"3 Sentries","floor":14,"turns":4},{"damage":8,"enemies":"The Guardian","floor":16,"turns":3},{"damage":36,"enemies":"2 Thieves","floor":18,"turns":4},{"damage":0,"enemies":"Shell Parasite","floor":19,"turns":1},{"damage":9,"enemies":"Shelled Parasite and Fungi","floor":22,"turns":7},{"damage":13,"enemies":"Book of Stabbing","floor":24,"turns":3},{"damage":5,"enemies":"Slavers","floor":27,"turns":4},{"damage":0,"enemies":"Chosen and Byrds","floor":28,"turns":2},{"damage":0,"enemies":"Snake Plant","floor":31,"turns":1},{"damage":0,"enemies":"Pondfish","floor":33,"turns":4},{"damage":9,"enemies":"3 Darklings","floor":35,"turns":3},{"damage":4,"enemies":"3 Shapes","floor":36,"turns":2},{"damage":0,"enemies":"Sphere and 2 Shapes","floor":37,"turns":1},{"damage":0,"enemies":"Maw","floor":38,"turns":3},{"damage":5,"enemies":"Writhing Mass","floor":39,"turns":3},{"damage":59,"enemies":"R_Hoarder","floor":41,"turns":11}],"seed_played":"6734545176346752739","potions_obtained":[{"floor":1,"key":"BlessingOfTheForge"},{"floor":13,"key":"BlessingOfTheForge"},{"floor":16,"key":"LifebloodPotion"},{"floor":19,"key":"Adrenaline Potion"},{"floor":28,"key":"Death Potion"},{"floor":36,"key":"Guardian:BlockOnCardUsePotion"}],"is_trial":false,"path_per_floor":["M","M","M","$","M","R","M","R","T","$","E","R","M","E","R","B",null,"M","M","?","$","M","R","E","R","T","E","M","$","R","M","R","B",null,"M","M","M","M","M","R","E"],"character_chosen":"HIEROPHANT","items_purchased":["hierophant:HammerAndAnvil","hierophant:Community","hierophant:Upheaval","ClockworkSouvenir","Question Card","Block Potion"],"campfire_rested":1,"item_purchase_floors":[4,21,21,29,29,29],"current_hp_per_floor":[68,68,68,68,65,65,48,48,48,48,48,48,39,27,27,24,62,31,31,31,31,27,27,14,14,14,9,9,9,31,31,31,31,64,55,56,56,56,51,51,2,2],"gold":578,"neow_bonus":"THREE_ENEMY_KILL","is_daily":false,"chose_seed":false,"campfire_upgraded":8,"win_rate":0.0,"timestamp":1609307044,"path_taken":["M","M","M","$","M","R","M","R","T","$","E","R","M","E","R","BOSS","M","M","?","$","M","R","E","R","T","E","M","$","R","M","R","BOSS","M","M","M","M","M","R","E"],"items_purchased_type":["Card","Card","Card","Relic","Relic","Potion"],"build_version":"2020-12-22","purchased_purges":2,"victory":false,"max_hp_per_floor":[75,75,75,75,75,75,75,75,75,75,75,75,75,75,75,75,75,75,75,75,75,75,75,75,75,75,75,75,75,75,75,75,75,75,75,75,75,75,75,75,75,75],"card_choices":[{"not_picked":["hierophant:EyeForCoin","hierophant:Dazzle","hierophant:Endure"],"picked":"SKIP","floor":1},{"not_picked":["hierophant:Doomsaying","hierophant:RepressedViolence"],"picked":"hierophant:Exaltation","floor":2},{"not_picked":["hierophant:Doubloon","hierophant:OrnateJavelin"],"picked":"hierophant:Shelter","floor":3},{"not_picked":["hierophant:CursedGold","hierophant:ThreeLashes"],"picked":"hierophant:Smite","floor":5},{"not_picked":["hierophant:Glossolalia","hierophant:Encroach","hierophant:RepressedViolence"],"picked":"SKIP","floor":7},{"not_picked":["hierophant:HolyVerse","hierophant:SolarFlare","hierophant:Remorse"],"picked":"SKIP","floor":11},{"not_picked":["hierophant:RustyCrate","hierophant:Sermon"],"picked":"hierophant:Zeal","floor":13},{"not_picked":["hierophant:Blessing","hierophant:Sermon","hierophant:FlamingChariot"],"picked":"SKIP","floor":14},{"not_picked":["hierophant:Cornucopia","hierophant:DeathKnell"],"picked":"hierophant:DivineIntervention","floor":16},{"not_picked":["hierophant:MorningPrayer","hierophant:Remorse","hierophant:Empathy"],"picked":"SKIP","floor":18},{"not_picked":["hierophant:Smite","hierophant:Blessing","hierophant:Purify"],"picked":"SKIP","floor":19},{"not_picked":["hierophant:Zeal","hierophant:ThreeLashes","hierophant:FlamingChariot"],"picked":"SKIP","floor":22},{"not_picked":["hierophant:RepressedViolence+1","hierophant:Community+1","hierophant:Repentance"],"picked":"SKIP","floor":24},{"not_picked":["hierophant:Smite","hierophant:Shelter"],"picked":"hierophant:SealAway","floor":27},{"not_picked":["hierophant:CursedGold+1","hierophant:Glossolalia+1","hierophant:Generosity+1"],"picked":"SKIP","floor":28},{"not_picked":["hierophant:TollTheBells","hierophant:MorningPrayer","hierophant:FaithHealing+1"],"picked":"hierophant:Alms","floor":31},{"not_picked":["hierophant:WrathOfGod","hierophant:Invocation","hierophant:Cornucopia"],"picked":"hierophant:BulkyChest","floor":33},{"not_picked":["hierophant:PristineSoul","hierophant:Dazzle+1","hierophant:ArchangelShield+1","hierophant:FlamingChariot"],"picked":"SKIP","floor":35},{"not_picked":["hierophant:ThreeLashes","hierophant:DisplayOfPower","hierophant:AuricBeam"],"picked":"hierophant:Encroach+1","floor":36},{"not_picked":["hierophant:FaithHealing","hierophant:EyeForCoin+1","hierophant:Bribe","hierophant:FlamingChariot"],"picked":"SKIP","floor":37},{"not_picked":["hierophant:Doomsaying+1","hierophant:HammerAndAnvil","hierophant:Glossolalia+1"],"picked":"hierophant:Racketeering+1","floor":38},{"not_picked":["hierophant:PristineSoul","hierophant:Zeal+1","hierophant:ThreeLashes","hierophant:RustyCrate+1"],"picked":"SKIP","floor":39}],"player_experience":1332262,"relics_obtained":[{"floor":9,"key":"Toy Ornithopter"},{"floor":11,"key":"Nunchaku"},{"floor":14,"key":"Pet Ghost"},{"floor":22,"key":"wanderingMiniBosses:MasterThiefsPresence"},{"floor":24,"key":"Whetstone"},{"floor":24,"key":"Frozen Egg 2"},{"floor":27,"key":"Tiny Chest"},{"floor":27,"key":"Gambling Chip"}],"event_choices":[{"cards_removed":["hierophant:Strike_Hierophant"],"damage_healed":0,"gold_gain":0,"player_choice":"Purged","damage_taken":0,"max_hp_gain":0,"max_hp_loss":0,"event_name":"Purifier","floor":20,"gold_loss":0}],"is_beta":false,"boss_relics":[{"not_picked":["Calling Bell","Busted Crown"],"picked":"Black Star"},{"not_picked":["Replay:Wanted Poster","Abe\u0027s Treasure"],"picked":"Empty Cage"}],"items_purged_floors":[4,29],"is_endless":false,"potions_floor_spawned":[1,13,16,19,28,31,33,36,38],"killed_by":"R_Hoarder","ascension_level":20}}