{"host":"a1entr2f04zjuino","time":1609358524,"event":{"mods":["Act Like it!","BaseMod","BetterRewards","Conspire","Hero for Fun","Hubris","Mimic Mod","Minty Spire (QoL Compilation)","Pale of the Ancients","StSLib","The Factory","The Judge","The Servant 0.9.4"],"gold_per_floor":[113,113,113,31,47,75,250,151,151,151,251,251,261,273,273,372,372,390,407,417,417,417],"floor_reached":21,"playtime":1314,"items_purged":[],"score":214,"play_id":"a533c1fd-b4b0-4443-9950-527dd3f360ec","local_time":"20201230210204","is_ascension_mode":true,"campfire_choices":[{"data":"SilverBlades","floor":12.0,"key":"SMITH"},{"floor":15.0,"key":"REST"}],"circlet_count":0,"master_deck":["Strike_S","Strike_S","Strike_S","Strike_S","Defend_S","Defend_S","Defend_S","Defend_S","KidneyShot","SilverBlades","SurpressingFire","Misdirection","Rearm","Doubt","SilverBlades+1","FastForward","Defy","Misdirection","LightFlow","Luminosity","Contraction+1","Barrier"],"relics":["Uniform","NeowsBlessing","Pantograph","Centennial Puzzle","hubris:SlimyHat","StoneMask"],"acts_visited":["Exordium","TheCity"],"potions_floor_usage":[],"damage_taken":[{"damage":0.0,"enemies":"Jaw Worm","floor":1.0,"turns":1.0},{"damage":0.0,"enemies":"Cultist","floor":5.0,"turns":1.0},{"damage":0.0,"enemies":"3 Sentries","floor":6.0,"turns":1.0},{"damage":6.0,"enemies":"Small Slimes","floor":13.0,"turns":4.0},{"damage":2.0,"enemies":"Exordium Wildlife","floor":14.0,"turns":5.0},{"damage":45.0,"enemies":"The Guardian","floor":16.0,"turns":19.0},{"damage":3.0,"enemies":"Shell Parasite","floor":18.0,"turns":8.0},{"damage":12.0,"enemies":"Spheric Guardian","floor":19.0,"turns":5.0},{"damage":38.0,"enemies":"Centurion and Healer","floor":20.0,"turns":12.0},{"damage":32,"enemies":"Shelled Parasite and Fungi","floor":21,"turns":3}],"seed_played":"148603794034127513","potions_obtained":[{"floor":1.0,"key":"LiquidMemories"},{"floor":14.0,"key":"Ancient Potion"},{"floor":19.0,"key":"PowerPotion"}],"is_trial":false,"path_per_floor":["M","$","?","$","M","E","?","$","T","?","?","R","M","M","R","B",null,"M","M","M","M"],"character_chosen":"THE_SERVANT","items_purchased":["SurpressingFire","SilverBlades","FastForward"],"campfire_rested":1,"item_purchase_floors":[4,8,8],"current_hp_per_floor":[65,65,65,65,65,65,65,65,65,58,58,58,52,50,65,20,65,65,56,24,0,0],"gold":417,"neow_bonus":"THREE_ENEMY_KILL","is_daily":false,"chose_seed":false,"campfire_upgraded":1,"win_rate":0.0,"timestamp":1609358524,"path_taken":["M","$","?","$","?","E","?","?","T","?","?","R","M","M","R","BOSS","M","M","?","M"],"items_purchased_type":["Card","Card","Card"],"build_version":"2020-12-22","purchased_purges":0,"victory":false,"max_hp_per_floor":[65,65,65,65,65,65,65,65,65,65,65,65,65,65,65,65,65,66,67,69,69,69],"card_choices":[{"not_picked":["Defy","Rewind"],"picked":"SilverBlades","floor":1.0},{"not_picked":["Spin","Ricochet"],"picked":"Misdirection","floor":5.0},{"not_picked":["TimeWarp","FloweringNight"],"picked":"Rearm","floor":6.0},{"not_picked":["Revamp","FastForward"],"picked":"Defy","floor":13.0},{"not_picked":["Shuttle","Advance"],"picked":"Misdirection","floor":14.0},{"not_picked":["Deny","PendulumOfEternity"],"picked":"LightFlow","floor":16.0},{"not_picked":["TimeWarp","Snipe"],"picked":"Luminosity","floor":18.0},{"not_picked":["Potential","Reset+1"],"picked":"Contraction+1","floor":19.0},{"not_picked":["Moonlight+1","Replace+1"],"picked":"Barrier","floor":20}],"player_experience":273565,"relics_obtained":[{"floor":6.0,"key":"Pantograph"},{"floor":9.0,"key":"Centennial Puzzle"}],"event_choices":[{"cards_removed":["Exchange"],"damage_healed":0.0,"max_hp_gain":0.0,"max_hp_loss":0.0,"gold_gain":0.0,"event_name":"Bonfire Elementals","player_choice":"Offered Basic","floor":3.0,"gold_loss":0.0,"damage_taken":0.0},{"damage_healed":0.0,"max_hp_gain":0.0,"max_hp_loss":0.0,"gold_gain":175.0,"event_name":"Liars Game","player_choice":"AGREE","floor":7.0,"gold_loss":0.0,"damage_taken":0.0,"cards_obtained":["Doubt"]},{"damage_healed":0.0,"max_hp_gain":0.0,"max_hp_loss":0.0,"gold_gain":0.0,"event_name":"Scrap Ooze","player_choice":"Success","floor":10.0,"gold_loss":0.0,"damage_taken":7.0,"relics_obtained":["hubris:SlimyHat"]},{"damage_healed":0.0,"max_hp_gain":0.0,"max_hp_loss":0.0,"gold_gain":100.0,"event_name":"Golden Shrine","player_choice":"Pray","floor":11.0,"gold_loss":0.0,"damage_taken":0.0}],"is_beta":false,"boss_relics":[{"not_picked":["hubris:ScarierMask","conspire:SeveredTorchhead"],"picked":"StoneMask"}],"items_purged_floors":[],"is_endless":false,"potions_floor_spawned":[1,13,14,19],"killed_by":"Shelled Parasite and Fungi","ascension_level":1}}