{"host":"4nqeo0vu1vuav7gg","time":1609333251,"event":{"mods":["AchievementEnabler","BaseMod","Block Reminder","Colored Map","Colored Powertips","Highlight Path","Minty Spire (QoL Compilation)","Quick Restart","Rare Cards Sparkle","Relic Relevance Reorder","StSLib"],"gold_per_floor":[113,1,1,21,37,66,66,77,100,110,110,125,157,170,170,242,242,261,280,300,311,25,25,25],"floor_reached":23,"playtime":992,"items_purged":["Amplify"],"score":393,"play_id":"60eb4471-e896-4a1a-b5c7-d7e44e84b227","local_time":"20201230140051","is_ascension_mode":true,"campfire_choices":[{"floor":7.0,"key":"REST"},{"floor":11.0,"key":"REST"},{"floor":15.0,"key":"REST"}],"circlet_count":0,"master_deck":["AscendersBane","Strike_B+1","Strike_B","Defend_B","Defend_B","Defend_B","Defend_B","Zap","Dualcast","Go for the Eyes+1","BootSequence","Static Discharge","BootSequence","Glacier","Ball Lightning","Barrage+1","Self Repair","Ball Lightning","Capacitor","Electrodynamics","Buffer","Coolheaded","Sweeping Beam+1","Fusion"],"relics":["Cracked Core","Inserter","DataDisk","Bag of Preparation","Matryoshka","Whetstone"],"acts_visited":["Exordium","TheCity"],"potions_floor_usage":[],"damage_taken":[{"damage":1.0,"enemies":"Cultist","floor":1.0,"turns":4.0},{"damage":0.0,"enemies":"Jaw Worm","floor":4.0,"turns":3.0},{"damage":2.0,"enemies":"Small Slimes","floor":5.0,"turns":3.0},{"damage":42.0,"enemies":"Gremlin Nob","floor":6.0,"turns":6.0},{"damage":3.0,"enemies":"3 Louse","floor":8.0,"turns":3.0},{"damage":15.0,"enemies":"Large Slime","floor":10.0,"turns":4.0},{"damage":1.0,"enemies":"Blue Slaver","floor":12.0,"turns":3.0},{"damage":24.0,"enemies":"3 Sentries","floor":13.0,"turns":5.0},{"damage":3.0,"enemies":"Looter","floor":14.0,"turns":3.0},{"damage":13.0,"enemies":"The Guardian","floor":16.0,"turns":9.0},{"damage":13.0,"enemies":"2 Thieves","floor":18.0,"turns":4.0},{"damage":15.0,"enemies":"Spheric Guardian","floor":19.0,"turns":5.0},{"damage":27.0,"enemies":"3 Cultists","floor":20.0,"turns":4.0},{"damage":16.0,"enemies":"Shelled Parasite and Fungi","floor":21.0,"turns":6.0},{"damage":21,"enemies":"Book of Stabbing","floor":23,"turns":4}],"seed_played":"3291500378841010318","potions_obtained":[{"floor":1.0,"key":"Explosive Potion"},{"floor":6.0,"key":"FearPotion"},{"floor":12.0,"key":"CultistPotion"},{"floor":16.0,"key":"DistilledChaos"},{"floor":19.0,"key":"Swift Potion"}],"is_trial":false,"path_per_floor":["M","$","?","M","M","E","R","M","T","M","R","M","E","M","R","B",null,"M","M","M","M","$","E"],"character_chosen":"DEFECT","items_purchased":["Static Discharge","Matryoshka"],"campfire_rested":3,"item_purchase_floors":[2,22],"current_hp_per_floor":[63,63,63,63,61,19,38,35,35,20,39,38,21,25,44,38,58,52,44,24,15,15,0,0],"gold":25,"neow_bonus":"TRANSFORM_TWO_CARDS","is_daily":false,"chose_seed":false,"campfire_upgraded":0,"win_rate":0.0,"timestamp":1609333251,"path_taken":["M","$","?","?","M","E","R","M","T","M","R","M","E","M","R","BOSS","M","M","?","M","$","E"],"items_purchased_type":["Card","Relic"],"build_version":"2020-12-22","purchased_purges":1,"victory":false,"max_hp_per_floor":[64,64,64,64,64,64,64,64,64,64,64,64,64,64,64,64,64,64,64,64,64,64,64,64],"card_choices":[{"not_picked":["Glacier","Darkness"],"picked":"BootSequence","floor":1.0},{"not_picked":["Lockon","Cold Snap"],"picked":"BootSequence","floor":4.0},{"not_picked":["Leap","Compile Driver"],"picked":"Glacier","floor":5.0},{"not_picked":["Redo","Stack"],"picked":"Ball Lightning","floor":6.0},{"not_picked":["Compile Driver","Turbo"],"picked":"Barrage","floor":8.0},{"not_picked":["Glacier","Steam Power"],"picked":"Self Repair","floor":10.0},{"not_picked":["Coolheaded","Stack"],"picked":"Ball Lightning","floor":12.0},{"not_picked":["Storm","Stack"],"picked":"Capacitor","floor":13.0},{"not_picked":["Ball Lightning","Hologram"],"picked":"Electrodynamics","floor":14.0},{"not_picked":["Creative AI","Thunder Strike"],"picked":"Buffer","floor":16.0},{"not_picked":["Genetic Algorithm","Turbo"],"picked":"Coolheaded","floor":18.0},{"not_picked":["Stack","Double Energy","Force Field"],"picked":"SKIP","floor":19.0},{"not_picked":["Scrape","Ball Lightning+1"],"picked":"Sweeping Beam+1","floor":20.0},{"not_picked":["Darkness","Turbo"],"picked":"Fusion","floor":21.0}],"player_experience":1042148,"relics_obtained":[{"floor":6.0,"key":"DataDisk"},{"floor":9.0,"key":"Whetstone"},{"floor":13.0,"key":"Bag of Preparation"}],"event_choices":[{"damage_healed":0.0,"max_hp_gain":0.0,"max_hp_loss":0.0,"gold_gain":0.0,"event_name":"Accursed Blacksmith","player_choice":"Forge","floor":3.0,"gold_loss":0.0,"damage_taken":0.0,"cards_upgraded":["Go for the Eyes"]}],"is_beta":false,"boss_relics":[{"not_picked":["Tiny House","Nuclear Battery"],"picked":"Inserter"}],"items_purged_floors":[2],"is_endless":false,"potions_floor_spawned":[1,6,12,16,19],"killed_by":"Book of Stabbing","ascension_level":18}}