{"host":"b0hh64pqctf46s8m","time":1609326767,"event":{"mods":["Act Like it!","BaseMod","Bestiary","CCEM","CapriCore","ChefMod","Conspire","Curses Come First","Displayed Cursed Tome","Dota2Spire","Downfall","Ekko","Elementarium","Fireblade Mod","Hallownest","Hermit","Hubris","Infinite Spire","Jess\u0027s Bottle","JesterMod","Jorbs\u0027s Wanderer Trilogy","Lobotomy","Luminous","Menagerie","Minty Spire (QoL Compilation)","Pale of the Ancients","Permanent Neow","Relic Stats","Replay The Spire","Robot Space Explorer","Shade Mod","StSLib","The Blue Laboratory","The Dragon Tamer","The Immortal","The Marked","TheLocksmith","TheSwordswoman","TheVacant","TheWitcher","UnlockEverythingMod","Wandering Minibosses","??????REMEMod","????"],"gold_per_floor":[109,109,121,142,169,169,169],"floor_reached":6,"playtime":28341,"items_purged":[],"score":38,"play_id":"813ffbc5-676c-4c67-9544-da0953761194","local_time":"20201230031247","is_ascension_mode":false,"campfire_choices":[],"circlet_count":0,"master_deck":["SnafuTest:DefaultCommonAttack","SnafuTest:DefaultCommonAttack","SnafuTest:DefaultCommonAttack","SnafuTest:BountyHunt","SnafuTest:DefaultCommonSkill","SnafuTest:DefaultCommonSkill","SnafuTest:DefaultCommonSkill","SnafuTest:SignYrden","SnafuTest:MCFeignDeath","WallGazer","SnafuTest:ArmoredSortie"],"relics":["SnafuTest:UnstableMutagenRelic","REME_ComplimentaryCards","CogitoBucket"],"acts_visited":["Exordium"],"potions_floor_usage":[6],"damage_taken":[{"damage":1,"enemies":"conspire:RoseBush","floor":1,"turns":4},{"damage":5,"enemies":"Cultist","floor":3,"turns":4},{"damage":2,"enemies":"2 Louse","floor":4,"turns":2},{"damage":17,"enemies":"Large Slime","floor":5,"turns":12},{"damage":51,"enemies":"Gremlin Nob","floor":6,"turns":6}],"seed_played":"5833323858123080067","potions_obtained":[{"floor":1,"key":"blueLaboratory:BottleOfVodka"},{"floor":3,"key":"Ancient Potion"}],"is_trial":false,"path_per_floor":["M","?","M","M","M","E"],"character_chosen":"THE_WITCHER","items_purchased":[],"campfire_rested":0,"item_purchase_floors":[],"current_hp_per_floor":[74,67,62,60,43,0,0],"gold":169,"neow_bonus":"","is_daily":false,"chose_seed":false,"campfire_upgraded":0,"win_rate":0.0,"timestamp":1609326767,"path_taken":["M","?","?","M","M","E"],"items_purchased_type":[],"build_version":"2020-12-22","purchased_purges":0,"victory":false,"max_hp_per_floor":[75,75,75,75,75,75,75],"relic_stats":{"counters":[5,28],"obtain_stats":[{"CogitoBucket":0,"SnafuTest:UnstableMutagenRelic":0,"REME_ComplimentaryCards":0},{"CogitoBucket":0,"SnafuTest:UnstableMutagenRelic":0,"REME_ComplimentaryCards":0},{"CogitoBucket":0,"SnafuTest:UnstableMutagenRelic":0,"REME_ComplimentaryCards":0}]},"card_choices":[{"not_picked":["SnafuTest:SignIgni","SnafuTest:SpellTortoise"],"picked":"SnafuTest:MCFeignDeath","floor":1},{"not_picked":["LongBird","MHz"],"picked":"WallGazer","floor":1},{"not_picked":["SnafuTest:Siege","SnafuTest:BlueWhale"],"picked":"SnafuTest:ArmoredSortie","floor":3},{"not_picked":["SnafuTest:ScholarsIntrigue","SnafuTest:SpellDispellingPush","SnafuTest:MercilessReaper"],"picked":"SKIP","floor":4},{"not_picked":["SnafuTest:PowerProbingFeint","SnafuTest:PowerTrialOfGrasses","SnafuTest:PayArmorSmith"],"picked":"SKIP","floor":5},{"not_picked":["SnafuTest:PowerProbingFeint","SnafuTest:PowerTrialOfGrasses","SnafuTest:PayArmorSmith"],"picked":"SKIP","floor":5}],"player_experience":1421377,"relics_obtained":[],"event_choices":[{"damage_healed":0,"gold_gain":0,"player_choice":"Damaged","damage_taken":7,"max_hp_gain":0,"max_hp_loss":0,"event_name":"Wheel of Change","floor":2,"gold_loss":0}],"is_beta":false,"boss_relics":[],"items_purged_floors":[],"is_endless":false,"potions_floor_spawned":[1,3],"killed_by":"Gremlin Nob","ascension_level":0}}