{"host":"6z6y4ky8uzsz1dpj","time":1609341141,"event":{"mods":["AchievementEnabler","BaseMod","BetterRewards","Challenge The Spire","Colored Map","Custom Start","Hubris","Minty Spire (QoL Compilation)","Quick Restart","Replay The Spire","StSLib"],"gold_per_floor":[112,112,130,130,313,347,358,358,358,386,386,401,419,433,433,507,507,521,540,553,553,553,553,584,584,584,584,610,621,648,665,665,741,741,755,771,317,146,162,189,189,220,302,302,140,155,155,183,208,208,208],"floor_reached":52,"playtime":899,"items_purged":[],"score":2820,"play_id":"f2b3d206-29dc-41c9-ae4d-0300da1ec6a2","local_time":"20201230101221","is_ascension_mode":true,"campfire_choices":[{"data":"Grand Finale","floor":8,"key":"SMITH"},{"data":"LessonLearned","floor":11,"key":"SMITH"},{"floor":15,"key":"REST"},{"floor":23,"key":"REST"},{"floor":25,"key":"REST"},{"data":"Corpse Explosion","floor":32,"key":"SMITH"}],"circlet_count":0,"master_deck":["Blasphemy+1","Grand Finale+1","Grand Finale+1","Grand Finale+1"],"relics":["Ring of the Snake","Brimstone","hubris:Metronome","hubris:GlazedTorus","Replay:Baseball","Ninja Scroll","hubris:SlimyHat","Blood Vial","Mummified Hand","Runic Pyramid","hubris:EvacipatedBox","Smiling Mask","ReplayTheSpireMod:TigerMarble","Snake Skull","Coffee Dripper","Replay:WaspNest","hubris:HerbalPaste","Orichalcum","Ice Cream","hubris:Icosahedron","CeramicFish","Nunchaku","Replay:Rubber Ducky","Tough Bandages"],"acts_visited":["Exordium","TheCity","TheBeyond"],"potions_floor_usage":[51],"damage_taken":[{"damage":0,"enemies":"2 Louse","floor":1,"turns":1},{"damage":0,"enemies":"Cultist","floor":3,"turns":1},{"damage":0,"enemies":"3 Sentries","floor":6,"turns":1},{"damage":0,"enemies":"Jaw Worm","floor":7,"turns":1},{"damage":0,"enemies":"Gremlin Nob","floor":10,"turns":1},{"damage":0,"enemies":"Exordium Thugs","floor":12,"turns":1},{"damage":0,"enemies":"Gremlin Gang","floor":13,"turns":1},{"damage":0,"enemies":"Large Slime","floor":14,"turns":1},{"damage":0,"enemies":"Fading Forest","floor":16,"turns":5},{"damage":0,"enemies":"2 Thieves","floor":18,"turns":1},{"damage":0,"enemies":"Chosen","floor":19,"turns":1},{"damage":0,"enemies":"Centurion and Healer","floor":20,"turns":1},{"damage":0,"enemies":"Gremlin Leader","floor":24,"turns":1},{"damage":0,"enemies":"Slavers","floor":28,"turns":1},{"damage":0,"enemies":"Sentry and Sphere","floor":29,"turns":1},{"damage":0,"enemies":"Replay:Snechameleon","floor":30,"turns":1},{"damage":0,"enemies":"Chosen and Byrds","floor":31,"turns":1},{"damage":0,"enemies":"Champ","floor":33,"turns":2},{"damage":0,"enemies":"Orb Walker","floor":35,"turns":1},{"damage":0,"enemies":"3 Darklings","floor":36,"turns":1},{"damage":0,"enemies":"Maw","floor":39,"turns":1},{"damage":0,"enemies":"R_Hoarder","floor":40,"turns":1},{"damage":0,"enemies":"Giant Head","floor":42,"turns":1},{"damage":0,"enemies":"Writhing Mass","floor":46,"turns":1},{"damage":0,"enemies":"R_Hoarder","floor":48,"turns":1},{"damage":0,"enemies":"Mind Bloom Boss Battle","floor":49,"turns":1},{"damage":0,"enemies":"Donu and Deca","floor":50,"turns":1},{"damage":0,"enemies":"hubris:GrandSnecko","floor":51,"turns":1}],"seed_played":"-3177343509641096275","potions_obtained":[{"floor":1,"key":"Milkshake"},{"floor":3,"key":"Toxic Potion"},{"floor":33,"key":"CunningPotion"}],"is_trial":true,"path_per_floor":["M","$","M","$","?","E","M","R","T","E","R","M","M","M","R","B",null,"M","M","M","?","$","R","E","R","T","?","E","M","E","M","R","B",null,"M","M","$","$","M","E","?","E","T","R","$","M","?","E","R_BF","B","B",null],"character_chosen":"THE_SILENT","items_purchased":["hubris:EvacipatedBox","Replay:WaspNest","hubris:HerbalPaste","Orichalcum","Nunchaku"],"campfire_rested":3,"item_purchase_floors":[22,37,37,38,45],"current_hp_per_floor":[59,59,59,59,38,38,38,38,38,40,40,42,44,46,65,66,66,66,66,66,76,57,76,76,76,76,76,76,76,76,76,76,76,76,76,76,76,76,76,76,76,76,76,76,76,76,76,76,76,76,76],"gold":208,"neow_bonus":"","is_daily":false,"chose_seed":false,"campfire_upgraded":3,"win_rate":0.0,"timestamp":1609341141,"path_taken":["M","$","M","$","?","E","?","R","T","E","R","M","M","M","R","BOSS","M","M","M","?","?","R","E","R","T","?","E","M","E","?","R","BOSS","M","M","?","$","?","E","?","E","T","R","$","M","?","E","R_BF","BOSS","BOSS"],"items_purchased_type":["Relic","Relic","Relic","Relic","Relic"],"build_version":"2020-12-22","purchased_purges":0,"victory":true,"max_hp_per_floor":[66,66,66,66,66,66,66,66,66,66,66,66,66,66,66,66,66,66,66,66,76,76,76,76,76,76,76,76,76,76,76,76,76,76,76,76,76,76,76,76,76,76,76,76,76,76,76,76,76,76,76],"card_choices":[{"not_picked":["hubris:Sniper","Hidden Blade","Slice"],"picked":"SKIP","floor":1},{"not_picked":["Distraction","Dodge and Roll","Prepared"],"picked":"SKIP","floor":3},{"not_picked":["Poisoned Stab","hubris:TrickCloak","Poison Darts"],"picked":"SKIP","floor":6},{"not_picked":["Blade Dance","Outmaneuver","ReplayTheSpireMod:Tripwire"],"picked":"SKIP","floor":7},{"not_picked":["PiercingWail","Catalyst","Dagger Throw"],"picked":"SKIP","floor":10},{"not_picked":["Dash","Slice","Sucker Punch"],"picked":"SKIP","floor":12},{"not_picked":["Poisoned Stab","Noxious Fumes","Escape Plan"],"picked":"SKIP","floor":13},{"not_picked":["Dash","Heel Hook","Prepared"],"picked":"SKIP","floor":14},{"not_picked":["Predator","ReplayTheSpireMod:Shiv Toss","Backflip"],"picked":"SKIP","floor":18},{"not_picked":["Quick Slash+1","Acrobatics","Outmaneuver"],"picked":"SKIP","floor":19},{"not_picked":["Infinite Blades","Poisoned Stab","Quick Slash"],"picked":"SKIP","floor":20},{"not_picked":["ReplayTheSpireMod:Scrap Shanks","Leg Sweep","Outmaneuver"],"picked":"SKIP","floor":24},{"not_picked":["Predator","Corpse Explosion","Fluid Movement"],"picked":"SKIP","floor":28},{"not_picked":["Predator","Fluid Movement"],"picked":"Corpse Explosion","floor":28},{"not_picked":["Dodge and Roll","Deflect","Bane"],"picked":"SKIP","floor":29},{"not_picked":["Dagger Spray","PiercingWail+1","Adrenaline"],"picked":"SKIP","floor":30},{"not_picked":["Outmaneuver","Eviscerate","Distraction"],"picked":"SKIP","floor":31},{"not_picked":["ReplayTheSpireMod:Shiv Toss+1","Expertise","Tactician"],"picked":"SKIP","floor":35},{"not_picked":["hubris:Counter","Flying Knee+1","Fluid Movement"],"picked":"SKIP","floor":36},{"not_picked":["Outmaneuver+1","Underhanded Strike+1","Cloak And Dagger"],"picked":"SKIP","floor":39},{"not_picked":["Night Terror","Underhanded Strike","Quick Slash"],"picked":"SKIP","floor":40},{"not_picked":["Blade Dance","Flechettes","Well Laid Plans"],"picked":"SKIP","floor":42},{"not_picked":["Outmaneuver","Poisoned Stab+1","Distraction+1"],"picked":"SKIP","floor":46},{"not_picked":["Toxin Wave+1","Slice","Noxious Fumes"],"picked":"SKIP","floor":48}],"player_experience":211562,"relics_obtained":[{"floor":6,"key":"hubris:SlimyHat"},{"floor":9,"key":"Blood Vial"},{"floor":10,"key":"Mummified Hand"},{"floor":24,"key":"Smiling Mask"},{"floor":26,"key":"ReplayTheSpireMod:TigerMarble"},{"floor":30,"key":"Snake Skull"},{"floor":40,"key":"Ice Cream"},{"floor":42,"key":"CeramicFish"},{"floor":48,"key":"Replay:Rubber Ducky"},{"floor":49,"key":"Tough Bandages"}],"event_choices":[{"cards_removed":["LessonLearned"],"damage_healed":0,"gold_gain":0,"player_choice":"Offered Rare","damage_taken":0,"max_hp_gain":10,"max_hp_loss":0,"event_name":"Bonfire Elementals","floor":21,"gold_loss":0},{"damage_healed":0,"gold_gain":0,"player_choice":"Ignored","damage_taken":0,"max_hp_gain":0,"max_hp_loss":0,"event_name":"Transmorgrifier","floor":27,"gold_loss":0},{"cards_removed":["Corpse Explosion"],"damage_healed":0,"gold_gain":0,"player_choice":"Removed Skill","damage_taken":0,"max_hp_gain":0,"max_hp_loss":0,"event_name":"Falling","floor":47,"gold_loss":0},{"damage_healed":0,"gold_gain":0,"player_choice":"Fight","damage_taken":0,"max_hp_gain":0,"max_hp_loss":0,"event_name":"MindBloom","floor":49,"gold_loss":0}],"is_beta":false,"boss_relics":[{"not_picked":["Fusion Hammer","Ring of Chaos"],"picked":"Runic Pyramid"},{"not_picked":["Replay:Grab Bag","SacredBark","hubris:RunicObelisk"],"picked":"Coffee Dripper"}],"items_purged_floors":[],"is_endless":false,"potions_floor_spawned":[1,3,13,14,20,24,29,33,35,48,49],"ascension_level":20}}