{"host":"a4s27ghlnr83kbqz","time":1609330535,"event":{"mods":["AchievementEnabler","BaseMod","Colored Map","Minty Spire (QoL Compilation)","Permanent Neow","SuperFastMode"],"gold_per_floor":[116,132,56,76,95,95,130,130,130,164,182,198,198,210,210,287,287,300,300,258,198,212,242,114,114,114,129,129,129,164,183,183,256,256,266,279,347,67,86,86,116,129,129,79,79,129,129,148,148,148,148,148],"floor_reached":53,"playtime":1709,"items_purged":["Strike_R","Strike_R","Strike_R"],"score":1882,"play_id":"365c7c61-5bd3-4841-8650-a98c60a9fad8","local_time":"20201230201535","is_ascension_mode":true,"campfire_choices":[{"data":"Uppercut","floor":6,"key":"SMITH"},{"data":"Fire Breathing","floor":8,"key":"SMITH"},{"data":"Evolve","floor":13,"key":"SMITH"},{"data":"Havoc","floor":15,"key":"SMITH"},{"data":"Dark Embrace","floor":25,"key":"SMITH"},{"data":"Feel No Pain","floor":29,"key":"SMITH"},{"data":"Second Wind","floor":32,"key":"SMITH"},{"data":"Barricade","floor":40,"key":"SMITH"},{"data":"Body Slam","floor":45,"key":"SMITH"},{"data":"Offering","floor":47,"key":"SMITH"},{"floor":50,"key":"REST"}],"circlet_count":0,"master_deck":["AscendersBane","Strike_R","Defend_R","Defend_R","Defend_R","Bash","Havoc+1","Uppercut+1","Evolve+1","Power Through","Fire Breathing+1","Shrug It Off","Pommel Strike","Reaper","Second Wind+1","Offering+1","Shrug It Off","Wild Strike+1","Feel No Pain+1","Dark Embrace+1","Barricade+1","Body Slam+1","Seeing Red","Bloodletting","Writhe"],"relics":["Burning Blood","The Courier","Mango","Thread and Needle","Cursed Key","HornCleat","Orrery","SsserpentHead","Strawberry","Busted Crown","Art of War","Bag of Preparation"],"acts_visited":["Exordium","TheCity","TheBeyond"],"potions_floor_usage":[7,7,10,16,23,30,35,41,51],"damage_taken":[{"damage":9,"enemies":"Cultist","floor":1,"turns":4},{"damage":6,"enemies":"Jaw Worm","floor":2,"turns":4},{"damage":0,"enemies":"Small Slimes","floor":4,"turns":3},{"damage":6,"enemies":"Looter","floor":5,"turns":3},{"damage":31,"enemies":"Lagavulin","floor":7,"turns":8},{"damage":39,"enemies":"Gremlin Nob","floor":10,"turns":6},{"damage":7,"enemies":"2 Fungi Beasts","floor":11,"turns":6},{"damage":14,"enemies":"3 Louse","floor":12,"turns":3},{"damage":5,"enemies":"Large Slime","floor":14,"turns":4},{"damage":4,"enemies":"Slime Boss","floor":16,"turns":8},{"damage":6,"enemies":"Chosen","floor":18,"turns":4},{"damage":22,"enemies":"2 Thieves","floor":20,"turns":5},{"damage":20,"enemies":"Centurion and Healer","floor":22,"turns":11},{"damage":27,"enemies":"Book of Stabbing","floor":23,"turns":5},{"damage":6,"enemies":"Cultist and Chosen","floor":27,"turns":4},{"damage":18,"enemies":"Slavers","floor":30,"turns":3},{"damage":6,"enemies":"Chosen and Byrds","floor":31,"turns":6},{"damage":19,"enemies":"Collector","floor":33,"turns":14},{"damage":10,"enemies":"3 Darklings","floor":35,"turns":7},{"damage":6,"enemies":"3 Shapes","floor":36,"turns":5},{"damage":52,"enemies":"Jaw Worm Horde","floor":37,"turns":5},{"damage":6,"enemies":"Sphere and 2 Shapes","floor":39,"turns":5},{"damage":13,"enemies":"Nemesis","floor":41,"turns":7},{"damage":20,"enemies":"Transient","floor":42,"turns":6},{"damage":12,"enemies":"4 Shapes","floor":48,"turns":5},{"damage":42,"enemies":"Awakened One","floor":51,"turns":8},{"damage":26,"enemies":"Donu and Deca","floor":52,"turns":5}],"seed_played":"1123454571788630219","potions_obtained":[{"floor":1,"key":"EntropicBrew"},{"floor":5,"key":"ColorlessPotion"},{"floor":12,"key":"Ancient Potion"},{"floor":14,"key":"Block Potion"},{"floor":16,"key":"SneckoOil"},{"floor":22,"key":"GamblersBrew"},{"floor":33,"key":"SkillPotion"},{"floor":35,"key":"Weak Potion"},{"floor":41,"key":"SpeedPotion"},{"floor":42,"key":"Weak Potion"}],"is_trial":false,"path_per_floor":["M","M","$","M","M","R","E","R","T","E","M","M","R","M","R","B",null,"M","?","M","$","M","E","$","R","T","M","?","R","E","M","R","B",null,"M","M","M","$","M","R","E","M","T","$","R","?","R","M","M","R","B","B",null],"character_chosen":"IRONCLAD","items_purchased":["Fire Breathing","Orrery","Art of War","Seeing Red"],"campfire_rested":1,"item_purchase_floors":[3,24,38,38],"current_hp_per_floor":[65,65,65,68,68,68,43,43,57,24,23,15,15,16,16,26,68,72,72,64,64,62,41,41,41,41,41,41,41,45,52,52,51,80,80,84,46,46,54,54,51,41,41,41,41,41,41,35,35,61,39,27],"gold":148,"neow_bonus":"TRANSFORM_TWO_CARDS","is_daily":false,"chose_seed":false,"campfire_upgraded":10,"win_rate":0.0,"timestamp":1609330535,"path_taken":["M","M","?","M","M","R","E","R","T","E","M","M","R","M","R","BOSS","M","?","M","$","M","E","$","R","T","M","?","R","E","M","R","BOSS","M","M","?","$","M","R","E","M","T","?","R","?","R","M","M","R","BOSS","BOSS"],"items_purchased_type":["Card","Relic","Relic","Card"],"build_version":"2020-12-22","purchased_purges":3,"victory":true,"max_hp_per_floor":[68,68,68,68,68,68,68,68,82,82,82,82,82,82,82,82,82,82,82,82,82,82,82,82,82,82,82,82,82,89,89,89,89,89,89,89,89,89,89,89,89,89,89,89,89,89,89,89,89,89,89,89],"card_choices":[{"not_picked":["Hemokinesis","Warcry"],"picked":"Evolve","floor":1},{"not_picked":["Blood for Blood","Body Slam"],"picked":"Power Through","floor":2},{"not_picked":["Ghostly Armor","Uppercut","Havoc"],"picked":"SKIP","floor":4},{"not_picked":["Intimidate","Anger","Heavy Blade"],"picked":"SKIP","floor":5},{"not_picked":["Cleave","Burning Pact","Spot Weakness"],"picked":"SKIP","floor":7},{"not_picked":["Perfected Strike","Sword Boomerang"],"picked":"Shrug It Off","floor":10},{"not_picked":["Clash","True Grit"],"picked":"Pommel Strike","floor":11},{"not_picked":["Rampage","Havoc"],"picked":"Reaper","floor":12},{"not_picked":["Sever Soul","Cleave"],"picked":"Second Wind","floor":14},{"not_picked":["Fiend Fire","Reaper"],"picked":"Offering","floor":16},{"not_picked":["Combust","Pommel Strike"],"picked":"Shrug It Off","floor":18},{"not_picked":["Rupture+1","Intimidate","Perfected Strike"],"picked":"SKIP","floor":20},{"not_picked":["Rupture+1","Thunderclap"],"picked":"Wild Strike+1","floor":22},{"not_picked":["Clothesline","True Grit","Shrug It Off"],"picked":"SKIP","floor":23},{"not_picked":["Flex","Battle Trance"],"picked":"Feel No Pain","floor":24},{"not_picked":["Evolve","Inflame"],"picked":"Dark Embrace","floor":24},{"not_picked":["Havoc","Searing Blow","Wild Strike"],"picked":"SKIP","floor":27},{"not_picked":["Clothesline","Rampage","Corruption"],"picked":"SKIP","floor":30},{"not_picked":["Armaments","Anger","Thunderclap"],"picked":"SKIP","floor":31},{"not_picked":["Corruption","Reaper"],"picked":"Barricade","floor":33},{"not_picked":[],"picked":"Body Slam","floor":35},{"not_picked":["Infernal Blade"],"picked":"SKIP","floor":36},{"not_picked":["Blood for Blood"],"picked":"SKIP","floor":37},{"not_picked":["Headbutt"],"picked":"SKIP","floor":39},{"not_picked":["Headbutt"],"picked":"SKIP","floor":41},{"not_picked":[],"picked":"Bloodletting","floor":42},{"not_picked":["Sentinel"],"picked":"SKIP","floor":48}],"player_experience":1060692,"relics_obtained":[{"floor":7,"key":"The Courier"},{"floor":9,"key":"Mango"},{"floor":10,"key":"Thread and Needle"},{"floor":23,"key":"HornCleat"},{"floor":30,"key":"Strawberry"},{"floor":41,"key":"Bag of Preparation"}],"event_choices":[{"damage_healed":0,"gold_gain":0,"player_choice":"Ignored","damage_taken":0,"max_hp_gain":0,"max_hp_loss":0,"event_name":"Vampires","floor":19,"gold_loss":0},{"damage_healed":0,"gold_gain":0,"player_choice":"Trade","damage_taken":0,"relics_obtained":["SsserpentHead"],"max_hp_gain":0,"max_hp_loss":0,"event_name":"FaceTrader","floor":28,"gold_loss":0},{"damage_healed":0,"gold_gain":0,"player_choice":"Memory 1","damage_taken":0,"max_hp_gain":0,"max_hp_loss":0,"event_name":"SensoryStone","floor":46,"gold_loss":0}],"is_beta":false,"boss_relics":[{"not_picked":["Velvet Choker","Calling Bell"],"picked":"Cursed Key"},{"not_picked":["Runic Cube","SlaversCollar"],"picked":"Busted Crown"}],"items_purged_floors":[21,38,44],"is_endless":false,"potions_floor_spawned":[1,5,12,14,16,20,22,33,35,41,42],"ascension_level":20}}