{"host":"sc0o2qwpf9j16a4i","time":1609364276,"event":{"mods":["AchievementEnabler","BaseMod","BetterRewards","Block Reminder","Colored Map","Colored Powertips","Custom Start","Highlight Path","Minty Spire (QoL Compilation)","Relic Stats"],"gold_per_floor":[117,137,60,60,71,71,8,25,25,25,25,25],"floor_reached":11,"playtime":429,"items_purged":[],"score":126,"play_id":"6798dcd6-be01-487f-8f03-4a47dc0e1e0e","local_time":"20201230233756","is_ascension_mode":true,"campfire_choices":[{"floor":6,"key":"REST"},{"data":"Omniscience","floor":10,"key":"SMITH"}],"circlet_count":0,"master_deck":["AscendersBane","Strike_P","Strike_P","Strike_P","Strike_P","Defend_P","Defend_P","Defend_P","Defend_P","Eruption","Vigilance","Swivel","FlyingSleeves","FearNoEvil","FlurryOfBlows","Omniscience+1"],"relics":["PureWater","Turnip","Gremlin Horn"],"acts_visited":["Exordium"],"potions_floor_usage":[8],"damage_taken":[{"damage":0,"enemies":"Cultist","floor":1,"turns":2},{"damage":14,"enemies":"Jaw Worm","floor":2,"turns":4},{"damage":0,"enemies":"2 Louse","floor":5,"turns":2},{"damage":7,"enemies":"Gremlin Gang","floor":8,"turns":5},{"damage":56,"enemies":"Gremlin Nob","floor":11,"turns":4}],"seed_played":"-2102384346714123849","potions_obtained":[{"floor":1,"key":"BlessingOfTheForge"}],"is_trial":false,"path_per_floor":["M","M","$","?","M","R","?","M","T","R","E"],"character_chosen":"WATCHER","items_purchased":["FearNoEvil"],"campfire_rested":1,"item_purchase_floors":[3],"current_hp_per_floor":[43,29,29,29,29,49,49,42,42,42,0,0],"gold":25,"neow_bonus":"ONE_RARE_RELIC","is_daily":false,"chose_seed":false,"campfire_upgraded":1,"win_rate":0.0,"timestamp":1609364276,"path_taken":["M","M","$","?","M","R","?","M","T","R","E"],"items_purchased_type":["Card"],"build_version":"2020-12-22","purchased_purges":0,"victory":false,"max_hp_per_floor":[68,68,68,68,68,68,68,68,68,68,68,68],"relic_stats":{"Gremlin Horn":[0,0],"counters":[5,17],"Turnip":[3],"obtain_stats":[{"Gremlin Horn":9,"Turnip":0,"PureWater":0},{"Gremlin Horn":4,"Turnip":0,"PureWater":0},{"Gremlin Horn":13,"Turnip":0,"PureWater":0}]},"card_choices":[{"not_picked":["PathToVictory","JustLucky"],"picked":"Swivel","floor":1},{"not_picked":["ThirdEye","Vengeance"],"picked":"FlyingSleeves","floor":2},{"not_picked":["Protect","PathToVictory"],"picked":"FlurryOfBlows","floor":5},{"not_picked":["FlurryOfBlows","ClearTheMind"],"picked":"Omniscience","floor":8}],"player_experience":456180,"relics_obtained":[{"floor":9,"key":"Gremlin Horn"}],"event_choices":[{"damage_healed":0,"gold_gain":0,"player_choice":"Ignored","damage_taken":0,"max_hp_gain":0,"max_hp_loss":0,"event_name":"Shining Light","floor":4,"gold_loss":0},{"damage_healed":0,"gold_gain":0,"player_choice":"Left Gold","damage_taken":0,"max_hp_gain":0,"max_hp_loss":0,"event_name":"World of Goop","floor":7,"gold_loss":63}],"is_beta":false,"boss_relics":[],"items_purged_floors":[],"is_endless":false,"potions_floor_spawned":[1],"killed_by":"Gremlin Nob","ascension_level":20}}