{"host":"hhnl3ciqs3ht0ep9","time":1609334827,"event":{"mods":["AchievementEnabler","BaseMod","Colored Map","Keyboard Shortcuts","Minty Spire (QoL Compilation)","StSLib","SuperFastMode"],"gold_per_floor":[111,129,149,159,1,30,40,40,40,69,69,80,113,113,113,113,113],"floor_reached":16,"playtime":372,"items_purged":["Strike_R"],"score":244,"play_id":"7bd036c3-6fc3-4bd2-ae01-7b47f763fd41","local_time":"20201230222707","is_ascension_mode":true,"campfire_choices":[{"data":"Blood for Blood","floor":8.0,"key":"SMITH"},{"floor":11.0,"key":"REST"},{"data":"Uppercut","floor":15.0,"key":"SMITH"}],"circlet_count":0,"master_deck":["AscendersBane","Strike_R","Strike_R","Strike_R","Strike_R","Defend_R","Defend_R","Defend_R","Defend_R","Bash","Shockwave","Cleave","Wild Strike","Evolve","Offering","Blood for Blood+1","Uppercut+1"],"relics":["Burning Blood","Bag of Preparation","Art of War","Boot","Blood Vial","Gremlin Horn"],"acts_visited":["Exordium"],"potions_floor_usage":[16],"damage_taken":[{"damage":7.0,"enemies":"Cultist","floor":1.0,"turns":4.0},{"damage":2.0,"enemies":"2 Louse","floor":2.0,"turns":4.0},{"damage":4.0,"enemies":"Small Slimes","floor":3.0,"turns":4.0},{"damage":8.0,"enemies":"Exordium Wildlife","floor":4.0,"turns":3.0},{"damage":31.0,"enemies":"3 Sentries","floor":6.0,"turns":8.0},{"damage":11.0,"enemies":"3 Louse","floor":7.0,"turns":2.0},{"damage":24.0,"enemies":"Gremlin Nob","floor":10.0,"turns":4.0},{"damage":28.0,"enemies":"Exordium Thugs","floor":12.0,"turns":5.0},{"damage":26.0,"enemies":"Lagavulin","floor":13.0,"turns":5.0},{"damage":14,"enemies":"Hexaghost","floor":16,"turns":5}],"seed_played":"2353052826671506047","potions_obtained":[{"floor":2.0,"key":"Dexterity Potion"},{"floor":3.0,"key":"ColorlessPotion"},{"floor":4.0,"key":"PowerPotion"}],"is_trial":false,"path_per_floor":["M","M","M","M","$","E","M","R","T","E","R","M","E","?","R","B"],"character_chosen":"IRONCLAD","items_purchased":["Offering"],"campfire_rested":1,"item_purchase_floors":[5],"current_hp_per_floor":[67,71,73,71,71,46,41,41,41,23,45,25,7,12,12,0,0],"gold":113,"neow_bonus":"RANDOM_COMMON_RELIC","is_daily":false,"chose_seed":false,"campfire_upgraded":2,"win_rate":0.0,"timestamp":1609334827,"path_taken":["M","M","?","M","$","E","M","R","T","E","R","M","E","?","R","BOSS"],"items_purchased_type":["Card"],"build_version":"2020-12-22","purchased_purges":1,"victory":false,"max_hp_per_floor":[75,75,75,75,75,75,75,75,75,75,75,75,75,80,80,80,80],"card_choices":[{"not_picked":["Wild Strike","Havoc"],"picked":"Shockwave","floor":1.0},{"not_picked":["Intimidate","Feel No Pain"],"picked":"Cleave","floor":2.0},{"not_picked":["Heavy Blade","Metallicize"],"picked":"Wild Strike","floor":3.0},{"not_picked":["Iron Wave","Armaments"],"picked":"Evolve","floor":4.0},{"not_picked":["Thunderclap","Battle Trance"],"picked":"Blood for Blood","floor":6.0},{"not_picked":["Sentinel","Twin Strike","Whirlwind"],"picked":"SKIP","floor":7.0},{"not_picked":["Cleave","Clash","Rampage"],"picked":"SKIP","floor":10.0},{"not_picked":["Body Slam","Clothesline"],"picked":"Uppercut","floor":12.0},{"not_picked":["Spot Weakness","Warcry","Battle Trance"],"picked":"SKIP","floor":13.0}],"player_experience":704352,"relics_obtained":[{"floor":6.0,"key":"Art of War"},{"floor":9.0,"key":"Boot"},{"floor":10.0,"key":"Blood Vial"},{"floor":13.0,"key":"Gremlin Horn"}],"event_choices":[{"damage_healed":0.0,"max_hp_gain":5.0,"max_hp_loss":0.0,"gold_gain":0.0,"event_name":"Big Fish","player_choice":"Donut","floor":14.0,"gold_loss":0.0,"damage_taken":0.0}],"is_beta":false,"boss_relics":[],"items_purged_floors":[5],"is_endless":false,"potions_floor_spawned":[2,3,4,7],"killed_by":"Hexaghost","ascension_level":20}}