{"host":"7v9t59ze4jbx2rzq","time":1609366506,"event":{"mods":["BaseMod","Highlight Path","Minty Spire (QoL Compilation)","Spicy Shops","StSLib","The Caster","The Hydrologist","The Marked","Wide Potions"],"gold_per_floor":[116,116,116,139,153,153,166,166,166,197,197,235,235,235,235,235,235],"floor_reached":16,"playtime":934,"items_purged":[],"score":113,"play_id":"6a3ddb0b-02b2-45c8-8feb-9293e91eeec8","local_time":"20201230171506","is_ascension_mode":true,"campfire_choices":[{"data":"caster:FlashFrost","floor":6,"key":"SMITH"},{"data":"caster:DiablosFlame","floor":11,"key":"SMITH"},{"floor":13,"key":"REST"},{"floor":15,"key":"REST"}],"circlet_count":0,"master_deck":["caster:Meteor+1","caster:DivertFocus","caster:strike","caster:strike","caster:strike","caster:strike","caster:defend","caster:defend","caster:defend","caster:defend","caster:defend","caster:AbsoluteZero","caster:MagicBarrier","caster:FlashFrost+1","caster:FireWall","caster:Thundara+1","caster:DiablosFlame+1","caster:Sandstorm+1"],"relics":["caster:MagicBook","Golden Idol","Matryoshka","Sundial","Toxic Egg 2"],"acts_visited":["Exordium"],"potions_floor_usage":[],"damage_taken":[{"damage":2,"enemies":"Small Slimes","floor":1,"turns":4},{"damage":0,"enemies":"Jaw Worm","floor":4,"turns":5},{"damage":0,"enemies":"2 Louse","floor":5,"turns":4},{"damage":1,"enemies":"Blue Slaver","floor":7,"turns":4},{"damage":5,"enemies":"Lagavulin","floor":10,"turns":10},{"damage":49,"enemies":"Gremlin Nob","floor":12,"turns":5},{"damage":0,"enemies":"Hexaghost","floor":16,"turns":1}],"seed_played":"-7959994217018625036","potions_obtained":[{"floor":1,"key":"SkillPotion"},{"floor":7,"key":"Explosive Potion"}],"is_trial":false,"path_per_floor":["M","?","?","M","M","R","M","?","T","E","R","E","R","?","R","B"],"character_chosen":"THE_CASTER","items_purchased":[],"campfire_rested":2,"item_purchase_floors":[],"current_hp_per_floor":[62,59,64,64,64,64,63,63,63,58,58,9,28,28,47,47,47],"gold":235,"neow_bonus":"UPGRADE_CARD","is_daily":false,"chose_seed":false,"campfire_upgraded":2,"win_rate":0.0,"timestamp":1609366506,"path_taken":["M","?","?","M","M","R","M","?","T","E","R","E","R","?","R","BOSS"],"items_purchased_type":[],"build_version":"2020-12-22","purchased_purges":0,"victory":false,"max_hp_per_floor":[64,59,64,64,64,64,64,64,64,64,64,64,64,64,64,64,64],"card_choices":[{"not_picked":["caster:Accumulation","caster:Incinerate"],"picked":"caster:AbsoluteZero","floor":1},{"not_picked":["caster:FireWall","caster:WallOfAsh"],"picked":"caster:MagicBarrier","floor":4},{"not_picked":["caster:FlashSpeed","caster:Enfeeble"],"picked":"caster:FlashFrost","floor":5},{"not_picked":["caster:Enfeeble","caster:WallOfRocks"],"picked":"caster:FireWall","floor":7},{"not_picked":["caster:Sandstorm","caster:FlashFrost"],"picked":"caster:DiablosFlame","floor":10},{"not_picked":["caster:Discharge","caster:Fireball"],"picked":"caster:Sandstorm+1","floor":12}],"player_experience":2187871,"relics_obtained":[{"floor":9,"key":"Matryoshka"},{"floor":10,"key":"Sundial"},{"floor":12,"key":"Toxic Egg 2"}],"event_choices":[{"damage_healed":0,"gold_gain":0,"player_choice":"Lose Max HP","damage_taken":0,"relics_obtained":["Golden Idol"],"max_hp_gain":0,"max_hp_loss":5,"event_name":"Golden Idol","floor":2,"gold_loss":0},{"damage_healed":0,"gold_gain":0,"player_choice":"Donut","damage_taken":0,"max_hp_gain":5,"max_hp_loss":0,"event_name":"Big Fish","floor":3,"gold_loss":0},{"damage_healed":0,"gold_gain":0,"player_choice":"Ignored","damage_taken":0,"max_hp_gain":0,"max_hp_loss":0,"event_name":"Liars Game","floor":14,"gold_loss":0}],"is_beta":false,"boss_relics":[],"items_purged_floors":[],"is_endless":false,"potions_floor_spawned":[1,7,10,12],"killed_by":"Hexaghost","ascension_level":1}}