{"host":"Qube","time":1609366420,"event":{"mods":["AchievementEnabler","BaseMod","Colored Map","Colored Powertips","Minty Spire (QoL Compilation)","Quick Restart","Random Character Button","StSLib","The Cursed"],"gold_per_floor":[114,114,128,141,158,187,207,237,237,237,237,262,262,262,262,262,262],"floor_reached":16,"playtime":594,"items_purged":[],"score":190,"play_id":"f5deb75d-0618-4989-b34b-53521b479434","local_time":"20201230141340","is_ascension_mode":true,"campfire_choices":[{"floor":11.0,"key":"REST"},{"data":"Perfected Strike","floor":13.0,"key":"SMITH"},{"data":"Perfected Strike","floor":15.0,"key":"SMITH"}],"circlet_count":0,"master_deck":["AscendersBane","Strike_R","Strike_R","Strike_R+1","Strike_R","Strike_R+1","Defend_R","Defend_R","Defend_R","Bash","Metallicize","Perfected Strike+1","Pommel Strike","Wild Strike","Perfected Strike+1","Twin Strike","Ghostly Armor","Flame Barrier"],"relics":["Burning Blood","Whetstone","Boot","Sundial","Golden Idol","Pear"],"acts_visited":["Exordium"],"potions_floor_usage":[],"damage_taken":[{"damage":8.0,"enemies":"2 Louse","floor":1.0,"turns":4.0},{"damage":4.0,"enemies":"Jaw Worm","floor":3.0,"turns":6.0},{"damage":0.0,"enemies":"Small Slimes","floor":4.0,"turns":3.0},{"damage":16.0,"enemies":"Gremlin Gang","floor":5.0,"turns":7.0},{"damage":24.0,"enemies":"Lagavulin","floor":6.0,"turns":7.0},{"damage":16.0,"enemies":"Exordium Thugs","floor":7.0,"turns":3.0},{"damage":16.0,"enemies":"Gremlin Nob","floor":8.0,"turns":3.0},{"damage":0.0,"enemies":"Large Slime","floor":12.0,"turns":4.0},{"damage":42,"enemies":"Hexaghost","floor":16,"turns":9}],"seed_played":"-6120637842356195869","potions_obtained":[{"floor":4.0,"key":"Dexterity Potion"},{"floor":5.0,"key":"SkillPotion"},{"floor":7.0,"key":"FearPotion"}],"is_trial":false,"path_per_floor":["M","?","M","M","M","E","M","E","T","?","R","M","R","?","R","B"],"character_chosen":"IRONCLAD","items_purchased":[],"campfire_rested":1,"item_purchase_floors":[],"current_hp_per_floor":[73,66,68,74,64,46,36,26,26,6,30,36,36,39,39,0,0],"gold":262,"neow_bonus":"TEN_PERCENT_HP_BONUS","is_daily":false,"chose_seed":false,"campfire_upgraded":2,"win_rate":0.0,"timestamp":1609366420,"path_taken":["M","?","M","M","M","E","M","E","T","?","R","M","R","?","R","BOSS"],"items_purchased_type":[],"build_version":"2020-12-18","purchased_purges":0,"victory":false,"max_hp_per_floor":[82,82,82,82,82,82,82,82,82,82,82,82,82,92,92,92,92],"card_choices":[{"not_picked":["Flex","Sword Boomerang"],"picked":"Metallicize","floor":1.0},{"not_picked":["Metallicize","True Grit"],"picked":"Perfected Strike","floor":3.0},{"not_picked":["Twin Strike","True Grit"],"picked":"Pommel Strike","floor":4.0},{"not_picked":["Sentinel","Intimidate"],"picked":"Wild Strike","floor":5.0},{"not_picked":["Warcry","Clash"],"picked":"Perfected Strike","floor":6.0},{"not_picked":["Thunderclap","Seeing Red"],"picked":"Twin Strike","floor":7.0},{"not_picked":["Hemokinesis","Dual Wield"],"picked":"Ghostly Armor","floor":8.0},{"not_picked":["Armaments","Pummel"],"picked":"Flame Barrier","floor":12.0}],"player_experience":738072,"relics_obtained":[{"floor":6.0,"key":"Whetstone"},{"floor":8.0,"key":"Boot"},{"floor":9.0,"key":"Sundial"}],"event_choices":[{"cards_removed":["Defend_R"],"damage_healed":0.0,"max_hp_gain":0.0,"max_hp_loss":0.0,"gold_gain":0.0,"event_name":"Golden Wing","player_choice":"Card Removal","floor":2.0,"gold_loss":0.0,"damage_taken":7.0},{"damage_healed":0.0,"max_hp_gain":0.0,"max_hp_loss":0.0,"gold_gain":0.0,"event_name":"Golden Idol","player_choice":"Take Damage","floor":10.0,"gold_loss":0.0,"damage_taken":20.0,"relics_obtained":["Golden Idol"]},{"damage_healed":0.0,"max_hp_gain":0.0,"max_hp_loss":0.0,"gold_gain":0.0,"event_name":"Scrap Ooze","player_choice":"Success","floor":14.0,"gold_loss":0.0,"damage_taken":7.0,"relics_obtained":["Pear"]}],"is_beta":true,"boss_relics":[],"items_purged_floors":[],"is_endless":false,"potions_floor_spawned":[4,5,7],"killed_by":"Hexaghost","ascension_level":14}}