{"host":"cwp0xoxch9uxtnfk","time":1609366643,"event":{"mods":["AchievementEnabler","BaseMod","Bestiary","Colored Map","Colored Powertips","Highlight Path","Minty Spire (QoL Compilation)","Rare Cards Sparkle","Relic Stats","SuperFastMode"],"gold_per_floor":[118,129,79,26,36,46,31,65,65,65,93,93,103,103,103,206,206,219,219,219,234,234,234,249,249,276,191,45,60,60,71,71,166,166,176,176,176,203,220,220,220,235,235,288,288,288,288,301,301,301,301,301,35,35,35],"floor_reached":54,"playtime":4893,"items_purged":["Strike_R"],"score":645,"play_id":"e632dab6-17b0-4cd6-8a11-14a3d69f6ece","local_time":"20201230221723","is_ascension_mode":false,"campfire_choices":[{"floor":10,"key":"REST"},{"floor":12,"key":"RECALL"},{"data":"Armaments","floor":15,"key":"SMITH"},{"floor":23,"key":"REST"},{"data":"Inflame","floor":25,"key":"SMITH"},{"floor":32,"key":"REST"},{"floor":40,"key":"REST"},{"floor":46,"key":"REST"},{"floor":49,"key":"REST"},{"floor":52,"key":"REST"}],"circlet_count":0,"master_deck":["Strike_R","Defend_R","Defend_R","Defend_R","Defend_R","Bash","The Bomb","Warcry","Shrug It Off","Armaments+1","Feed","Warcry","Battle Trance","Armaments+1","Pommel Strike","Berserk","Headbutt+1","Inflame+1","Ghostly Armor","Flex+1","Juggernaut","Armaments+1","Panache","Chrysalis","Panacea","Madness","Madness","Cleave+1","Good Instincts"],"relics":["Burning Blood","Bird Faced Urn","Self Forming Clay","Velvet Choker","Red Skull","Tiny Chest","Happy Flower","Fusion Hammer","PreservedInsect","Eternal Feather","Incense Burner","Regal Pillow"],"acts_visited":["Exordium","TheCity","TheBeyond","TheEnding"],"potions_floor_usage":[11,33,50],"damage_taken":[{"damage":1,"enemies":"Jaw Worm","floor":1,"turns":5},{"damage":2,"enemies":"2 Louse","floor":2,"turns":3},{"damage":5,"enemies":"Small Slimes","floor":5,"turns":3},{"damage":5,"enemies":"2 Fungi Beasts","floor":6,"turns":4},{"damage":8,"enemies":"Exordium Thugs","floor":7,"turns":7},{"damage":17,"enemies":"3 Sentries","floor":8,"turns":4},{"damage":19,"enemies":"Lagavulin","floor":11,"turns":12},{"damage":3,"enemies":"Exordium Wildlife","floor":13,"turns":4},{"damage":26,"enemies":"The Guardian","floor":16,"turns":11},{"damage":7,"enemies":"2 Thieves","floor":18,"turns":3},{"damage":5,"enemies":"Chosen","floor":21,"turns":4},{"damage":16,"enemies":"Sentry and Sphere","floor":24,"turns":6},{"damage":20,"enemies":"Snake Plant","floor":29,"turns":5},{"damage":16,"enemies":"Shelled Parasite and Fungi","floor":31,"turns":4},{"damage":65,"enemies":"Champ","floor":33,"turns":12},{"damage":29,"enemies":"3 Darklings","floor":35,"turns":4},{"damage":17,"enemies":"Orb Walker","floor":39,"turns":5},{"damage":18,"enemies":"4 Shapes","floor":42,"turns":4},{"damage":58,"enemies":"2 Orb Walkers","floor":44,"turns":4},{"damage":24,"enemies":"Jaw Worm Horde","floor":48,"turns":3},{"damage":125,"enemies":"Awakened One","floor":50,"turns":14},{"damage":94,"enemies":"Shield and Spear","floor":54,"turns":5}],"seed_played":"1947275899554002865","potions_obtained":[{"floor":1,"key":"Energy Potion"},{"floor":5,"key":"Dexterity Potion"},{"floor":7,"key":"Ancient Potion"},{"floor":11,"key":"Ancient Potion"},{"floor":16,"key":"Weak Potion"},{"floor":21,"key":"BloodPotion"},{"floor":33,"key":"LiquidBronze"},{"floor":35,"key":"FairyPotion"}],"is_trial":false,"path_per_floor":["M","M","?","$","M","M","M","E","T","R","E","R","M","?","R","B",null,"M","?","?","M","?","R","M","R","T","?","$","M","?","M","R","B",null,"M","?","?","T","M","R","?","M","T","?","?","R","T","M","R","B",null,"R","$","E"],"character_chosen":"IRONCLAD","items_purchased":["Armaments","Happy Flower","Good Instincts","Block Potion","Swift Potion"],"campfire_rested":7,"item_purchase_floors":[4,28,53,53,53],"current_hp_per_floor":[61,65,65,65,66,67,65,54,54,78,65,65,68,68,68,48,80,79,64,64,65,65,85,75,75,75,75,75,63,63,59,85,30,89,68,58,58,58,53,79,79,69,69,23,12,53,53,41,89,33,92,92,92,0,0],"gold":35,"neow_bonus":"RANDOM_COLORLESS_2","is_daily":false,"chose_seed":false,"campfire_upgraded":2,"win_rate":0.0,"timestamp":1609366643,"path_taken":["M","M","?","?","M","M","M","E","T","R","E","R","M","?","R","BOSS","M","?","?","?","?","R","?","R","T","?","$","M","?","M","R","BOSS","M","?","?","?","M","R","?","M","T","?","?","R","?","M","R","BOSS","R","$","E"],"items_purchased_type":["Card","Relic","Card","Potion","Potion"],"build_version":"2020-12-22","purchased_purges":1,"victory":false,"max_hp_per_floor":[80,80,80,80,80,80,80,80,80,80,80,80,80,80,80,80,80,80,85,85,85,85,85,85,85,85,85,85,85,85,89,89,89,89,89,89,89,89,89,89,89,89,89,89,89,89,89,89,89,92,92,92,92,92,92],"relic_stats":{"Regal Pillow":7,"Happy Flower":[20],"counters":[22,126],"Self Forming Clay":[174],"Bird Faced Urn":[40],"Tiny Chest":2,"Eternal Feather":30,"PreservedInsect":68,"obtain_stats":[{"Regal Pillow":47,"Happy Flower":28,"Self Forming Clay":11,"Bird Faced Urn":8,"Velvet Choker":17,"Tiny Chest":27,"Eternal Feather":43,"Fusion Hammer":34,"PreservedInsect":38,"Incense Burner":44,"Burning Blood":0,"Red Skull":26},{"Regal Pillow":19,"Happy Flower":12,"Self Forming Clay":7,"Bird Faced Urn":6,"Velvet Choker":9,"Tiny Chest":12,"Eternal Feather":18,"Fusion Hammer":15,"PreservedInsect":16,"Incense Burner":19,"Burning Blood":0,"Red Skull":12},{"Regal Pillow":104,"Happy Flower":66,"Self Forming Clay":38,"Bird Faced Urn":26,"Velvet Choker":53,"Tiny Chest":66,"Eternal Feather":100,"Fusion Hammer":87,"PreservedInsect":91,"Incense Burner":104,"Burning Blood":0,"Red Skull":66}],"Burning Blood":126},"card_choices":[{"not_picked":["Violence","Panache"],"picked":"The Bomb","floor":0},{"not_picked":["Searing Blow","Twin Strike"],"picked":"Warcry","floor":1},{"not_picked":["Pommel Strike","Twin Strike"],"picked":"Shrug It Off","floor":2},{"not_picked":["Reckless Charge","Heavy Blade"],"picked":"Feed","floor":5},{"not_picked":["Perfected Strike","Carnage"],"picked":"Warcry","floor":6},{"not_picked":["Pommel Strike","Heavy Blade"],"picked":"Battle Trance","floor":7},{"not_picked":["Clash","Twin Strike"],"picked":"Armaments","floor":8},{"not_picked":["Clothesline","Flex"],"picked":"Pommel Strike","floor":11},{"not_picked":["Sentinel","Havoc","Dark Embrace"],"picked":"SKIP","floor":13},{"not_picked":["Offering","Double Tap"],"picked":"Berserk","floor":16},{"not_picked":["Searing Blow","Perfected Strike+1"],"picked":"Clash","floor":18},{"not_picked":["Infernal Blade","Perfected Strike"],"picked":"Headbutt+1","floor":21},{"not_picked":["Thunderclap","Wild Strike"],"picked":"Inflame","floor":24},{"not_picked":["Twin Strike+1","Pommel Strike","Warcry"],"picked":"SKIP","floor":29},{"not_picked":["Rage","Searing Blow"],"picked":"Flex+1","floor":31},{"not_picked":["Exhume","Reaper"],"picked":"Juggernaut","floor":33},{"not_picked":["Whirlwind+1","Dark Embrace+1"],"picked":"Armaments+1","floor":35},{"not_picked":["Master of Strategy","Bandage Up"],"picked":"Panache","floor":36},{"not_picked":["Panacea","Good Instincts"],"picked":"Chrysalis","floor":36},{"not_picked":["Dramatic Entrance","Bandage Up"],"picked":"Panacea","floor":36},{"not_picked":["Thunderclap+1","Fire Breathing","Evolve"],"picked":"SKIP","floor":39},{"not_picked":["Headbutt","Whirlwind","Evolve"],"picked":"SKIP","floor":42},{"not_picked":["True Grit","Warcry"],"picked":"Cleave+1","floor":48}],"player_experience":113721,"relics_obtained":[{"floor":8,"key":"Bird Faced Urn"},{"floor":11,"key":"Self Forming Clay"},{"floor":26,"key":"Red Skull"},{"floor":38,"key":"PreservedInsect"},{"floor":43,"key":"Eternal Feather"},{"floor":44,"key":"Incense Burner"},{"floor":47,"key":"Regal Pillow"}],"event_choices":[{"cards_removed":["Strike_R"],"damage_healed":0,"gold_gain":0,"player_choice":"Card Removal","damage_taken":0,"max_hp_gain":0,"max_hp_loss":0,"event_name":"The Cleric","floor":3,"gold_loss":50},{"cards_removed":["Strike_R"],"damage_healed":0,"gold_gain":0,"player_choice":"Forget","damage_taken":0,"max_hp_gain":0,"max_hp_loss":0,"event_name":"Living Wall","floor":14,"gold_loss":0},{"damage_healed":0,"gold_gain":0,"player_choice":"Shed Blood","damage_taken":20,"max_hp_gain":5,"max_hp_loss":0,"event_name":"Forgotten Altar","floor":19,"gold_loss":0},{"damage_healed":0,"gold_gain":0,"player_choice":"0 cards matched","damage_taken":0,"max_hp_gain":0,"max_hp_loss":0,"event_name":"Match and Keep!","floor":20,"gold_loss":0,"cards_obtained":[]},{"damage_healed":0,"gold_gain":0,"player_choice":"Upgraded","damage_taken":0,"max_hp_gain":0,"max_hp_loss":0,"event_name":"Upgrade Shrine","floor":22,"gold_loss":0,"cards_upgraded":["Armaments"]},{"damage_healed":0,"gold_gain":0,"player_choice":"Obtained Relic","damage_taken":0,"relics_obtained":["Tiny Chest"],"max_hp_gain":0,"max_hp_loss":0,"event_name":"Addict","floor":27,"gold_loss":85},{"damage_healed":0,"gold_gain":0,"player_choice":"Read","damage_taken":0,"max_hp_gain":0,"max_hp_loss":0,"event_name":"The Library","floor":30,"gold_loss":0,"cards_obtained":["Ghostly Armor"]},{"damage_healed":0,"gold_gain":0,"player_choice":"Memory 3","damage_taken":10,"max_hp_gain":0,"max_hp_loss":0,"event_name":"SensoryStone","floor":36,"gold_loss":0},{"cards_removed":["Strike_R"],"damage_healed":0,"gold_gain":0,"player_choice":"Offered Basic","damage_taken":0,"max_hp_gain":0,"max_hp_loss":0,"event_name":"Bonfire Elementals","floor":37,"gold_loss":0},{"cards_removed":["Clash"],"damage_healed":0,"gold_gain":0,"player_choice":"Removed Attack","damage_taken":0,"max_hp_gain":0,"max_hp_loss":0,"event_name":"Falling","floor":41,"gold_loss":0},{"damage_healed":0,"gold_gain":0,"player_choice":"Fight","damage_taken":0,"max_hp_gain":0,"max_hp_loss":0,"event_name":"Mysterious Sphere","floor":44,"gold_loss":0},{"damage_healed":0,"gold_gain":0,"player_choice":"Embrace Madness","damage_taken":11,"max_hp_gain":0,"max_hp_loss":0,"event_name":"Winding Halls","floor":45,"gold_loss":0,"cards_obtained":["Madness","Madness"]}],"is_beta":false,"boss_relics":[{"not_picked":["Coffee Dripper","Runic Cube"],"picked":"Velvet Choker"},{"not_picked":["Mark of Pain","Busted Crown"],"picked":"Fusion Hammer"}],"items_purged_floors":[53],"is_endless":false,"potions_floor_spawned":[1,5,7,11,16,21,24,33,35,39],"killed_by":"Shield and Spear","ascension_level":0}}