{"host":"A Jargain","time":1609328839,"event":{"mods":["Act Like it!","Aspiration","BaseMod","Downfall","Halation","Hubris","Infinite Spire","Marisa????????","Minty Spire (QoL Compilation)","Replay The Spire","StSLib","The Servant 0.9.4","Waifu the Spire"],"gold_per_floor":[114,25,41,41,41,68,68,84,107,119,119,136,149,176,176,273,273,288,308,106,106,123,123,123,83,83,100,110,110,110,110,110,212,212,227,245,172,172,123,123,65,79,79,95,106,106,106,106,106,106,106,106,10,38,38,38],"floor_reached":55,"playtime":3764,"items_purged":["Injury"],"score":715,"play_id":"ff5d4dd1-e501-4bed-9e13-6d88fd039707","local_time":"20201230224719","is_ascension_mode":true,"campfire_choices":[{"floor":7,"key":"REST"},{"floor":11,"key":"REST"},{"floor":23,"key":"RECALL"},{"data":"TimeWarp","floor":47,"key":"SMITH"},{"floor":49,"key":"DIG"},{"data":"TheWorld","floor":52,"key":"SMITH"}],"circlet_count":1,"master_deck":["Strike_S","Strike_S","Strike_S","Strike_S","Defend_S","Defend_S","Defend_S","Defend_S","KidneyShot","Exchange","TheWorld+1","TimeWarp+1","Foresight+1","ShiftingGears","Ricochet+1","Potential+1","Revamp","Desolation+1","Reset","Deny+1","Replace","GearUp","Rearm","ShatteredReality+1","BestPractice","Dramatic Entrance+1","BottledTime","CurseOfTheBell","ShatteredReality+1","Potential+1","TheWorld+1","Comet+1","ShatteredReality+1","Potential+1","Parasite","Comet+1","FastForward","Sabotage+1","Revamp","Replace+1"],"relics":["Uniform","Molten Egg 2","PreservedInsect","aspiration:ArtOfWarUpgrade","Coffee Dripper","BargainBundle","halation:BottledLove","Vajra","Calling Bell","halation:PrussianBluePaint","Question Card","WingedGreaves","InkBottle","halation:EternalFortune","hubris:Towel","Black Star","Circlet","Meat on the Bone","infinitespire:EmpoweringShard","hubris:TinFlute","Nunchaku","Lantern"],"acts_visited":["Exordium","TheCity","TheBeyond","TheEnding"],"potions_floor_usage":[1,3,6,6,14,16,18,22,28,28,36,42,50,50,54],"damage_taken":[{"damage":15,"enemies":"Jaw Worm","floor":1,"turns":4},{"damage":3,"enemies":"Cultist","floor":3,"turns":5},{"damage":38,"enemies":"3 Sentries","floor":6,"turns":11},{"damage":1,"enemies":"2 Louse","floor":8,"turns":2},{"damage":5,"enemies":"Exordium Thugs","floor":10,"turns":3},{"damage":0,"enemies":"2 Fungi Beasts","floor":12,"turns":2},{"damage":24,"enemies":"Gremlin Gang","floor":13,"turns":3},{"damage":10,"enemies":"Gremlin Nob","floor":14,"turns":3},{"damage":7,"enemies":"The Guardian","floor":16,"turns":12},{"damage":28,"enemies":"Spheric Guardian","floor":18,"turns":3},{"damage":2,"enemies":"Shell Parasite","floor":19,"turns":2},{"damage":9,"enemies":"Snecko","floor":22,"turns":4},{"damage":8,"enemies":"Chosen and Byrds","floor":27,"turns":4},{"damage":9,"enemies":"Snake Plant","floor":28,"turns":3},{"damage":8,"enemies":"Automaton","floor":33,"turns":5},{"damage":0,"enemies":"Orb Walker","floor":35,"turns":1},{"damage":0,"enemies":"3 Darklings","floor":36,"turns":1},{"damage":49,"enemies":"Writhing Mass","floor":42,"turns":4},{"damage":12,"enemies":"4 Shapes","floor":44,"turns":1},{"damage":16,"enemies":"Transient","floor":45,"turns":5},{"damage":10,"enemies":"hubris:GrandSnecko","floor":50,"turns":9},{"damage":5,"enemies":"Shield and Spear","floor":54,"turns":2},{"damage":63,"enemies":"The Heart","floor":55,"turns":3}],"seed_played":"-575937050656799621","potions_obtained":[{"floor":0,"key":"EssenceOfSteel"},{"floor":0,"key":"hexamod:EctoCoolerPotion"},{"floor":0,"key":"PowerPotion"},{"floor":3,"key":"SkillPotion"},{"floor":12,"key":"CultistPotion"},{"floor":13,"key":"ColorlessPotion"},{"floor":16,"key":"AttackPotion"},{"floor":18,"key":"Elixir"},{"floor":27,"key":"AttackPotion"},{"floor":33,"key":"Explosive Potion"},{"floor":45,"key":"Guardian:BlockOnCardUsePotion"}],"is_trial":false,"path_per_floor":["M","$","M","?","?","E","R","M","T","M","R","M","M","E","R","B",null,"M","M","$","T","M","R","AVR","?","T","M","M","R","?","?","R","B",null,"M","M","$","?","$","R","?","M","T","M","M","R","R","?","R","B",null,"R","$","E","B"],"character_chosen":"THE_SERVANT","items_purchased":["TimeWarp","Foresight","BargainBundle","Rearm","ShatteredReality+1","BestPractice","Dramatic Entrance+1","Block Potion","Adrenaline Potion","Regen Potion","Potential+1","Revamp","Adrenaline Potion"],"campfire_rested":2,"item_purchase_floors":[2,2,20,20,20,20,20,20,20,37,39,53,53],"current_hp_per_floor":[50,50,47,47,47,9,28,27,27,22,41,41,17,15,34,27,65,37,35,35,35,26,26,26,26,26,18,9,9,9,12,12,4,68,68,68,68,68,68,68,68,40,40,40,36,36,36,36,36,38,68,68,68,63,0,0],"gold":38,"neow_bonus":"THREE_SMALL_POTIONS","is_daily":false,"chose_seed":false,"campfire_upgraded":2,"win_rate":0.0,"timestamp":1609328839,"path_taken":["M","$","M","?","?","E","R","M","T","M","R","M","?","E","R","BOSS","M","?","$","?","M","R","AVR","?","T","M","?","R","?","?","R","BOSS","M","?","$","?","$","R","?","?","T","M","M","R","R","?","R","BOSS","R","$","E","BOSS"],"items_purchased_type":["Card","Card","Relic","Card","Card","Card","Card","Potion","Potion","Potion","Card","Card","Potion"],"build_version":"2020-12-18","purchased_purges":1,"victory":false,"max_hp_per_floor":[65,65,65,65,65,65,65,65,65,65,65,65,65,65,65,65,65,65,65,65,65,65,65,65,65,65,65,65,65,65,68,68,68,68,68,68,68,68,68,68,68,68,68,68,68,68,68,68,68,68,68,68,68,68,68,68],"card_choices":[{"not_picked":["TimeWarp","Alleviate"],"picked":"TheWorld","floor":1},{"not_picked":["Rewind","Defy"],"picked":"ShiftingGears","floor":3},{"not_picked":["Spin+1","Rearm"],"picked":"Ricochet+1","floor":6},{"not_picked":["RealityMarble","Unruled+1"],"picked":"Potential+1","floor":8},{"not_picked":["SpecialFormula","MurderousAura"],"picked":"Revamp","floor":10},{"not_picked":["DoubleEdge+1","Unruled+1"],"picked":"Desolation+1","floor":12},{"not_picked":["MoonPhase","Defy","RealityMarble"],"picked":"SKIP","floor":13},{"not_picked":["MoonPhase","Defy","RealityMarble"],"picked":"SKIP","floor":13},{"not_picked":["DualDimension","Unruled+1"],"picked":"Reset","floor":14},{"not_picked":["KillingDoll+1","MurderousAura"],"picked":"Deny","floor":16},{"not_picked":["Ricochet+1","Starlight+1"],"picked":"Replace","floor":18},{"not_picked":["Unruled+1","Rewind"],"picked":"GearUp","floor":19},{"not_picked":["Foresight+1","Embodiment"],"picked":"BottledTime","floor":22},{"not_picked":["Revamp","FanOfKnives+1","Spin+1"],"picked":"ShatteredReality+1","floor":27},{"not_picked":["BottledTime","Rewind","StarChef"],"picked":"Potential+1","floor":28},{"not_picked":["SilverMatrix","Sunlight+1","FlawlessForm"],"picked":"TheWorld","floor":33},{"not_picked":["Rearm+1","FastForward+1","Unruled+1"],"picked":"Comet+1","floor":35},{"not_picked":["DancingSilver+1","ForgedInTime","Spin+1"],"picked":"ShatteredReality+1","floor":36},{"not_picked":["Spin+1","Snipe+1","Hightail+1"],"picked":"Comet+1","floor":42},{"not_picked":["DoubleEdge+1","Snipe+1","Ricochet+1"],"picked":"FastForward","floor":44},{"not_picked":["Alleviate+1","Unruled+1","Spin+1"],"picked":"Sabotage+1","floor":45},{"not_picked":["Foresight+1","Ricochet+1","RealityMarble"],"picked":"Replace+1","floor":54}],"player_experience":277165,"relics_obtained":[{"floor":6,"key":"PreservedInsect"},{"floor":14,"key":"Art of War"},{"floor":21,"key":"halation:BottledLove"},{"floor":24,"key":"halation:PrussianBluePaint"},{"floor":24,"key":"Question Card"},{"floor":24,"key":"WingedGreaves"},{"floor":26,"key":"InkBottle"},{"floor":43,"key":"infinitespire:EmpoweringShard"},{"floor":49,"key":"hubris:TinFlute"},{"floor":54,"key":"Nunchaku"},{"floor":54,"key":"Lantern"}],"event_choices":[{"damage_healed":0,"gold_gain":0,"player_choice":"Grow","damage_taken":0,"max_hp_gain":0,"max_hp_loss":0,"event_name":"Living Wall","floor":5,"gold_loss":0,"cards_upgraded":["TheWorld"]},{"damage_healed":0,"gold_gain":0,"player_choice":"Upgrade","damage_taken":0,"max_hp_gain":0,"max_hp_loss":0,"event_name":"Designer","floor":25,"gold_loss":40,"cards_upgraded":["Deny"]},{"damage_healed":0,"gold_gain":0,"player_choice":"Paid Gold","damage_taken":0,"relics_obtained":["Meat on the Bone"],"max_hp_gain":0,"max_hp_loss":0,"event_name":"WeMeetAgain","floor":41,"gold_loss":58}],"is_beta":true,"boss_relics":[{"not_picked":["Runic Dome","ReplayTheSpireMod:DimensionalGlitch"],"picked":"Coffee Dripper"},{"not_picked":["hubris:TerracottaHorce","hubris:GrandSneckoEye"],"picked":"Black Star"}],"items_purged_floors":[20],"is_endless":false,"potions_floor_spawned":[3,12,13,16,18,27,33,45],"killed_by":"The Heart","ascension_level":2}}