{"host":"qxeepl7ydvsgmfdb","time":1609306520,"event":{"mods":["AchievementEnabler","BaseMod","Colored Powertips","Minty Spire (QoL Compilation)","Quick Restart","slay the spire mod where everything is the same but ironclad has a cowboy hat"],"gold_per_floor":[116,191,191,140,158,158,12,28,80,80,112,112,123,141,141,245,245,263,273,273,273,290,290,301,301,301,301,314,162,180,199,199,302,302,312,252,125,139,150,150,199,159,204,204,218,218,243,91,91,91,91],"floor_reached":50,"playtime":1379,"items_purged":["Defend_B","Biased Cognition+1"],"score":472,"play_id":"15345389-7040-459e-8934-fd7872d46940","local_time":"20201230003520","is_ascension_mode":false,"campfire_choices":[{"data":"Zap","floor":6.0,"key":"SMITH"},{"data":"Ball Lightning","floor":12.0,"key":"SMITH"},{"data":"Lockon","floor":15.0,"key":"SMITH"},{"data":"RitualDagger","floor":23.0,"key":"SMITH"},{"data":"Chill","floor":27.0,"key":"SMITH"},{"floor":32.0,"key":"REST"},{"data":"Redo","floor":40,"key":"SMITH"},{"floor":44,"key":"REST"},{"data":"Biased Cognition","floor":46,"key":"SMITH"},{"floor":49,"key":"REST"}],"circlet_count":0,"master_deck":["Strike_B","Strike_B","Defend_B","Defend_B","Defend_B+1","Zap+1","Dualcast+1","Cold Snap","Sweeping Beam","Conserve Battery+1","Ball Lightning+1","Lockon+1","Coolheaded","RitualDagger+1","Cold Snap","Chill+1","Darkness+1","Ball Lightning","Redo+1","Redo+1","Electrodynamics","Ball Lightning","Capacitor+1","Defragment+1"],"relics":["Cracked Core","Strawberry","Lee\u0027s Waffle","War Paint","Bronze Scales","Question Card","PreservedInsect","Nuclear Battery","StoneCalendar","Anchor","White Beast Statue"],"acts_visited":["Exordium","TheCity","TheBeyond"],"potions_floor_usage":[33,33,33,41,41,47,50,50,50],"damage_taken":[{"damage":10.0,"enemies":"Small Slimes","floor":1.0,"turns":3.0},{"damage":0.0,"enemies":"2 Louse","floor":5.0,"turns":2.0},{"damage":1.0,"enemies":"Jaw Worm","floor":8.0,"turns":2.0},{"damage":23.0,"enemies":"Lagavulin","floor":11.0,"turns":7.0},{"damage":1.0,"enemies":"Large Slime","floor":13.0,"turns":3.0},{"damage":0.0,"enemies":"Blue Slaver","floor":14.0,"turns":2.0},{"damage":9.0,"enemies":"Slime Boss","floor":16.0,"turns":6.0},{"damage":10.0,"enemies":"Shell Parasite","floor":18.0,"turns":3.0},{"damage":4.0,"enemies":"Chosen","floor":19.0,"turns":3.0},{"damage":16.0,"enemies":"Snecko","floor":22.0,"turns":5.0},{"damage":15.0,"enemies":"Snake Plant","floor":24.0,"turns":3.0},{"damage":12.0,"enemies":"3 Cultists","floor":28.0,"turns":5.0},{"damage":19.0,"enemies":"Chosen and Byrds","floor":30.0,"turns":5.0},{"damage":9.0,"enemies":"Snake Plant","floor":31.0,"turns":3.0},{"damage":15,"enemies":"Automaton","floor":33,"turns":10},{"damage":6,"enemies":"Orb Walker","floor":35,"turns":3},{"damage":8,"enemies":"3 Darklings","floor":38,"turns":3},{"damage":10,"enemies":"Sphere and 2 Shapes","floor":39,"turns":4},{"damage":13,"enemies":"2 Orb Walkers","floor":41,"turns":3},{"damage":15,"enemies":"Writhing Mass","floor":45,"turns":3},{"damage":37,"enemies":"Reptomancer","floor":47,"turns":5},{"damage":65,"enemies":"Awakened One","floor":50,"turns":8}],"seed_played":"-5691282499215735401","potions_obtained":[{"floor":13.0,"key":"PotionOfCapacity"},{"floor":14.0,"key":"EssenceOfSteel"},{"floor":18.0,"key":"PowerPotion"},{"floor":28.0,"key":"FocusPotion"},{"floor":38,"key":"AttackPotion"},{"floor":42,"key":"Strength Potion"},{"floor":42,"key":"Fire Potion"},{"floor":42,"key":"DuplicationPotion"}],"is_trial":false,"path_per_floor":["M","?","?","$","M","R","$","M","T","?","E","R","M","M","R","B",null,"M","M","?","?","M","R","M","?","T","R","M","$","M","M","R","B",null,"M","?","$","M","M","R","?","?","T","R","M","R","E","$","R","B"],"character_chosen":"DEFECT","items_purchased":["Sweeping Beam","Lee\u0027s Waffle","PreservedInsect","SkillPotion","SkillPotion"],"campfire_rested":3,"item_purchase_floors":[4,7,29,37,48],"current_hp_per_floor":[72,61,54,54,54,54,89,88,88,88,65,65,64,64,64,55,89,79,75,75,69,53,53,38,67,67,67,55,55,36,27,53,38,89,83,83,83,75,65,65,52,52,52,78,63,63,26,26,52,0,0],"gold":91,"neow_bonus":"RANDOM_COMMON_RELIC","is_daily":false,"chose_seed":false,"campfire_upgraded":7,"win_rate":0.0,"timestamp":1609306520,"path_taken":["M","?","?","$","M","R","$","M","T","?","E","R","M","M","R","BOSS","M","M","?","?","M","R","M","?","T","R","M","$","M","M","R","BOSS","M","?","$","?","M","R","?","?","T","R","?","R","E","$","R","BOSS"],"items_purchased_type":["Card","Relic","Relic","Potion","Potion"],"build_version":"2020-12-22","purchased_purges":2,"victory":false,"max_hp_per_floor":[82,82,82,82,82,82,89,89,89,89,89,89,89,89,89,89,89,89,89,89,89,89,89,89,89,89,89,89,89,89,89,89,89,89,89,89,89,89,89,89,89,89,89,89,89,89,89,89,89,89,89],"card_choices":[{"not_picked":["Fusion","Recycle"],"picked":"Cold Snap","floor":1.0},{"not_picked":["Hologram","Sweeping Beam","Compile Driver"],"picked":"SKIP","floor":5.0},{"not_picked":["Auto Shields","Sweeping Beam"],"picked":"Conserve Battery","floor":8.0},{"not_picked":["Conserve Battery","Force Field"],"picked":"Ball Lightning","floor":11.0},{"not_picked":["Force Field","FTL"],"picked":"Lockon","floor":13.0},{"not_picked":["All For One","Compile Driver","Stack"],"picked":"SKIP","floor":14.0},{"not_picked":["Machine Learning","Amplify"],"picked":"Biased Cognition","floor":16.0},{"not_picked":["Undo","Hologram","Gash"],"picked":"SKIP","floor":18.0},{"not_picked":["Compile Driver","Scrape"],"picked":"Coolheaded","floor":19.0},{"not_picked":["Compile Driver","Double Energy"],"picked":"Cold Snap","floor":22.0},{"not_picked":["Conserve Battery","Turbo+1"],"picked":"Chill","floor":24.0},{"not_picked":["Barrage","Biased Cognition","Cold Snap"],"picked":"Darkness+1","floor":28.0},{"not_picked":["Leap","Barrage+1","Hologram+1"],"picked":"Ball Lightning","floor":30.0},{"not_picked":["Fusion","Conserve Battery","Tempest+1"],"picked":"Redo","floor":31.0},{"not_picked":["Stack","Streamline+1","Conserve Battery"],"picked":"Redo+1","floor":35},{"not_picked":["Doom and Gloom","Barrage","Double Energy+1"],"picked":"Electrodynamics","floor":38},{"not_picked":["Gash+1","Sunder","Streamline"],"picked":"Ball Lightning","floor":39},{"not_picked":["Stack+1","Reprogram+1","Go for the Eyes+1"],"picked":"Capacitor+1","floor":45},{"not_picked":["Lockon+1","Reboot","Darkness"],"picked":"Defragment+1","floor":47}],"player_experience":307960,"relics_obtained":[{"floor":9.0,"key":"War Paint"},{"floor":11.0,"key":"Bronze Scales"},{"floor":26.0,"key":"Question Card"},{"floor":41,"key":"StoneCalendar"},{"floor":43,"key":"Anchor"},{"floor":47,"key":"White Beast Statue"}],"event_choices":[{"damage_healed":0.0,"max_hp_gain":0.0,"max_hp_loss":0.0,"gold_gain":75.0,"event_name":"World of Goop","player_choice":"Gather Gold","floor":2.0,"gold_loss":0.0,"damage_taken":11.0},{"cards_removed":["Strike_B"],"damage_healed":0.0,"max_hp_gain":0.0,"max_hp_loss":0.0,"gold_gain":0.0,"event_name":"Golden Wing","player_choice":"Card Removal","floor":3.0,"gold_loss":0.0,"damage_taken":7.0},{"damage_healed":0.0,"max_hp_gain":0.0,"max_hp_loss":0.0,"gold_gain":0.0,"event_name":"Living Wall","player_choice":"Grow","floor":10.0,"gold_loss":0.0,"damage_taken":0.0,"cards_upgraded":["Dualcast"]},{"damage_healed":0.0,"max_hp_gain":0.0,"max_hp_loss":0.0,"gold_gain":0.0,"event_name":"Ghosts","player_choice":"Ignored","floor":20.0,"gold_loss":0.0,"damage_taken":0.0},{"damage_healed":0.0,"max_hp_gain":0.0,"max_hp_loss":0.0,"gold_gain":0.0,"event_name":"Nest","player_choice":"Joined the Cult","floor":21.0,"gold_loss":0.0,"damage_taken":6.0,"cards_obtained":["RitualDagger"]},{"damage_healed":29.0,"max_hp_gain":0.0,"max_hp_loss":0.0,"gold_gain":0.0,"event_name":"The Library","player_choice":"Heal","floor":25.0,"gold_loss":0.0,"damage_taken":0.0},{"cards_removed":["Strike_B"],"damage_healed":0,"gold_gain":0,"player_choice":"Single Remove","damage_taken":0,"max_hp_gain":0,"max_hp_loss":0,"event_name":"Designer","floor":36,"gold_loss":60},{"damage_healed":0,"gold_gain":0,"player_choice":"Fight","damage_taken":0,"max_hp_gain":0,"max_hp_loss":0,"event_name":"Mysterious Sphere","floor":41,"gold_loss":0},{"damage_healed":0,"gold_gain":0,"player_choice":"Bought 3 Potions","damage_taken":0,"max_hp_gain":0,"max_hp_loss":0,"event_name":"The Woman in Blue","floor":42,"gold_loss":0}],"is_beta":false,"boss_relics":[{"not_picked":["Sozu","Pandora\u0027s Box","Runic Pyramid"]},{"not_picked":["Empty Cage","Runic Dome"],"picked":"Nuclear Battery"}],"items_purged_floors":[37,48],"is_endless":false,"potions_floor_spawned":[13,14,18,19,28,30,38],"killed_by":"Awakened One","ascension_level":0}}