{"host":"i0avyit1s6jb1siw","time":1609326883,"event":{"mods":["BaseMod","DeckTracker","Dota2Spire","Highlight Path","Minty Spire (QoL Compilation)","Quick Restart","Replay The Spire","StSLib","SuperFastMode"],"gold_per_floor":[12,83,102,121,121,121,150,150,150,150,176,196,196,230,230,301,301,312,1,16,16,16,16,50,50,100,135,145,145,145,177,102,102,102],"floor_reached":33,"playtime":755,"items_purged":[],"score":663,"play_id":"95bf0c72-c0fb-4f7f-a0a1-b96525b58f63","local_time":"20201230121443","is_ascension_mode":true,"campfire_choices":[{"data":"Apotheosis","floor":6,"key":"SMITH"},{"floor":8,"key":"REST"},{"floor":10,"key":"REST"},{"data":"Shockwave","floor":15,"key":"SMITH"},{"floor":23,"key":"REST"},{"floor":25,"key":"RECALL"},{"floor":29,"key":"REST"}],"circlet_count":0,"master_deck":["AscendersBane","Strike_R+1","Strike_R+1","Strike_R+1","Defend_R+1","Defend_R+1","Defend_R+1","Defend_R+1","Bash","Apotheosis+1","Perfected Strike","ReplayTheSpireMod:Muscle Training","Shrug It Off","Shockwave+1","Wild Strike","Offering","Seeing Red","Second Wind"],"relics":["Burning Blood","Pet Ghost","Bottled Lightning","Replay:Accelerometer","Meat on the Bone","Frozen Egg 2","Dota2Spire:Bloodstone","Dota2Spire:AghanimScepter","Pear","Ancient Tea Set","Blood Vial"],"acts_visited":["Exordium","TheCity"],"potions_floor_usage":[7,11,14,16,24,33,33],"damage_taken":[{"damage":10,"enemies":"Small Slimes","floor":1,"turns":4},{"damage":6,"enemies":"2 Louse","floor":3,"turns":4},{"damage":1,"enemies":"Cultist","floor":4,"turns":3},{"damage":29,"enemies":"3 Sentries","floor":7,"turns":9},{"damage":13,"enemies":"Lagavulin","floor":11,"turns":4},{"damage":2,"enemies":"Large Slime","floor":12,"turns":4},{"damage":9,"enemies":"Gremlin Nob","floor":14,"turns":3},{"damage":30,"enemies":"Hexaghost","floor":16,"turns":9},{"damage":6,"enemies":"3 Byrds","floor":18,"turns":5},{"damage":20,"enemies":"Spheric Guardian","floor":20,"turns":4},{"damage":24,"enemies":"Book of Stabbing","floor":24,"turns":5},{"damage":23,"enemies":"Replay:Snechameleon","floor":27,"turns":5},{"damage":22,"enemies":"3 Cultists","floor":28,"turns":6},{"damage":7,"enemies":"Book of Stabbing","floor":31,"turns":5},{"damage":85,"enemies":"Pondfish","floor":33,"turns":9}],"seed_played":"9079883434625119990","potions_obtained":[{"floor":1,"key":"SteroidPotion"},{"floor":2,"key":"Adrenaline Potion"},{"floor":7,"key":"DistilledChaos"},{"floor":11,"key":"Dota2Spire:Clarity"},{"floor":14,"key":"Fire Potion"},{"floor":20,"key":"Reflective Coating"},{"floor":27,"key":"Toxic Potion"},{"floor":28,"key":"Adrenaline Potion"}],"is_trial":false,"path_per_floor":["M","?","M","M","?","R","E","R","T","R","E","M","?","E","R","B",null,"M","$","M","?","?","R","E","R","T","E","M","R","?","E","R","B"],"character_chosen":"IRONCLAD","items_purchased":["Dota2Spire:AghanimScepter","Seeing Red"],"campfire_rested":4,"item_purchase_floors":[19,19],"current_hp_per_floor":[64,34,34,39,32,32,9,31,31,53,46,50,55,52,52,40,70,70,70,56,56,33,58,62,62,62,57,53,81,81,80,80,0,0],"gold":102,"neow_bonus":"RANDOM_COLORLESS_2","is_daily":false,"chose_seed":false,"campfire_upgraded":2,"win_rate":0.0,"timestamp":1609326883,"path_taken":["M","?","?","M","?","R","E","R","T","R","E","M","?","E","R","BOSS","M","$","M","?","?","R","E","R","T","E","M","R","?","E","R","BOSS"],"items_purchased_type":["Relic","Card"],"build_version":"2020-12-22","purchased_purges":0,"victory":false,"max_hp_per_floor":[75,75,75,75,75,75,75,75,75,75,75,75,80,80,80,80,80,80,80,80,80,85,85,95,95,95,95,95,95,95,95,95,95,95],"card_choices":[{"not_picked":["Secret Weapon","Master of Strategy"],"picked":"Apotheosis","floor":0},{"not_picked":["Entrench","Flex"],"picked":"Perfected Strike","floor":1},{"not_picked":["Replay:Undeath\u0027s Touch","Thunderclap"],"picked":"ReplayTheSpireMod:Muscle Training","floor":2},{"not_picked":["Clothesline","Sword Boomerang"],"picked":"Shrug It Off","floor":3},{"not_picked":["Body Slam","Perfected Strike"],"picked":"Shockwave","floor":4},{"not_picked":["Offering","Perfected Strike"],"picked":"Wild Strike","floor":7},{"not_picked":["Sword Boomerang","Exhume","Clash"],"picked":"SKIP","floor":11},{"not_picked":["Body Slam","Iron Wave","Run Through"],"picked":"SKIP","floor":12},{"not_picked":["Clothesline","Clash","Abandon"],"picked":"SKIP","floor":14},{"not_picked":["Exhume","Bludgeon"],"picked":"Offering","floor":16},{"not_picked":["ReplayTheSpireMod:Strike From Hell","Headbutt+1","Combust+1"],"picked":"SKIP","floor":18},{"not_picked":["Run Through","Reckless Charge"],"picked":"Second Wind","floor":20},{"not_picked":["Feed","Life Link+1","ReplayReversal+1"],"picked":"SKIP","floor":24},{"not_picked":["Rampage","Bloodletting","Thunderclap"],"picked":"SKIP","floor":27},{"not_picked":["Havoc","Headbutt","Abandon"],"picked":"SKIP","floor":28},{"not_picked":["Thunderclap","Dropkick","Replay:Undeath\u0027s Touch+1"],"picked":"SKIP","floor":31}],"player_experience":2140361,"relics_obtained":[{"floor":2,"key":"Pet Ghost"},{"floor":7,"key":"Bottled Lightning"},{"floor":9,"key":"Replay:Accelerometer"},{"floor":11,"key":"Meat on the Bone"},{"floor":14,"key":"Frozen Egg 2"},{"floor":24,"key":"Pear"},{"floor":27,"key":"Ancient Tea Set"},{"floor":31,"key":"Blood Vial"}],"event_choices":[{"cards_removed":["Strike_R"],"damage_healed":0,"gold_gain":0,"player_choice":"Card Removal","damage_taken":7,"max_hp_gain":0,"max_hp_loss":0,"event_name":"Golden Wing","floor":5,"gold_loss":0},{"damage_healed":0,"gold_gain":0,"player_choice":"Donut","damage_taken":0,"max_hp_gain":5,"max_hp_loss":0,"event_name":"Big Fish","floor":13,"gold_loss":0},{"damage_healed":0,"gold_gain":0,"player_choice":"Shed Blood","damage_taken":28,"max_hp_gain":5,"max_hp_loss":0,"event_name":"Forgotten Altar","floor":22,"gold_loss":0},{"damage_healed":0,"gold_gain":0,"player_choice":"Simplicity","damage_taken":0,"max_hp_gain":0,"max_hp_loss":0,"event_name":"Back to Basics","floor":30,"gold_loss":0,"cards_upgraded":["Strike_R","Strike_R","Strike_R","Strike_R","Defend_R","Defend_R","Defend_R","Defend_R"]},{"cards_removed":["Strike_R"],"damage_healed":0,"gold_gain":0,"player_choice":"Gave Gold","damage_taken":0,"max_hp_gain":0,"max_hp_loss":0,"event_name":"Beggar","floor":32,"gold_loss":75}],"is_beta":false,"boss_relics":[{"not_picked":["Pandora\u0027s Box","Runic Dome"],"picked":"Dota2Spire:Bloodstone"}],"items_purged_floors":[],"is_endless":false,"potions_floor_spawned":[1,7,11,14,20,27,28],"killed_by":"Pondfish","ascension_level":20}}