{"host":"nozk9xg7ssf2drdi","time":1609298168,"event":{"mods":["BaseMod","Colored Map","Minty Spire (QoL Compilation)","Relic Stats","Slay the Relics Exporter","StSLib","everything is the same but u backflip on backflip"],"gold_per_floor":[113,128,128,148,148,148,174,174,174,14,30,44,70,83,83,160,160,178,178,178,178,188,188,188],"floor_reached":23,"playtime":4055,"items_purged":[],"score":402,"play_id":"5cc6135c-5c9a-4b7e-9727-8b2c92ebad84","local_time":"20201229211608","is_ascension_mode":true,"campfire_choices":[{"data":"Consume","floor":6,"key":"SMITH"},{"data":"Multi-Cast","floor":8,"key":"SMITH"},{"data":"Conserve Battery","floor":15,"key":"SMITH"}],"circlet_count":0,"master_deck":["AscendersBane","Strike_B","Strike_B","Strike_B","Strike_B","Defend_B","Defend_B","Defend_B","Zap","Dualcast","Multi-Cast+1","Consume+1","Steam","Cold Snap","Genetic Algorithm","Conserve Battery+1","Machine Learning","Rebound","Capacitor","Darkness","Heatsinks","Creative AI","Double Energy","Storm","Rebound+1"],"relics":["Cracked Core","Mummified Hand","Omamori","Lee\u0027s Waffle","Darkstone Periapt","Runic Pyramid","Gremlin Horn"],"acts_visited":["Exordium","TheCity"],"potions_floor_usage":[13,22,22],"damage_taken":[{"damage":1,"enemies":"2 Louse","floor":1,"turns":3},{"damage":1,"enemies":"Cultist","floor":2,"turns":4},{"damage":10,"enemies":"Small Slimes","floor":4,"turns":3},{"damage":3,"enemies":"Lagavulin","floor":7,"turns":7},{"damage":4,"enemies":"Looter","floor":11,"turns":4},{"damage":2,"enemies":"3 Louse","floor":12,"turns":6},{"damage":6,"enemies":"Gremlin Nob","floor":13,"turns":3},{"damage":3,"enemies":"2 Fungi Beasts","floor":14,"turns":3},{"damage":13,"enemies":"Slime Boss","floor":16,"turns":6},{"damage":14,"enemies":"Spheric Guardian","floor":18,"turns":4},{"damage":11,"enemies":"3 Byrds","floor":22,"turns":3},{"damage":51,"enemies":"Book of Stabbing","floor":23,"turns":4}],"seed_played":"-7063826082453146873","potions_obtained":[{"floor":7,"key":"Explosive Potion"},{"floor":12,"key":"Fire Potion"},{"floor":13,"key":"LiquidBronze"},{"floor":14,"key":"AttackPotion"},{"floor":22,"key":"SteroidPotion"}],"is_trial":false,"path_per_floor":["M","M","?","M","?","R","E","R","T","$","M","M","E","M","R","B",null,"M","?","?","?","M","E"],"character_chosen":"DEFECT","items_purchased":["Lee\u0027s Waffle"],"campfire_rested":0,"item_purchase_floors":[10],"current_hp_per_floor":[45,44,37,27,27,27,24,24,24,78,74,72,66,63,63,50,71,57,57,57,57,46,0,0],"gold":188,"neow_bonus":"THREE_RARE_CARDS","is_daily":false,"chose_seed":false,"campfire_upgraded":3,"win_rate":0.0,"timestamp":1609298168,"path_taken":["M","M","?","M","?","R","E","R","T","$","M","M","E","M","R","BOSS","M","?","?","?","M","E"],"items_purchased_type":["Relic"],"build_version":"2020-12-22","purchased_purges":0,"victory":false,"max_hp_per_floor":[71,71,71,71,71,71,71,71,71,78,78,78,78,78,78,78,78,78,78,78,78,78,78,78],"relic_stats":{"Darkstone Periapt":0,"Lee\u0027s Waffle":54,"Gremlin Horn":[1,1],"counters":[12,50],"Mummified Hand":[22],"obtain_stats":[{"Darkstone Periapt":13,"Lee\u0027s Waffle":10,"Gremlin Horn":21,"Mummified Hand":7,"Omamori":9,"Cracked Core":0,"Runic Pyramid":17},{"Darkstone Periapt":7,"Lee\u0027s Waffle":4,"Gremlin Horn":10,"Mummified Hand":4,"Omamori":4,"Cracked Core":0,"Runic Pyramid":9},{"Darkstone Periapt":30,"Lee\u0027s Waffle":17,"Gremlin Horn":43,"Mummified Hand":17,"Omamori":17,"Cracked Core":0,"Runic Pyramid":39}]},"card_choices":[{"not_picked":["Machine Learning","Thunder Strike"],"picked":"Multi-Cast","floor":0},{"not_picked":["Rebound","Go for the Eyes"],"picked":"Consume","floor":1},{"not_picked":["Compile Driver","Redo"],"picked":"Steam","floor":2},{"not_picked":["Steam","Rebound"],"picked":"Cold Snap","floor":4},{"not_picked":["Coolheaded","Reprogram"],"picked":"Machine Learning","floor":7},{"not_picked":["Steam","Fusion"],"picked":"Rebound","floor":11},{"not_picked":["Cold Snap","Beam Cell"],"picked":"Capacitor","floor":12},{"not_picked":["Tempest","Sweeping Beam"],"picked":"Darkness","floor":13},{"not_picked":["Genetic Algorithm","Sunder"],"picked":"Heatsinks","floor":14},{"not_picked":["Seek","Core Surge"],"picked":"Creative AI","floor":16},{"not_picked":["Compile Driver","Coolheaded"],"picked":"Double Energy","floor":18},{"not_picked":["Hello World","Scrape"],"picked":"Rebound+1","floor":22}],"player_experience":5943322,"relics_obtained":[{"floor":7,"key":"Mummified Hand"},{"floor":9,"key":"Omamori"},{"floor":13,"key":"Darkstone Periapt"}],"event_choices":[{"cards_removed":["Defend_B"],"damage_healed":0,"gold_gain":0,"player_choice":"Card Removal","damage_taken":7,"max_hp_gain":0,"max_hp_loss":0,"event_name":"Golden Wing","floor":3,"gold_loss":0},{"damage_healed":0,"gold_gain":0,"player_choice":"2 cards matched","damage_taken":0,"max_hp_gain":0,"max_hp_loss":0,"event_name":"Match and Keep!","floor":5,"gold_loss":0,"cards_obtained":["Genetic Algorithm","Conserve Battery"]},{"damage_healed":0,"gold_gain":0,"player_choice":"Smashed Altar","damage_taken":0,"max_hp_gain":0,"max_hp_loss":0,"event_name":"Forgotten Altar","floor":19,"gold_loss":0,"cards_obtained":["Decay"]},{"damage_healed":0,"gold_gain":0,"player_choice":"Read","damage_taken":0,"max_hp_gain":0,"max_hp_loss":0,"event_name":"The Library","floor":20,"gold_loss":0,"cards_obtained":["Storm"]},{"damage_healed":0,"gold_gain":0,"player_choice":"Opened","damage_taken":0,"relics_obtained":["Gremlin Horn"],"max_hp_gain":0,"max_hp_loss":0,"event_name":"The Mausoleum","floor":21,"gold_loss":0,"cards_obtained":["Writhe"]}],"is_beta":false,"boss_relics":[{"not_picked":["SlaversCollar","Tiny House"],"picked":"Runic Pyramid"}],"items_purged_floors":[],"is_endless":false,"potions_floor_spawned":[7,12,13,14,16,22],"killed_by":"Book of Stabbing","ascension_level":20}}