{"host":"gzsdmyo07u314vug","time":1609293497,"event":{"mods":["2.2 Compatiblity","BaseMod","Downfall","GifTheSpireLib","Minty Spire (QoL Compilation)","Quick Restart","Rare Cards Sparkle","Relic Stats","Replay The Spire","Shop Mod","StSLib","The Bug Knight","The Construct","The Elementalist","The Servant 0.9.4","Unceasing Turn Reminder","everything is the same but u backflip on backflip","slay the spire mod where everything is the same but ironclad has a cowboy hat","vexMod"],"gold_per_floor":[114,130,55,69,80,80,80,80],"floor_reached":7,"playtime":349,"items_purged":[],"score":86,"play_id":"07c78f6e-72b3-44b6-89c8-79e75ea1e38e","local_time":"20201229225817","is_ascension_mode":true,"campfire_choices":[{"data":"Prepared","floor":6,"key":"SMITH"}],"circlet_count":0,"master_deck":["AscendersBane","Strike_G","Strike_G","Strike_G","Strike_G","Defend_G","Defend_G","Defend_G","Defend_G","Defend_G","Survivor","Neutralize+1","Deadly Poison","Flechettes","ReplayTheSpireMod:Scrap Shanks","Prepared+1"],"relics":["Ring of the Snake"],"acts_visited":["Exordium"],"potions_floor_usage":[4,5],"damage_taken":[{"damage":3,"enemies":"Cultist","floor":1,"turns":4},{"damage":12,"enemies":"Jaw Worm","floor":2,"turns":4},{"damage":7,"enemies":"Small Slimes","floor":4,"turns":3},{"damage":2,"enemies":"Gremlin Gang","floor":5,"turns":4},{"damage":36,"enemies":"Lagavulin","floor":7,"turns":5}],"seed_played":"-2719087900639911993","potions_obtained":[{"floor":2,"key":"Poison Potion"},{"floor":4,"key":"AttackPotion"}],"is_trial":false,"path_per_floor":["M","M","?","M","M","R","E"],"character_chosen":"THE_SILENT","items_purchased":[],"campfire_rested":0,"item_purchase_floors":[],"current_hp_per_floor":[56,44,44,37,35,35,0,0],"gold":80,"neow_bonus":"UPGRADE_CARD","is_daily":false,"chose_seed":false,"campfire_upgraded":1,"win_rate":0.0,"timestamp":1609293497,"path_taken":["M","?","?","M","M","R","E"],"items_purchased_type":[],"build_version":"2020-12-22","purchased_purges":0,"victory":false,"max_hp_per_floor":[66,66,66,66,66,66,66,66],"relic_stats":{"counters":[5,20],"obtain_stats":[{"Ring of the Snake":0},{"Ring of the Snake":0},{"Ring of the Snake":0}],"Ring of the Snake":[10]},"card_choices":[{"not_picked":["Fluid Movement","Outmaneuver"],"picked":"Deadly Poison","floor":1},{"not_picked":["Outmaneuver","Acrobatics"],"picked":"Flechettes","floor":2},{"not_picked":["Bane","Dagger Spray"],"picked":"ReplayTheSpireMod:Scrap Shanks","floor":4},{"not_picked":["Expertise","Outmaneuver"],"picked":"Prepared","floor":5}],"player_experience":598415,"relics_obtained":[],"event_choices":[{"cards_removed":["Strike_G"],"damage_healed":0,"gold_gain":0,"player_choice":"Card Removal","damage_taken":0,"max_hp_gain":0,"max_hp_loss":0,"event_name":"The Cleric","floor":3,"gold_loss":75}],"is_beta":false,"boss_relics":[],"items_purged_floors":[],"is_endless":false,"potions_floor_spawned":[2,4],"killed_by":"Lagavulin","ascension_level":20}}