{"host":"16je3t89sok2dgub","time":1609309964,"event":{"mods":["BaseMod","Better Altar","Better Match","Better Sensory Stone","Better Skull","Better Third Choice","Colored Map","Downfall","Hermit","Minty Spire (QoL Compilation)","Permanent Neow","Relic Stats","StSLib","The Mystic","The Poker Player","Trackpad"],"gold_per_floor":[99,99,99,199,124,157,157,93,120,135,150,173,173,183,203,305,305,155,165,165,250,270,282,309,11,11,11,11,11,11,11,24,128,128,128,148,148,262,362,376,403,214,225,252,177,210,210,555,571,571,571,571],"floor_reached":50,"playtime":2194,"items_purged":["PokerPlayerMod:Diamond1","PokerPlayerMod:Spade1","PokerPlayerMod:Diamond2","PokerPlayerMod:Club2"],"score":632,"play_id":"0f4cb078-2380-491e-a070-9a35623ae9b2","local_time":"20201230003244","is_ascension_mode":true,"metric_token":1042,"campfire_choices":[{"data":"PokerPlayerMod:Mulligan","floor":1.0,"key":"SMITH"},{"data":"PokerPlayerMod:ItsShowtime","floor":18.0,"key":"SMITH"},{"data":"PokerPlayerMod:Club3","floor":26.0,"key":"SMITH"},{"data":"PokerPlayerMod:Diamond3","floor":28.0,"key":"SMITH"},{"data":"PokerPlayerMod:Spade3","floor":30.0,"key":"SMITH"},{"floor":35.0,"key":"RECALL"},{"floor":45.0,"key":"REST"},{"data":"PokerPlayerMod:TheDieIsCast","floor":47.0,"key":"SMITH"}],"circlet_count":0,"master_deck":["PokerPlayerMod:Diamond4","PokerPlayerMod:Diamond4","PokerPlayerMod:Diamond5","PokerPlayerMod:Spade4","PokerPlayerMod:Spade4","PokerPlayerMod:Heart2","PokerPlayerMod:TrumpStrike","PokerPlayerMod:BadJoker+1","PokerPlayerMod:Mulligan+1","PokerPlayerMod:DartThrow","PokerPlayerMod:Trickery","PokerPlayerMod:Heart4","PokerPlayerMod:Diamond4","PokerPlayerMod:CloakAndDiamond+1","PokerPlayerMod:Diamond10+","PokerPlayerMod:TheDieIsCast+1","PokerPlayerMod:ClubShade","PokerPlayerMod:Diamond4","PokerPlayerMod:ItsShowtime+1","PokerPlayerMod:Heart4","PokerPlayerMod:Club4","PokerPlayerMod:Sharpen","Bandage Up","PokerPlayerMod:Diamond10+","PokerPlayerMod:Club4","PokerPlayerMod:ClubShade"],"relics":["PokerPlayerMod:DeckCase","downfall:HeartsMalice","Pantograph","Ornamental Fan","War Paint","Odd Mushroom","trackpad:StolenKidneys","downfall:HeartBlessingGreen","downfall:HeartBlessingBlue","trackpad:Mousetrap","Medical Kit","Empty Cage","HornCleat","Membership Card","PreservedInsect","trackpad:Compendium","trackpad:SappingStone","downfall:HeartBlessingRed","Blood Vial","Old Coin"],"acts_visited":["Exordium","TheCity","TheBeyond"],"potions_floor_usage":[50,50],"damage_taken":[{"damage":0.0,"enemies":"Cultist","floor":2.0,"turns":1.0},{"damage":0.0,"enemies":"downfall:FleeingMerchant","floor":5.0,"turns":1.0},{"damage":0.0,"enemies":"3 Sentries","floor":6.0,"turns":1.0},{"damage":0.0,"enemies":"downfall:FleeingMerchant","floor":8.0,"turns":4.0},{"damage":15.0,"enemies":"Gremlin Nob","floor":9.0,"turns":4.0},{"damage":0.0,"enemies":"Small Slimes","floor":10.0,"turns":2.0},{"damage":0.0,"enemies":"Jaw Worm","floor":11.0,"turns":2.0},{"damage":15.0,"enemies":"The Mushroom Lair","floor":12.0,"turns":3.0},{"damage":0.0,"enemies":"2 Fungi Beasts","floor":14.0,"turns":2.0},{"damage":0.0,"enemies":"Exordium Wildlife","floor":15.0,"turns":1.0},{"damage":19.0,"enemies":"downfall:Ironclad","floor":16.0,"turns":8.0},{"damage":4.0,"enemies":"Chosen","floor":19.0,"turns":3.0},{"damage":0.0,"enemies":"Spheric Guardian","floor":22.0,"turns":2.0},{"damage":38.0,"enemies":"Snake Plant","floor":23.0,"turns":3.0},{"damage":0.0,"enemies":"downfall:FleeingMerchant","floor":25.0,"turns":4.0},{"damage":0.0,"enemies":"3 Cultists","floor":32.0,"turns":2.0},{"damage":8.0,"enemies":"downfall:Defect","floor":33.0,"turns":7.0},{"damage":0.0,"enemies":"3 Darklings","floor":36.0,"turns":3.0},{"damage":0.0,"enemies":"downfall:FleeingMerchant","floor":38.0,"turns":3.0},{"damage":0.0,"enemies":"Orb Walker","floor":40.0,"turns":1.0},{"damage":7.0,"enemies":"Jaw Worm Horde","floor":43.0,"turns":2.0},{"damage":42.0,"enemies":"Giant Head","floor":44.0,"turns":8.0},{"damage":3.0,"enemies":"Reptomancer","floor":46.0,"turns":4.0},{"damage":0.0,"enemies":"2 Orb Walkers","floor":48.0,"turns":3.0},{"damage":0.0,"enemies":"4 Shapes","floor":49.0,"turns":3.0},{"damage":109,"enemies":"downfall:Silent","floor":50,"turns":14}],"seed_played":"5219569657543416356","potions_obtained":[{"floor":6.0,"key":"Regen Potion"},{"floor":9.0,"key":"Block Potion"},{"floor":16.0,"key":"Dexterity Potion"},{"floor":36.0,"key":"FairyPotion"}],"is_trial":false,"path_per_floor":["R","M","T","?","$","E","T","$","E","M","M","?","?","M","M","B",null,"R","M","?","?","M","M","T","$","R","?","R","?","R","?","M","B",null,"R","M","?","$","?","M","T","$","M","E","R","E","R","?","M","B"],"character_chosen":"THE_POKER_PLAYER","items_purchased":["PokerPlayerMod:CloakAndDiamond","Medical Kit","PokerPlayerMod:Sharpen","Membership Card","trackpad:Compendium","PokerPlayerMod:ClubShade"],"campfire_rested":1,"item_purchase_floors":[8,25,25,38,42,42],"current_hp_per_floor":[52,52,52,52,52,52,52,52,40,40,42,32,32,42,52,41,52,62,62,62,54,62,36,36,55,55,55,55,55,55,55,62,58,62,62,62,62,62,62,62,62,62,62,34,52,62,62,62,62,0,0,0],"gold":571,"neow_bonus":"THREE_ENEMY_KILL","is_daily":false,"chose_seed":false,"campfire_upgraded":6,"win_rate":0.0,"timestamp":1609309964,"path_taken":["R","M","?","?","?","E","T","$","E","M","M","?","?","M","M","BOSS","R","M","?","?","M","M","T","$","R","?","R","?","R","?","M","BOSS","R","M","?","$","?","?","T","$","M","E","R","E","R","?","M","BOSS"],"items_purchased_type":["Card","Relic","Card","Relic","Relic","Card"],"build_version":"2020-12-22","purchased_purges":4,"victory":false,"max_hp_per_floor":[52,52,52,52,52,52,52,52,52,52,52,52,52,52,52,52,52,62,62,62,62,62,62,62,62,62,62,62,62,62,62,62,62,62,62,62,62,62,62,62,62,62,62,62,62,62,62,62,62,62,62,62],"relic_stats":{"Blood Vial":0,"counters":[26,88],"Ornamental Fan":[4],"Pantograph":0,"PreservedInsect":185,"War Paint":["PokerPlayerMod:BadJoker","PokerPlayerMod:CloakAndDiamond"],"Medical Kit":[0],"obtain_stats":[{"trackpad:Mousetrap":24,"downfall:HeartBlessingRed":45,"trackpad:SappingStone":44,"downfall:HeartsMalice":0,"downfall:HeartBlessingGreen":18,"PreservedInsect":41,"War Paint":9,"Odd Mushroom":12,"Medical Kit":25,"Empty Cage":34,"Old Coin":48,"Blood Vial":46,"PokerPlayerMod:DeckCase":0,"HornCleat":37,"Ornamental Fan":6,"downfall:HeartBlessingBlue":18,"Pantograph":3,"trackpad:StolenKidneys":17,"trackpad:Compendium":42,"Membership Card":38},{"trackpad:Mousetrap":14,"downfall:HeartBlessingRed":22,"trackpad:SappingStone":22,"downfall:HeartsMalice":0,"downfall:HeartBlessingGreen":11,"PreservedInsect":20,"War Paint":5,"Odd Mushroom":8,"Medical Kit":15,"Empty Cage":17,"Old Coin":24,"Blood Vial":23,"PokerPlayerMod:DeckCase":0,"HornCleat":18,"Ornamental Fan":3,"downfall:HeartBlessingBlue":11,"Pantograph":1,"trackpad:StolenKidneys":11,"trackpad:Compendium":20,"Membership Card":19},{"trackpad:Mousetrap":34,"downfall:HeartBlessingRed":64,"trackpad:SappingStone":64,"downfall:HeartsMalice":0,"downfall:HeartBlessingGreen":26,"PreservedInsect":54,"War Paint":8,"Odd Mushroom":15,"Medical Kit":38,"Empty Cage":47,"Old Coin":71,"Blood Vial":68,"PokerPlayerMod:DeckCase":0,"HornCleat":50,"Ornamental Fan":0,"downfall:HeartBlessingBlue":26,"Pantograph":0,"trackpad:StolenKidneys":26,"trackpad:Compendium":54,"Membership Card":53}]},"card_choices":[{"not_picked":["PokerPlayerMod:Spade4","PokerPlayerMod:Spade5"],"picked":"PokerPlayerMod:DartThrow","floor":2.0},{"not_picked":["PokerPlayerMod:Diamond6","PokerPlayerMod:Fold"],"picked":"PokerPlayerMod:Trickery","floor":5.0},{"not_picked":["PokerPlayerMod:Diamond3","PokerPlayerMod:CardBurn"],"picked":"PokerPlayerMod:Heart4","floor":6.0},{"not_picked":["PokerPlayerMod:Configure","PokerPlayerMod:Heart1"],"picked":"PokerPlayerMod:Diamond4","floor":8.0},{"not_picked":["PokerPlayerMod:Diamond1","PokerPlayerMod:DartThrow"],"picked":"PokerPlayerMod:Diamond10+","floor":9.0},{"not_picked":["PokerPlayerMod:Diamond1","PokerPlayerMod:Diamond2"],"picked":"PokerPlayerMod:TheDieIsCast","floor":10.0},{"not_picked":["PokerPlayerMod:Club1","PokerPlayerMod:Overdeal","PokerPlayerMod:Fold"],"picked":"SKIP","floor":11.0},{"not_picked":["PokerPlayerMod:SecondChance","PokerPlayerMod:Spade3"],"picked":"PokerPlayerMod:ClubShade","floor":12.0},{"not_picked":["PokerPlayerMod:Configure","PokerPlayerMod:Extraction","PokerPlayerMod:Club1"],"picked":"SKIP","floor":14.0},{"not_picked":["PokerPlayerMod:Diamond3","PokerPlayerMod:Club2"],"picked":"PokerPlayerMod:Diamond4","floor":15.0},{"not_picked":["PokerPlayerMod:VarietyAttack","PokerPlayerMod:RoyalStrike"],"picked":"PokerPlayerMod:ItsShowtime","floor":16.0},{"not_picked":["PokerPlayerMod:Diamond1","PokerPlayerMod:Diamond5"],"picked":"PokerPlayerMod:Heart4","floor":19.0},{"not_picked":["PokerPlayerMod:ClubsClub","PokerPlayerMod:Heart7"],"picked":"PokerPlayerMod:Club3","floor":22.0},{"not_picked":["PokerPlayerMod:ClubsClub","PokerPlayerMod:Diamond4","PokerPlayerMod:Spade1"],"picked":"SKIP","floor":23.0},{"not_picked":["PokerPlayerMod:CardBurn","PokerPlayerMod:ClubsClub+1","PokerPlayerMod:Diamond1"],"picked":"SKIP","floor":25.0},{"not_picked":["expansioncontent:QuickStudy","expansioncontent:DefensiveMode"],"picked":"Bandage Up","floor":31.0},{"not_picked":["PokerPlayerMod:CardPrinter","PokerPlayerMod:CardBurn","PokerPlayerMod:Manipulation"],"picked":"SKIP","floor":32.0},{"not_picked":["PokerPlayerMod:VarietyAttack","PokerPlayerMod:Diamond9"],"picked":"PokerPlayerMod:Diamond10+","floor":33.0},{"not_picked":["PokerPlayerMod:Spade3","PokerPlayerMod:Spade4","PokerPlayerMod:Diamond3"],"picked":"SKIP","floor":36.0},{"not_picked":["PokerPlayerMod:SecondChance","PokerPlayerMod:Spade4","PokerPlayerMod:HeartStrike+1"],"picked":"SKIP","floor":38.0},{"not_picked":["PokerPlayerMod:MagicTrick","PokerPlayerMod:Club1"],"picked":"PokerPlayerMod:Club4","floor":40.0},{"not_picked":["PokerPlayerMod:Diamond5","PokerPlayerMod:Manipulation","PokerPlayerMod:FillThePot+1"],"picked":"SKIP","floor":43.0},{"not_picked":["PokerPlayerMod:Spade6","PokerPlayerMod:Heart6","PokerPlayerMod:FlyingCard+1"],"picked":"SKIP","floor":44.0},{"not_picked":["PokerPlayerMod:DiamondStrike+1","PokerPlayerMod:FakeSymbols","PokerPlayerMod:Spade4"],"picked":"SKIP","floor":46.0},{"not_picked":["PokerPlayerMod:Diamond4","PokerPlayerMod:DartThrow+1","PokerPlayerMod:CloakAndDiamond"],"picked":"SKIP","floor":49.0}],"player_experience":383719,"relics_obtained":[{"floor":3.0,"key":"Pantograph"},{"floor":6.0,"key":"Ornamental Fan"},{"floor":9.0,"key":"War Paint"},{"floor":12.0,"key":"Odd Mushroom"},{"floor":24.0,"key":"trackpad:Mousetrap"},{"floor":37.0,"key":"HornCleat"},{"floor":41.0,"key":"PreservedInsect"},{"floor":44.0,"key":"trackpad:SappingStone"},{"floor":46.0,"key":"Blood Vial"},{"floor":48.0,"key":"Old Coin"}],"event_choices":[{"damage_healed":0.0,"max_hp_gain":0.0,"max_hp_loss":0.0,"gold_gain":0.0,"event_name":"Mushrooms","player_choice":"Fought Mushrooms","floor":12.0,"gold_loss":0.0,"damage_taken":0.0},{"damage_healed":0.0,"max_hp_gain":0.0,"max_hp_loss":0.0,"gold_gain":0.0,"event_name":"Ghosts","player_choice":"Ignored","floor":27.0,"gold_loss":0.0,"damage_taken":0.0},{"damage_healed":0.0,"max_hp_gain":0.0,"max_hp_loss":0.0,"gold_gain":2.0,"event_name":"betterStone:BetterStone","player_choice":"1","floor":31.0,"gold_loss":0.0,"damage_taken":0.0},{"damage_healed":0.0,"max_hp_gain":0.0,"max_hp_loss":0.0,"gold_gain":0.0,"event_name":"Mysterious Sphere","player_choice":"Fight","floor":48.0,"gold_loss":0.0,"damage_taken":0.0}],"is_beta":false,"boss_relics":[{"not_picked":["Astrolabe","Philosopher\u0027s Stone"],"picked":"trackpad:StolenKidneys"},{"not_picked":["SacredBark","Velvet Choker"],"picked":"Empty Cage"}],"items_purged_floors":[5,25,38,42],"is_endless":false,"potions_floor_spawned":[6,9,16,19,33,36,40,43,44,49],"killed_by":"downfall:Silent","ascension_level":2}}