{"host":"uikxj58mzlixykyi","time":1609335729,"event":{"mods":["AchievementEnabler","BaseMod","BetterRewards","Colored Map","Colored Powertips","Downfall","Highlight Path","Minty Spire (QoL Compilation)","Rare Cards Sparkle","Replay The Spire","Shop Mod","StSLib"],"gold_per_floor":[99,119,136,154,172,172,172,122,122,183,193,203,102,102,118,118,118,118],"floor_reached":16,"playtime":687,"items_purged":["ReplayTheSpireMod:Splinters"],"score":103,"play_id":"a9983d8e-48df-4335-a34a-b4738538a2a3","local_time":"20201230154209","is_ascension_mode":true,"campfire_choices":[{"data":"Slimebound:CorrosiveSpit","floor":1,"key":"SMITH"},{"data":"Slimebound:SlimeBarrage","floor":8,"key":"SMITH"}],"circlet_count":0,"master_deck":["Slimebound:Strike_Slimebound","Slimebound:Strike_Slimebound","Slimebound:Strike_Slimebound","Slimebound:Tackle","Slimebound:Defend_Slimebound","Slimebound:Defend_Slimebound","Slimebound:Defend_Slimebound","Slimebound:Split","Slimebound:CorrosiveSpit+1","Slimebound:SamplingLick","Slimebound:SlimeTap","Slimebound:SlimeBarrage+1","Slimebound:SlimeSpikes+1","Slimebound:SlimeTap","Slimebound:DivideAndConquer","Slimebound:RejuvenatingLick"],"relics":["Slimebound:AbsorbEndCombat","Smiling Mask","Slimebound:GreedOozeRelic","Mirror","ReplayTheSpireMod:Shallot","downfall:BrokenWingStatue"],"acts_visited":["Exordium"],"potions_floor_usage":[5],"damage_taken":[{"damage":5,"enemies":"Cultist","floor":2,"turns":3},{"damage":4,"enemies":"Small Slimes","floor":3,"turns":3},{"damage":10,"enemies":"Jaw Worm","floor":4,"turns":3},{"damage":13,"enemies":"Gremlin Gang","floor":5,"turns":7},{"damage":4,"enemies":"Exordium Thugs","floor":11,"turns":3},{"damage":5,"enemies":"Blue Slaver","floor":12,"turns":2},{"damage":4,"enemies":"downfall:FleeingMerchant","floor":13,"turns":4},{"damage":4,"enemies":"Red Slaver","floor":15,"turns":2},{"damage":74,"enemies":"downfall:Defect","floor":16,"turns":6}],"seed_played":"-214953443951043188","potions_obtained":[{"floor":3,"key":"Weak Potion"},{"floor":5,"key":"Fruit Juice"},{"floor":10,"key":"EntropicBrew"},{"floor":15,"key":"Milkshake"}],"is_trial":false,"path_per_floor":["R","M","M","M","M","?","T","R","?","?","M","M","$","?","M","B"],"character_chosen":"SLIMEBOUND","items_purchased":["Slimebound:RejuvenatingLick"],"campfire_rested":0,"item_purchase_floors":[13],"current_hp_per_floor":[60,60,60,60,65,65,65,65,65,65,65,65,65,65,65,0,0,0],"gold":118,"neow_bonus":"RANDOM_COMMON_RELIC","is_daily":false,"chose_seed":false,"campfire_upgraded":2,"win_rate":0.0,"timestamp":1609335729,"path_taken":["R","M","M","?","M","?","T","R","?","?","M","M","$","?","M","BOSS"],"items_purchased_type":["Card"],"build_version":"2020-12-22","purchased_purges":1,"victory":false,"max_hp_per_floor":[60,60,60,60,65,65,65,65,65,65,65,65,65,65,65,65,65,65],"card_choices":[{"not_picked":["Slimebound:Schlurp","Slimebound:ComboTackle"],"picked":"Slimebound:SamplingLick","floor":2},{"not_picked":["Slimebound:AcidTongue","Slimebound:SplitLeeching"],"picked":"Slimebound:SlimeTap","floor":3},{"not_picked":["Slimebound:FinishingTackle","Slimebound:SplitLeeching"],"picked":"Slimebound:SlimeBarrage","floor":4},{"not_picked":["Slimebound:LeechingTouch","Slimebound:ComboTackle","Slimebound:FinishingTackle"],"picked":"SKIP","floor":5},{"not_picked":["Slimebound:ViciousTackle","Slimebound:FirmFortitude"],"picked":"Slimebound:SlimeTap","floor":10},{"not_picked":["Slimebound:SplitLeeching","Slimebound:GrowthPunch","Slimebound:FinishingTackle"],"picked":"SKIP","floor":11},{"not_picked":["Slimebound:Schlurp","Slimebound:SplitMire","Slimebound:DivideAndConquer"],"picked":"SKIP","floor":12},{"not_picked":["Slimebound:ProtectTheBoss","Slimebound:CheckThePlaybook"],"picked":"Slimebound:DivideAndConquer","floor":13},{"not_picked":["Slimebound:Grow","Slimebound:SlimeSpikes","Slimebound:SplitLeeching"],"picked":"SKIP","floor":15}],"player_experience":69694,"relics_obtained":[{"floor":7,"key":"Mirror"},{"floor":10,"key":"ReplayTheSpireMod:Shallot"}],"event_choices":[],"is_beta":false,"boss_relics":[],"items_purged_floors":[13],"is_endless":false,"potions_floor_spawned":[3,5,15],"killed_by":"downfall:Defect","ascension_level":2}}