{"host":"49c2zf0lajbcs427","time":1609359803,"event":{"mods":["AchievementEnabler","BaseMod","Colored Map","Colored Powertips","Highlight Path","Key Reminder","Minty Spire (QoL Compilation)","Relic Stats","StSLib"],"gold_per_floor":[111,123,223,148,148,148,180,180,180,180,206,206,224,255,255,358,358,371,286,286,117,129,156,166,185,185,185,214,214,214,314,314,417,417,432,432,432,451,302,330,330,342,342,342,361,388,388,401,401,401,401,401,58,91,91],"floor_reached":56,"playtime":4026,"items_purged":["Defend_R","Defend_R"],"score":1789,"play_id":"9befabaf-662e-4466-8f84-5f2dc6240442","local_time":"20201231092323","is_ascension_mode":true,"campfire_choices":[{"data":"Cleave","floor":6,"key":"SMITH"},{"data":"Flame Barrier","floor":8,"key":"SMITH"},{"data":"Rage","floor":12,"key":"SMITH"},{"data":"Rage","floor":15,"key":"SMITH"},{"floor":27,"key":"RECALL"},{"floor":29,"key":"REST"},{"floor":32,"key":"REST"},{"floor":41,"key":"REST"},{"floor":49,"key":"REST"},{"floor":52,"key":"REST"}],"circlet_count":0,"master_deck":["AscendersBane","Strike_R","Strike_R","Strike_R+1","Strike_R+1","Bash+1","Cleave+1","Flame Barrier+1","Strike_P+1","Rage+1","Rage+1","Barricade","Disarm+1","Body Slam","Shrug It Off","Shrug It Off+1","Inflame","Heavy Blade+1","Flame Barrier","Reaper","Shrug It Off","Finesse","Secret Technique","Body Slam+1","Armaments","Warcry+1","Body Slam","Forethought","Armaments+1","Sword Boomerang+1"],"relics":["Runic Dome","Whetstone","Gremlin Horn","Mercury Hourglass","MealTicket","Fusion Hammer","Juzu Bracelet","Happy Flower","Torii","InkBottle","Enchiridion","Mango","Shuriken","Runic Pyramid","Nunchaku","Calipers","StrikeDummy","Ginger","Du-Vu Doll"],"acts_visited":["Exordium","TheCity","TheBeyond","TheEnding"],"potions_floor_usage":[7,7,16,54,54,55,55],"damage_taken":[{"damage":12,"enemies":"Jaw Worm","floor":1,"turns":2},{"damage":1,"enemies":"Cultist","floor":2,"turns":3},{"damage":0,"enemies":"Gremlin Nob","floor":7,"turns":2},{"damage":20,"enemies":"Lagavulin","floor":11,"turns":6},{"damage":0,"enemies":"2 Louse","floor":13,"turns":1},{"damage":6,"enemies":"Gremlin Nob","floor":14,"turns":4},{"damage":11,"enemies":"Slime Boss","floor":16,"turns":10},{"damage":9,"enemies":"Shell Parasite","floor":18,"turns":6},{"damage":5,"enemies":"3 Byrds","floor":22,"turns":3},{"damage":0,"enemies":"Gremlin Leader","floor":23,"turns":6},{"damage":0,"enemies":"3 Cultists","floor":24,"turns":4},{"damage":2,"enemies":"Snecko","floor":25,"turns":5},{"damage":12,"enemies":"Slavers","floor":28,"turns":4},{"damage":0,"enemies":"Colosseum Slavers","floor":31,"turns":3},{"damage":2,"enemies":"Colosseum Nobs","floor":31,"turns":4},{"damage":10,"enemies":"Champ","floor":33,"turns":8},{"damage":15,"enemies":"3 Shapes","floor":35,"turns":4},{"damage":1,"enemies":"3 Darklings","floor":38,"turns":3},{"damage":18,"enemies":"Nemesis","floor":40,"turns":5},{"damage":4,"enemies":"4 Shapes","floor":42,"turns":4},{"damage":0,"enemies":"Maw","floor":45,"turns":4},{"damage":1,"enemies":"Giant Head","floor":46,"turns":5},{"damage":4,"enemies":"Transient","floor":48,"turns":5},{"damage":2,"enemies":"Awakened One","floor":50,"turns":10},{"damage":36,"enemies":"Shield and Spear","floor":54,"turns":5},{"damage":84,"enemies":"The Heart","floor":55,"turns":8}],"seed_played":"6654099028121262606","potions_obtained":[{"floor":2,"key":"AttackPotion"},{"floor":14,"key":"SteroidPotion"},{"floor":23,"key":"Block Potion"},{"floor":28,"key":"EssenceOfSteel"},{"floor":31,"key":"Regen Potion"},{"floor":33,"key":"SkillPotion"},{"floor":54,"key":"Fruit Juice"}],"is_trial":false,"path_per_floor":["M","M","?","$","?","R","E","R","T","?","E","R","M","E","R","B",null,"M","?","?","$","M","E","M","M","T","R","E","R","?","?","R","B",null,"M","?","?","M","$","E","R","M","T","T","M","E","?","M","R","B",null,"R","$","E","B",null],"character_chosen":"IRONCLAD","items_purchased":["DuplicationPotion","Body Slam","Shrug It Off","Armaments","Strength Potion","Ginger"],"campfire_rested":5,"item_purchase_floors":[4,21,21,39,53,53],"current_hp_per_floor":[60,59,59,59,59,59,59,59,59,59,39,39,39,33,33,22,66,57,57,57,72,67,67,67,65,65,65,53,77,61,73,94,84,92,89,79,79,90,94,76,94,94,94,94,94,93,93,94,94,94,94,94,94,63,12],"gold":91,"neow_bonus":"BOSS_RELIC","is_daily":false,"chose_seed":false,"campfire_upgraded":4,"win_rate":0.0,"timestamp":1609359803,"path_taken":["M","M","?","?","?","R","E","R","T","?","E","R","M","E","R","BOSS","M","?","?","$","M","E","M","M","T","R","E","R","?","?","R","BOSS","M","?","?","M","?","E","R","M","T","?","M","E","?","M","R","BOSS","R","$","E","BOSS"],"items_purchased_type":["Potion","Card","Card","Card","Potion","Relic"],"build_version":"2020-12-22","purchased_purges":2,"victory":true,"max_hp_per_floor":[80,80,80,80,80,80,80,80,80,80,80,80,80,80,80,80,80,80,80,80,80,80,80,80,80,80,80,80,80,80,94,94,94,94,94,94,94,94,94,94,94,94,94,94,94,94,94,94,94,94,94,94,94,99,99],"relic_stats":{"Gremlin Horn":[29,29],"Happy Flower":[27],"Torii":37,"counters":[26,124],"Juzu Bracelet":2,"Whetstone":["Strike_R","Strike_R"],"Ginger":[2],"Mercury Hourglass":[470],"Nunchaku":[10],"Shuriken":[33],"MealTicket":19,"obtain_stats":[{"Calipers":44,"Gremlin Horn":9,"Happy Flower":23,"Torii":26,"Enchiridion":30,"Mango":31,"Juzu Bracelet":19,"Whetstone":7,"Ginger":53,"Burning Blood":0,"Mercury Hourglass":11,"keyreminder:keyreminder":27,"Du-Vu Doll":54,"Runic Dome":0,"Nunchaku":40,"Shuriken":31,"MealTicket":14,"Fusion Hammer":17,"StrikeDummy":46,"InkBottle":28,"Runic Pyramid":34},{"Calipers":20,"Gremlin Horn":3,"Happy Flower":10,"Torii":12,"Enchiridion":13,"Mango":15,"Juzu Bracelet":8,"Whetstone":3,"Ginger":24,"Burning Blood":0,"Mercury Hourglass":4,"keyreminder:keyreminder":12,"Du-Vu Doll":25,"Runic Dome":0,"Nunchaku":19,"Shuriken":15,"MealTicket":6,"Fusion Hammer":7,"StrikeDummy":22,"InkBottle":13,"Runic Pyramid":16},{"Calipers":87,"Gremlin Horn":7,"Happy Flower":43,"Torii":52,"Enchiridion":56,"Mango":63,"Juzu Bracelet":34,"Whetstone":7,"Ginger":111,"Burning Blood":0,"Mercury Hourglass":13,"keyreminder:keyreminder":52,"Du-Vu Doll":116,"Runic Dome":0,"Nunchaku":83,"Shuriken":63,"MealTicket":18,"Fusion Hammer":28,"StrikeDummy":96,"InkBottle":56,"Runic Pyramid":71}],"InkBottle":[39]},"card_choices":[{"not_picked":["True Grit","Power Through"],"picked":"Cleave","floor":1},{"not_picked":["Sentinel","Flex"],"picked":"Flame Barrier","floor":2},{"not_picked":["Clash","Heavy Blade","Cleave"],"picked":"SKIP","floor":7},{"not_picked":["Intimidate","Heavy Blade"],"picked":"Rage","floor":11},{"not_picked":["True Grit","Clash","Havoc"],"picked":"SKIP","floor":13},{"not_picked":["Flex","Evolve"],"picked":"Rage","floor":14},{"not_picked":["Exhume","Limit Break"],"picked":"Barricade","floor":16},{"not_picked":["Pommel Strike","Dropkick"],"picked":"Disarm+1","floor":18},{"not_picked":["True Grit","Wild Strike","Reckless Charge"],"picked":"SKIP","floor":22},{"not_picked":["Heavy Blade","Twin Strike"],"picked":"Shrug It Off+1","floor":23},{"not_picked":["Sever Soul","Clash"],"picked":"Inflame","floor":24},{"not_picked":["Dual Wield","Second Wind+1"],"picked":"Heavy Blade+1","floor":25},{"not_picked":["Reaper","Immolate"],"picked":"Flame Barrier","floor":28},{"not_picked":["Barricade","Brutality"],"picked":"Reaper","floor":33},{"not_picked":["Intimidate","Pummel+1"],"picked":"Shrug It Off","floor":35},{"not_picked":["Sadistic Nature","Thinking Ahead"],"picked":"Impatience","floor":36},{"not_picked":["Forethought","Trip"],"picked":"Finesse","floor":36},{"not_picked":["Thinking Ahead","HandOfGreed"],"picked":"Secret Technique","floor":36},{"not_picked":["Metallicize+1","Cleave"],"picked":"Body Slam+1","floor":38},{"not_picked":["Second Wind+1","Anger+1"],"picked":"Warcry+1","floor":40},{"not_picked":["Havoc+1","Rampage"],"picked":"Body Slam","floor":42},{"not_picked":["Rupture+1","Flex+1","Hemokinesis+1"],"picked":"SKIP","floor":45},{"not_picked":["Carnage","Clothesline","Burning Pact+1"],"picked":"SKIP","floor":46},{"not_picked":["Feel No Pain+1","Infernal Blade+1"],"picked":"Armaments+1","floor":48},{"not_picked":["Flex+1","Berserk"],"picked":"Sword Boomerang+1","floor":54}],"player_experience":2205790,"relics_obtained":[{"floor":7,"key":"Whetstone"},{"floor":9,"key":"Gremlin Horn"},{"floor":11,"key":"Mercury Hourglass"},{"floor":14,"key":"MealTicket"},{"floor":23,"key":"Happy Flower"},{"floor":26,"key":"Torii"},{"floor":28,"key":"InkBottle"},{"floor":30,"key":"Enchiridion"},{"floor":31,"key":"Mango"},{"floor":31,"key":"Shuriken"},{"floor":40,"key":"Nunchaku"},{"floor":44,"key":"Calipers"},{"floor":46,"key":"StrikeDummy"},{"floor":54,"key":"Du-Vu Doll"}],"event_choices":[{"damage_healed":0,"gold_gain":100,"player_choice":"Gold","damage_taken":0,"max_hp_gain":0,"max_hp_loss":0,"event_name":"Wheel of Change","floor":3,"gold_loss":0},{"damage_healed":0,"gold_gain":0,"player_choice":"Grow","damage_taken":0,"max_hp_gain":0,"max_hp_loss":0,"event_name":"Living Wall","floor":5,"gold_loss":0,"cards_upgraded":["Bash"]},{"cards_removed":["Strike_R"],"damage_healed":0,"gold_gain":0,"player_choice":"Took Card","damage_taken":0,"max_hp_gain":0,"max_hp_loss":0,"event_name":"NoteForYourself","floor":10,"gold_loss":0,"cards_obtained":["Strike_P"]},{"damage_healed":0,"gold_gain":0,"player_choice":"Obtained Relic","damage_taken":0,"relics_obtained":["Juzu Bracelet"],"max_hp_gain":0,"max_hp_loss":0,"event_name":"Addict","floor":19,"gold_loss":85},{"cards_removed":["Defend_R"],"damage_healed":0,"gold_gain":0,"player_choice":"Purged","damage_taken":0,"max_hp_gain":0,"max_hp_loss":0,"event_name":"Purifier","floor":20,"gold_loss":0},{"damage_healed":0,"gold_gain":0,"player_choice":"Obtained Book","damage_taken":16,"max_hp_gain":0,"max_hp_loss":0,"event_name":"Cursed Tome","floor":30,"gold_loss":0},{"damage_healed":0,"gold_gain":0,"player_choice":"Fight","damage_taken":0,"max_hp_gain":0,"max_hp_loss":0,"event_name":"Colosseum","floor":31,"gold_loss":0},{"damage_healed":0,"gold_gain":0,"player_choice":"Fought Nobs","damage_taken":0,"max_hp_gain":0,"max_hp_loss":0,"event_name":"Colosseum","floor":31,"gold_loss":0},{"damage_healed":0,"gold_gain":0,"player_choice":"Memory 3","damage_taken":10,"max_hp_gain":0,"max_hp_loss":0,"event_name":"SensoryStone","floor":36,"gold_loss":0},{"cards_removed":["Defend_R"],"damage_healed":0,"gold_gain":0,"player_choice":"Removed Skill","damage_taken":0,"max_hp_gain":0,"max_hp_loss":0,"event_name":"Falling","floor":37,"gold_loss":0},{"damage_healed":0,"gold_gain":0,"cards_transformed":["Impatience"],"player_choice":"Transformed","damage_taken":0,"max_hp_gain":0,"max_hp_loss":0,"event_name":"Transmorgrifier","floor":47,"gold_loss":0,"cards_obtained":["Forethought"]}],"is_beta":false,"boss_relics":[{"not_picked":["Astrolabe","Mark of Pain"],"picked":"Fusion Hammer"},{"not_picked":["Snecko Eye","Sozu"],"picked":"Runic Pyramid"}],"items_purged_floors":[21,39],"is_endless":false,"potions_floor_spawned":[2,14,23,28,31,31,33,35,42,54],"ascension_level":10}}