{"host":"2n2g1vowfllvjtvi","time":1609336313,"event":{"mods":["AchievementEnabler","BaseMod","Custom Start","GifTheSpireLib","Keyboard Shortcuts","Minty Spire (QoL Compilation)","Quick Restart","Rare Cards Sparkle","StSLib","SuperFastMode"],"gold_per_floor":[118,23,23,41,41,41,66,82,82,7,7,25,25,25,25,25,25],"floor_reached":16,"playtime":152,"items_purged":["Strike_G"],"score":123,"play_id":"0335e333-a9fb-4c85-9cc8-5ed7df89b3cf","local_time":"20201230225153","is_ascension_mode":false,"campfire_choices":[{"data":"1","floor":11,"key":"LIFT"},{"data":"2","floor":13,"key":"LIFT"},{"data":"3","floor":15,"key":"LIFT"}],"circlet_count":0,"master_deck":["Strike_G","Strike_G","Strike_G","Strike_G","Defend_G","Defend_G","Defend_G","Defend_G","Defend_G","Survivor","Neutralize","Prepared","Underhanded Strike","Acrobatics","Reflex","Dagger Spray"],"relics":["Ring of the Snake","NeowsBlessing","Gambling Chip","Girya","Bird Faced Urn"],"acts_visited":["Exordium"],"potions_floor_usage":[16],"damage_taken":[{"damage":0,"enemies":"Jaw Worm","floor":1,"turns":1},{"damage":0,"enemies":"Small Slimes","floor":4,"turns":1},{"damage":0,"enemies":"Gremlin Nob","floor":7,"turns":1},{"damage":2,"enemies":"2 Louse","floor":8,"turns":3},{"damage":1,"enemies":"Red Slaver","floor":12,"turns":3},{"damage":18,"enemies":"Hexaghost","floor":16,"turns":5}],"seed_played":"-4391432547269999790","potions_obtained":[{"floor":1,"key":"EssenceOfSteel"},{"floor":4,"key":"Dexterity Potion"}],"is_trial":false,"path_per_floor":["M","$","?","M","$","?","E","M","T","$","R","M","R","$","R","B"],"character_chosen":"THE_SILENT","items_purchased":["Underhanded Strike","Acrobatics"],"campfire_rested":0,"item_purchase_floors":[2,2],"current_hp_per_floor":[70,70,75,75,75,57,57,55,55,55,55,54,54,54,54,36,36],"gold":25,"neow_bonus":"THREE_ENEMY_KILL","is_daily":false,"chose_seed":false,"campfire_upgraded":0,"win_rate":0.0,"timestamp":1609336313,"path_taken":["M","$","?","M","$","?","E","M","T","$","R","M","R","?","R","BOSS"],"items_purchased_type":["Card","Card"],"build_version":"2020-12-22","purchased_purges":1,"victory":false,"max_hp_per_floor":[70,70,75,75,75,75,75,75,75,75,75,75,75,75,75,75,75],"card_choices":[{"not_picked":["Outmaneuver","Sucker Punch"],"picked":"Prepared","floor":1},{"not_picked":["PiercingWail","Setup"],"picked":"Reflex","floor":4},{"not_picked":["Predator","Underhanded Strike"],"picked":"Dagger Spray","floor":7},{"not_picked":["Cloak And Dagger","Flying Knee","Slice"],"picked":"SKIP","floor":8},{"not_picked":["Slice","Flying Knee","Acrobatics"],"picked":"SKIP","floor":12}],"player_experience":410341,"relics_obtained":[{"floor":7,"key":"Girya"},{"floor":9,"key":"Bird Faced Urn"}],"event_choices":[{"damage_healed":0,"gold_gain":0,"player_choice":"Donut","damage_taken":0,"max_hp_gain":5,"max_hp_loss":0,"event_name":"Big Fish","floor":3,"gold_loss":0},{"damage_healed":0,"gold_gain":0,"player_choice":"Success","damage_taken":18,"relics_obtained":["Gambling Chip"],"max_hp_gain":0,"max_hp_loss":0,"event_name":"Scrap Ooze","floor":6,"gold_loss":0}],"is_beta":false,"boss_relics":[],"items_purged_floors":[10],"is_endless":false,"potions_floor_spawned":[1,4],"killed_by":"Hexaghost","ascension_level":0}}