{"host":"baymyijz6sxaqj5s","time":1609333676,"event":{"mods":["AchievementEnabler","BaseMod","Colored Map","Colored Powertips","DeckTracker","Highlight Path","KOR Keyword Fix","Keyboard Shortcuts","Minty Spire (QoL Compilation)","Quick Restart","StSLib","SuperFastMode"],"gold_per_floor":[118,118,135,135,135,135,155,167,167,178,178,128,128,142,142,238,238,253,178,178,196,209,209,227,227,227,240,254,265,282,482,482,584,584,600,600,610,630,630,630,630,630,630,630,143,158,177,32,32,32,32],"floor_reached":50,"playtime":2884,"items_purged":[],"score":438,"play_id":"5c614ccb-463f-44a9-8ad6-c95b51748989","local_time":"20201230220756","is_ascension_mode":false,"campfire_choices":[{"data":"Dualcast","floor":6.0,"key":"SMITH"},{"floor":11.0,"key":"REST"},{"data":"Redo","floor":13.0,"key":"SMITH"},{"data":"Auto Shields","floor":15.0,"key":"SMITH"},{"floor":23.0,"key":"REST"},{"data":"Self Repair","floor":25.0,"key":"SMITH"},{"floor":32,"key":"REST"},{"floor":40,"key":"REST"},{"floor":41,"key":"REST"},{"data":"Defragment","floor":42,"key":"SMITH"},{"data":"Capacitor","floor":44,"key":"SMITH"},{"floor":49,"key":"REST"}],"circlet_count":0,"master_deck":["Strike_B","Strike_B+1","Defend_B","Defend_B+1","Defend_B","Defend_B","Zap","Dualcast+1","Redo+1","Ball Lightning","Steam","Stack","Auto Shields+1","Capacitor+1","Compile Driver","Coolheaded","Doom and Gloom+1","Self Repair+1","Defragment+1","Leap","BootSequence+1","Chaos+1","Turbo+1","Leap"],"relics":["FrozenCore","Dream Catcher","Shuriken","Nuclear Battery","WingedGreaves","Question Card","Frozen Egg 2","HornCleat","Meat on the Bone","ClockworkSouvenir"],"acts_visited":["Exordium","TheCity","TheBeyond"],"potions_floor_usage":[38,50,50,50],"damage_taken":[{"damage":5.0,"enemies":"Small Slimes","floor":1.0,"turns":3.0},{"damage":0.0,"enemies":"2 Louse","floor":3.0,"turns":2.0},{"damage":0.0,"enemies":"Cultist","floor":7.0,"turns":3.0},{"damage":9.0,"enemies":"2 Fungi Beasts","floor":8.0,"turns":3.0},{"damage":0.0,"enemies":"Blue Slaver","floor":10.0,"turns":3.0},{"damage":5.0,"enemies":"Red Slaver","floor":14.0,"turns":4.0},{"damage":28.0,"enemies":"Slime Boss","floor":16.0,"turns":11.0},{"damage":2.0,"enemies":"Chosen","floor":18.0,"turns":6.0},{"damage":19.0,"enemies":"2 Thieves","floor":19.0,"turns":5.0},{"damage":7.0,"enemies":"Centurion and Healer","floor":21.0,"turns":14.0},{"damage":6.0,"enemies":"Snecko","floor":22.0,"turns":10.0},{"damage":22.0,"enemies":"Snake Plant","floor":24.0,"turns":8.0},{"damage":11,"enemies":"Centurion and Healer","floor":27,"turns":12},{"damage":2,"enemies":"Snecko","floor":28,"turns":15},{"damage":21,"enemies":"Snake Plant","floor":29,"turns":7},{"damage":3,"enemies":"Shelled Parasite and Fungi","floor":30,"turns":13},{"damage":54,"enemies":"Champ","floor":33,"turns":16},{"damage":17,"enemies":"Orb Walker","floor":35,"turns":7},{"damage":14,"enemies":"3 Shapes","floor":37,"turns":5},{"damage":53,"enemies":"Transient","floor":38,"turns":5},{"damage":2,"enemies":"3 Darklings","floor":46,"turns":7},{"damage":64,"enemies":"Maw","floor":47,"turns":10},{"damage":81,"enemies":"Time Eater","floor":50,"turns":17}],"seed_played":"-5629850788356383267","potions_obtained":[{"floor":1.0,"key":"SkillPotion"},{"floor":3.0,"key":"PotionOfCapacity"},{"floor":7.0,"key":"Strength Potion"},{"floor":14.0,"key":"LiquidMemories"},{"floor":21.0,"key":"Explosive Potion"},{"floor":46,"key":"Strength Potion"},{"floor":47,"key":"AttackPotion"}],"is_trial":false,"path_per_floor":["M","?","M","?","?","R","M","M","T","M","R","?","R","M","R","B",null,"M","M","?","M","M","R","M","R","T","M","M","M","M","?","R","B",null,"M","T","M","M","?","R","R","R","T","R","$","M","M","$","R","B"],"character_chosen":"DEFECT","items_purchased":["HornCleat","Meat on the Bone","ClockworkSouvenir"],"campfire_rested":6,"item_purchase_floors":[45,45,48],"current_hp_per_floor":[77,70,70,54,54,54,54,45,45,45,69,69,69,64,64,36,82,80,61,61,54,48,72,57,57,57,56,64,53,60,60,82,38,82,75,75,71,28,28,52,76,76,76,76,76,82,40,40,64,0,0],"gold":32,"neow_bonus":"TEN_PERCENT_HP_BONUS","is_daily":false,"chose_seed":false,"campfire_upgraded":6,"win_rate":0.0,"timestamp":1609333676,"path_taken":["M","?","M","?","?","R","?","M","T","M","R","?","R","M","R","BOSS","M","M","?","M","M","R","M","R","T","M","M","M","M","?","R","BOSS","M","?","?","M","?","R","R","R","T","R","$","M","?","?","R","BOSS"],"items_purchased_type":["Relic","Relic","Relic"],"build_version":"2020-12-22","purchased_purges":0,"victory":false,"max_hp_per_floor":[82,82,82,82,82,82,82,82,82,82,82,82,82,82,82,82,82,82,82,82,82,82,82,82,82,82,82,82,82,82,82,82,82,82,82,82,82,82,82,82,82,82,82,82,82,82,82,82,82,82,82],"card_choices":[{"not_picked":["Gash","Fusion","Blizzard"],"picked":"SKIP","floor":1.0},{"not_picked":["Static Discharge","Barrage"],"picked":"Redo","floor":3.0},{"not_picked":["Streamline","Tempest"],"picked":"Ball Lightning","floor":7.0},{"not_picked":["Aggregate","Hologram"],"picked":"Steam","floor":8.0},{"not_picked":["Redo","Reprogram"],"picked":"Stack","floor":10.0},{"not_picked":["Redo","Reboot"],"picked":"Auto Shields","floor":11.0},{"not_picked":["Blizzard","Scrape"],"picked":"Capacitor","floor":14.0},{"not_picked":["Rebound","Sunder"],"picked":"Compile Driver","floor":18.0},{"not_picked":["Consume","Undo"],"picked":"Coolheaded","floor":19.0},{"not_picked":["Redo","Auto Shields","Coolheaded+1"],"picked":"SKIP","floor":21.0},{"not_picked":["Cold Snap","Undo"],"picked":"Doom and Gloom+1","floor":22.0},{"not_picked":["Ball Lightning","Heatsinks+1"],"picked":"Self Repair","floor":23.0},{"not_picked":["Cold Snap","Steam"],"picked":"Defragment","floor":24.0},{"not_picked":["Fission","Loop+1","Steam Power"],"picked":"SKIP","floor":27},{"not_picked":["Ball Lightning","Compile Driver","Redo"],"picked":"SKIP","floor":28},{"not_picked":["Ball Lightning","Defragment","Steam"],"picked":"SKIP","floor":29},{"not_picked":["FTL","Gash","Go for the Eyes"],"picked":"SKIP","floor":30},{"not_picked":["Coolheaded","Creative AI"],"picked":"Leap","floor":32},{"not_picked":["Auto Shields+1","Steam","Redo+1"],"picked":"SKIP","floor":35},{"not_picked":["Rebound+1","Steam"],"picked":"BootSequence+1","floor":37},{"not_picked":["Gash+1","Melter","Steam Power+1"],"picked":"SKIP","floor":38},{"not_picked":["Gash+1","Melter","Steam Power+1"],"picked":"SKIP","floor":38},{"not_picked":["Compile Driver","White Noise","Storm"],"picked":"Chaos+1","floor":40},{"not_picked":["Storm+1","Hyperbeam","Hologram+1","Steam Power+1"],"picked":"SKIP","floor":46},{"not_picked":["Stack","Go for the Eyes+1","Reinforced Body"],"picked":"Turbo+1","floor":47},{"not_picked":["Blizzard+1","Glacier+1","Gash+1"],"picked":"Leap","floor":49}],"player_experience":277006,"relics_obtained":[{"floor":9.0,"key":"Dream Catcher"},{"floor":26.0,"key":"Shuriken"},{"floor":36,"key":"WingedGreaves"},{"floor":43,"key":"Frozen Egg 2"}],"event_choices":[{"cards_removed":["Strike_B"],"damage_healed":0.0,"max_hp_gain":0.0,"max_hp_loss":0.0,"gold_gain":0.0,"event_name":"Golden Wing","player_choice":"Card Removal","floor":2.0,"gold_loss":0.0,"damage_taken":7.0},{"damage_healed":0.0,"max_hp_gain":0.0,"max_hp_loss":0.0,"gold_gain":0.0,"event_name":"Shining Light","player_choice":"Entered Light","floor":4.0,"gold_loss":0.0,"damage_taken":16.0,"cards_upgraded":["Strike_B","Defend_B"]},{"damage_healed":0.0,"max_hp_gain":0.0,"max_hp_loss":0.0,"gold_gain":0.0,"event_name":"NoteForYourself","player_choice":"Ignored","floor":5.0,"gold_loss":0.0,"damage_taken":0.0},{"cards_removed":["Strike_B"],"damage_healed":0.0,"max_hp_gain":0.0,"max_hp_loss":0.0,"gold_gain":0.0,"event_name":"The Cleric","player_choice":"Card Removal","floor":12.0,"gold_loss":50.0,"damage_taken":0.0},{"damage_healed":0.0,"max_hp_gain":0.0,"max_hp_loss":0.0,"gold_gain":0.0,"event_name":"Ghosts","player_choice":"Ignored","floor":20.0,"gold_loss":0.0,"damage_taken":0.0},{"damage_healed":0,"gold_gain":200,"player_choice":"Gold","damage_taken":0,"max_hp_gain":0,"max_hp_loss":0,"event_name":"Wheel of Change","floor":31,"gold_loss":0},{"damage_healed":0,"gold_gain":0,"player_choice":"Gave Potion","damage_taken":0,"relics_obtained":["Question Card"],"max_hp_gain":0,"max_hp_loss":0,"event_name":"WeMeetAgain","floor":39,"gold_loss":0}],"is_beta":false,"boss_relics":[{"not_picked":["SlaversCollar","Astrolabe"],"picked":"FrozenCore"},{"not_picked":["Philosopher\u0027s Stone","Tiny House"],"picked":"Nuclear Battery"}],"items_purged_floors":[],"is_endless":false,"potions_floor_spawned":[1,3,7,14,18,21,29,33,46,47],"killed_by":"Time Eater","ascension_level":0}}