{"host":"sc0o2qwpf9j16a4i","time":1609287824,"event":{"mods":["AchievementEnabler","BaseMod","BetterRewards","Block Reminder","Colored Map","Colored Powertips","Custom Start","Highlight Path","Minty Spire (QoL Compilation)","Relic Stats"],"gold_per_floor":[113,38,50,9,9,9,32,71,71,106,106,121,121,145,145,243,243,268,268,288,288,312,312,312,312],"floor_reached":24,"playtime":598,"items_purged":["Strike_B"],"score":462,"play_id":"1607a5a4-fb67-4a16-aaca-34e70764f948","local_time":"20201230022344","is_ascension_mode":true,"campfire_choices":[{"data":"Cold Snap","floor":6,"key":"SMITH"},{"floor":11,"key":"REST"},{"data":"Conserve Battery","floor":15,"key":"SMITH"},{"floor":23,"key":"REST"}],"circlet_count":0,"master_deck":["AscendersBane","Strike_B","Strike_B","Strike_B","Defend_B","Defend_B","Defend_B","Defend_B","Zap","Dualcast","Cold Snap+1","Leap","FTL","Lockon+1","Conserve Battery+1","Loop+1","Biased Cognition+1","Compile Driver","Conserve Battery","Static Discharge+1"],"relics":["Cracked Core","NeowsBlessing","Golden Idol","Symbiotic Virus","Strawberry","Frozen Egg 2","SlaversCollar","StoneCalendar"],"acts_visited":["Exordium","TheCity"],"potions_floor_usage":[8,10,16,16],"damage_taken":[{"damage":0,"enemies":"Cultist","floor":1,"turns":1},{"damage":0,"enemies":"2 Louse","floor":3,"turns":1},{"damage":0,"enemies":"Small Slimes","floor":7,"turns":1},{"damage":18,"enemies":"Lagavulin","floor":8,"turns":10},{"damage":15,"enemies":"3 Sentries","floor":10,"turns":8},{"damage":23,"enemies":"Exordium Thugs","floor":12,"turns":5},{"damage":1,"enemies":"Blue Slaver","floor":14,"turns":3},{"damage":11,"enemies":"Hexaghost","floor":16,"turns":9},{"damage":15,"enemies":"Shell Parasite","floor":18,"turns":5},{"damage":10,"enemies":"2 Thieves","floor":20,"turns":5},{"damage":33,"enemies":"Sentry and Sphere","floor":22,"turns":6},{"damage":28,"enemies":"Book of Stabbing","floor":24,"turns":4}],"seed_played":"8284741604393058690","potions_obtained":[{"floor":1,"key":"Strength Potion"},{"floor":7,"key":"Ancient Potion"},{"floor":8,"key":"Weak Potion"},{"floor":10,"key":"Energy Potion"},{"floor":18,"key":"SmokeBomb"}],"is_trial":false,"path_per_floor":["M","$","M","$","?","R","M","E","T","E","R","M","?","M","R","B",null,"M","?","M","?","M","R","E"],"character_chosen":"DEFECT","items_purchased":["FTL"],"campfire_rested":2,"item_purchase_floors":[4],"current_hp_per_floor":[64,64,64,64,64,64,64,46,53,38,59,36,36,35,35,24,59,44,44,34,34,1,22,0,0],"gold":312,"neow_bonus":"THREE_ENEMY_KILL","is_daily":false,"chose_seed":false,"campfire_upgraded":2,"win_rate":0.0,"timestamp":1609287824,"path_taken":["M","$","M","$","?","R","M","E","T","E","R","M","?","M","R","BOSS","M","?","?","?","M","R","E"],"items_purchased_type":["Card"],"build_version":"2020-12-22","purchased_purges":1,"victory":false,"max_hp_per_floor":[71,71,71,71,64,64,64,64,71,71,71,71,71,71,71,71,71,71,71,71,71,71,71,71,71],"relic_stats":{"counters":[12,57],"Golden Idol":62,"StoneCalendar":[0],"obtain_stats":[{"SlaversCollar":17,"NeowsBlessing":0,"Golden Idol":5,"Strawberry":9,"StoneCalendar":19,"Frozen Egg 2":10,"Cracked Core":0,"Symbiotic Virus":8},{"SlaversCollar":8,"NeowsBlessing":0,"Golden Idol":2,"Strawberry":4,"StoneCalendar":9,"Frozen Egg 2":5,"Cracked Core":0,"Symbiotic Virus":4},{"SlaversCollar":37,"NeowsBlessing":0,"Golden Idol":2,"Strawberry":13,"StoneCalendar":42,"Frozen Egg 2":21,"Cracked Core":0,"Symbiotic Virus":13}]},"card_choices":[{"not_picked":["Aggregate","Compile Driver"],"picked":"Cold Snap","floor":1},{"not_picked":["Aggregate","Barrage"],"picked":"Leap","floor":3},{"not_picked":["Leap","Skim","Steam Power"],"picked":"SKIP","floor":7},{"not_picked":["Aggregate","Redo","Coolheaded"],"picked":"SKIP","floor":8},{"not_picked":["Steam Power","Auto Shields"],"picked":"Lockon","floor":10},{"not_picked":["Hologram","Steam Power"],"picked":"Conserve Battery","floor":12},{"not_picked":["Turbo","Fusion"],"picked":"Loop+1","floor":14},{"not_picked":["Multi-Cast","Echo Form+1"],"picked":"Biased Cognition+1","floor":16},{"not_picked":["Heatsinks+1","Cold Snap"],"picked":"Compile Driver","floor":18},{"not_picked":["Lockon+1","Sweeping Beam"],"picked":"Conserve Battery","floor":20},{"not_picked":["Sweeping Beam","Conserve Battery"],"picked":"Static Discharge+1","floor":22}],"player_experience":427920,"relics_obtained":[{"floor":8,"key":"Symbiotic Virus"},{"floor":9,"key":"Strawberry"},{"floor":10,"key":"Frozen Egg 2"}],"event_choices":[{"damage_healed":0,"gold_gain":0,"player_choice":"Lose Max HP","damage_taken":0,"relics_obtained":["Golden Idol"],"max_hp_gain":0,"max_hp_loss":7,"event_name":"Golden Idol","floor":5,"gold_loss":0},{"damage_healed":0,"gold_gain":0,"player_choice":"Grow","damage_taken":0,"max_hp_gain":0,"max_hp_loss":0,"event_name":"Living Wall","floor":13,"gold_loss":0,"cards_upgraded":["Lockon"]},{"damage_healed":0,"gold_gain":0,"player_choice":"Gave Potion","damage_taken":0,"relics_obtained":["StoneCalendar"],"max_hp_gain":0,"max_hp_loss":0,"event_name":"WeMeetAgain","floor":19,"gold_loss":0},{"damage_healed":0,"gold_gain":0,"player_choice":"Ignored","damage_taken":0,"max_hp_gain":0,"max_hp_loss":0,"event_name":"The Mausoleum","floor":21,"gold_loss":0}],"is_beta":false,"boss_relics":[{"not_picked":["Black Star","Calling Bell"],"picked":"SlaversCollar"}],"items_purged_floors":[2],"is_endless":false,"potions_floor_spawned":[1,7,8,10,18],"killed_by":"Book of Stabbing","ascension_level":20}}