{"host":"sav7uxregyirlf69","time":1609292267,"event":{"mods":["AchievementEnabler","BaseMod","Colored Map","DeckTracker","Keyboard Shortcuts","Minty Spire (QoL Compilation)","READ ME - Guardian Mod","StSLib","SuperFastMode"],"gold_per_floor":[113,113,38,38,57,57,85,85,85,85,101,112,112,112],"floor_reached":13,"playtime":205,"items_purged":[],"score":166,"play_id":"b80055ff-a658-4d6e-9cd9-3d0979586057","local_time":"20201230103747","is_ascension_mode":true,"campfire_choices":[{"data":"Zap","floor":6,"key":"SMITH"},{"floor":8,"key":"REST"},{"data":"Go for the Eyes","floor":10,"key":"SMITH"}],"circlet_count":0,"master_deck":["AscendersBane","Strike_B+1","Strike_B","Strike_B+1","Defend_B","Defend_B","Defend_B","Zap+1","Dualcast","Genetic Algorithm","Go for the Eyes+1","Glacier","Ball Lightning","Compile Driver"],"relics":["Cracked Core","Juzu Bracelet","Vajra","Pen Nib"],"acts_visited":["Exordium"],"potions_floor_usage":[7,13],"damage_taken":[{"damage":9,"enemies":"Small Slimes","floor":1,"turns":4},{"damage":0,"enemies":"2 Louse","floor":5,"turns":2},{"damage":26,"enemies":"3 Sentries","floor":7,"turns":9},{"damage":0,"enemies":"Cultist","floor":11,"turns":2},{"damage":10,"enemies":"Large Slime","floor":12,"turns":6},{"damage":31,"enemies":"Gremlin Nob","floor":13,"turns":3}],"seed_played":"-8275549787771738804","potions_obtained":[{"floor":1,"key":"PowerPotion"},{"floor":5,"key":"Explosive Potion"},{"floor":7,"key":"LiquidBronze"}],"is_trial":false,"path_per_floor":["M","?","?","?","M","R","E","R","T","R","M","M","E"],"character_chosen":"DEFECT","items_purchased":[],"campfire_rested":1,"item_purchase_floors":[],"current_hp_per_floor":[55,34,34,34,34,34,8,29,29,29,29,19,0,0],"gold":112,"neow_bonus":"RANDOM_COMMON_RELIC","is_daily":false,"chose_seed":false,"campfire_upgraded":2,"win_rate":0.0,"timestamp":1609292267,"path_taken":["M","?","?","?","M","R","E","R","T","R","M","M","E"],"items_purchased_type":[],"build_version":"2020-12-22","purchased_purges":0,"victory":false,"max_hp_per_floor":[71,71,71,71,71,71,71,71,71,71,71,71,71,71],"card_choices":[{"not_picked":["Rip and Tear","Conserve Battery"],"picked":"Genetic Algorithm","floor":1},{"not_picked":["Conserve Battery","Gash"],"picked":"Glacier","floor":5},{"not_picked":["Gash","Turbo"],"picked":"Ball Lightning","floor":7},{"not_picked":["Steam Power","Doom and Gloom","Skim"],"picked":"SKIP","floor":11},{"not_picked":["White Noise","Steam"],"picked":"Compile Driver","floor":12}],"player_experience":1058560,"relics_obtained":[{"floor":7,"key":"Vajra"},{"floor":9,"key":"Pen Nib"}],"event_choices":[{"damage_healed":0,"gold_gain":0,"player_choice":"Entered Light","damage_taken":21,"max_hp_gain":0,"max_hp_loss":0,"event_name":"Shining Light","floor":2,"gold_loss":0,"cards_upgraded":["Strike_B","Strike_B"]},{"cards_removed":["Strike_B"],"damage_healed":0,"gold_gain":0,"player_choice":"Card Removal","damage_taken":0,"max_hp_gain":0,"max_hp_loss":0,"event_name":"The Cleric","floor":3,"gold_loss":75},{"damage_healed":0,"gold_gain":0,"cards_transformed":["Defend_B"],"player_choice":"Transformed","damage_taken":0,"max_hp_gain":0,"max_hp_loss":0,"event_name":"Transmorgrifier","floor":4,"gold_loss":0,"cards_obtained":["Go for the Eyes"]}],"is_beta":false,"boss_relics":[],"items_purged_floors":[],"is_endless":false,"potions_floor_spawned":[1,5,7],"killed_by":"Gremlin Nob","ascension_level":20}}