{"host":"yludllxm6rzdxpbb","time":1609357399,"event":{"mods":["AchievementEnabler","BaseMod","Better Third Choice","BetterRewards","Colored Map","Colored Powertips","Hermit","Hubris","Infinite Spire","Minty Spire (QoL Compilation)","Quick Restart","Replay The Spire","StSLib","The Hierophant","The Necromancer"],"gold_per_floor":[119,119,119,136,136,136,180,193,193,193,209,209,230,157,157,280,280,300,300,313,337,337,337],"floor_reached":22,"playtime":1278,"items_purged":["Regret"],"score":300,"play_id":"2811d1de-9b5b-4f8f-aac3-6ac5434514fd","local_time":"20201230224319","is_ascension_mode":true,"campfire_choices":[{"floor":6,"key":"REST"},{"floor":10,"key":"RECALL"},{"floor":15,"key":"REST"}],"circlet_count":0,"master_deck":["Strike_G","Strike_G","Strike_G+1","Strike_G","Strike_G","Defend_G","Defend_G+1","Defend_G","Defend_G","Defend_G","Survivor","Neutralize","Magnetism","Accuracy","Crippling Poison","Backflip","Bane","Backstab","ReplayTheSpireMod:Speed Training","Bullet Time","Well Laid Plans","Venomology","Dagger Throw","RitualDagger","ReplayTheSpireMod:Scrap Shanks+1","Bouncing Flask+1"],"relics":["Ring of the Snake","ReplayTheSpireMod:CursedCoin","FossilizedHelix","Mango","hubris:Icosahedron","Golden Idol","infinitespire:ShieldingShard","Philosopher\u0027s Stone"],"acts_visited":["Exordium","TheCity"],"potions_floor_usage":[16,18,20,21,22,22],"damage_taken":[{"damage":0,"enemies":"Small Slimes","floor":1,"turns":5},{"damage":0,"enemies":"2 Louse","floor":4,"turns":2},{"damage":8,"enemies":"Lagavulin","floor":7,"turns":9},{"damage":0,"enemies":"Jaw Worm","floor":8,"turns":4},{"damage":0,"enemies":"Looter","floor":11,"turns":5},{"damage":10,"enemies":"Exordium Wildlife","floor":13,"turns":6},{"damage":21,"enemies":"Hexaghost","floor":16,"turns":15},{"damage":25,"enemies":"Spheric Guardian","floor":18,"turns":8},{"damage":20,"enemies":"Chosen","floor":20,"turns":8},{"damage":26,"enemies":"Sentry and Sphere","floor":21,"turns":8},{"damage":0,"enemies":"Snake Plant","floor":22,"turns":3}],"seed_played":"5671711270236325501","potions_obtained":[{"floor":1,"key":"PowerPotion"},{"floor":11,"key":"Languid Potion"},{"floor":13,"key":"Dexterity Potion"},{"floor":16,"key":"ColorlessPotion"},{"floor":21,"key":"Adrenaline Potion"}],"is_trial":false,"path_per_floor":["M","?","?","M","?","R","E","M","T","R","M","?","M","$","R","B",null,"M","?","M","M","M"],"character_chosen":"THE_SILENT","items_purchased":["ReplayTheSpireMod:CursedCoin","FossilizedHelix","Mango","Magnetism","Accuracy","Well Laid Plans"],"campfire_rested":2,"item_purchase_floors":[0,0,0,0,0,14],"current_hp_per_floor":[59,42,42,42,21,46,38,38,38,38,38,38,28,28,53,32,84,59,53,33,7,7,7],"gold":337,"neow_bonus":"","is_daily":false,"chose_seed":false,"campfire_upgraded":0,"win_rate":0.0,"timestamp":1609357399,"path_taken":["M","?","?","M","?","R","E","M","T","R","M","?","M","$","R","BOSS","M","?","M","M","M"],"items_purchased_type":["Relic","Relic","Relic","Card","Card","Card"],"build_version":"2020-12-22","purchased_purges":1,"victory":false,"max_hp_per_floor":[84,84,84,84,84,84,84,84,84,84,84,84,84,84,84,84,84,84,84,84,84,84,84],"card_choices":[{"not_picked":["Deflect","Deadly Poison"],"picked":"Crippling Poison","floor":1},{"not_picked":["Slice","Cloak And Dagger"],"picked":"Backflip","floor":4},{"not_picked":["Acrobatics","Quick Slash"],"picked":"Bane","floor":7},{"not_picked":["Backflip","Dagger Spray"],"picked":"Backstab","floor":8},{"not_picked":["Choke","Acrobatics"],"picked":"ReplayTheSpireMod:Speed Training","floor":11},{"not_picked":["Slice","Draining Mist"],"picked":"Bullet Time","floor":13},{"not_picked":["Malaise","Poison Darts"],"picked":"Venomology","floor":16},{"not_picked":["Endless Agony+1","Deflect"],"picked":"Dagger Throw","floor":18},{"not_picked":["Dodge and Roll","ReplayTheSpireMod:From All Sides"],"picked":"ReplayTheSpireMod:Scrap Shanks+1","floor":20},{"not_picked":["Sucker Punch+1","Flying Knee"],"picked":"Bouncing Flask+1","floor":21}],"player_experience":310769,"relics_obtained":[{"floor":7,"key":"infinitespire:ShieldingShard"}],"event_choices":[{"damage_healed":59,"gold_gain":0,"player_choice":"Upgrade","damage_taken":17,"max_hp_gain":0,"max_hp_loss":84,"event_name":"betterThird:BetterShining","floor":2,"gold_loss":0,"cards_upgraded":["Defend_G","Strike_G"]},{"damage_healed":0,"gold_gain":0,"player_choice":"Take Damage","damage_taken":21,"relics_obtained":["Golden Idol"],"max_hp_gain":0,"max_hp_loss":0,"event_name":"Golden Idol","floor":5,"gold_loss":0},{"damage_healed":0,"gold_gain":0,"player_choice":"Dagger","damage_taken":6,"max_hp_gain":0,"max_hp_loss":0,"event_name":"betterThird:BetterNest","floor":19,"gold_loss":0,"cards_obtained":["RitualDagger"]}],"is_beta":false,"boss_relics":[{"not_picked":["SlaversCollar","hubris:Backtick"],"picked":"Philosopher\u0027s Stone"}],"items_purged_floors":[0],"is_endless":false,"potions_floor_spawned":[1,11,13,16,20,21],"killed_by":"Snake Plant","ascension_level":1}}