{"host":"pyvkqaq4yb2dtxwu","time":1609306172,"event":{"mods":["AchievementEnabler","BaseMod","Colored Map","Colored Powertips","DeckTracker","Minty Spire (QoL Compilation)","Relic Sorter"],"gold_per_floor":[112,112,128,103,117,145,145,162,217,63,96,96,96,109,109,207,207,220,220,42,42,61,88,103,122,122,134,151,151,26,46,46,142,142,153,173,221,221,232,232,10,28,28,45,57,57,57,77,77,77,77],"floor_reached":50,"playtime":4745,"items_purged":["Strike_B","Defend_B","Defend_B","Scrape+1"],"score":503,"play_id":"7be19d08-56b1-47d7-937c-408ab498268c","local_time":"20201229212932","is_ascension_mode":false,"campfire_choices":[{"data":"Rip and Tear","floor":7,"key":"SMITH"},{"floor":12,"key":"REST"},{"floor":15,"key":"REST"},{"data":"Biased Cognition","floor":29,"key":"SMITH"},{"floor":32,"key":"REST"},{"floor":40,"key":"REST"},{"data":"Buffer","floor":47,"key":"SMITH"},{"floor":49,"key":"REST"}],"circlet_count":0,"master_deck":["Strike_B","Defend_B","Defend_B","Zap","Dualcast","BootSequence","Beam Cell","Beam Cell","Cold Snap","Rip and Tear+1","Fusion","BootSequence","Coolheaded+1","Coolheaded","Streamline","Biased Cognition+1","Rainbow","Chaos+1","Self Repair","Biased Cognition","Coolheaded","Static Discharge","Sweeping Beam+1","Ball Lightning+1","Ball Lightning","White Noise+1","Buffer+1","Streamline","Skim","Zap","White Noise+1","Self Repair","Tempest+1","Writhe","Chaos+1"],"relics":["Cracked Core","NeowsBlessing","Mercury Hourglass","Dream Catcher","Centennial Puzzle","Busted Crown","Strawberry","Bottled Flame","Nuclear Battery","WingedGreaves","Ginger"],"acts_visited":["Exordium","TheCity","TheBeyond"],"potions_floor_usage":[11,16,33,33,44,44],"damage_taken":[{"damage":0,"enemies":"2 Louse","floor":1,"turns":1},{"damage":0,"enemies":"Cultist","floor":3,"turns":1},{"damage":0,"enemies":"Small Slimes","floor":5,"turns":1},{"damage":18,"enemies":"3 Sentries","floor":6,"turns":9},{"damage":0,"enemies":"Blue Slaver","floor":8,"turns":2},{"damage":31,"enemies":"Gremlin Nob","floor":11,"turns":4},{"damage":0,"enemies":"Large Slime","floor":14,"turns":5},{"damage":13,"enemies":"Slime Boss","floor":16,"turns":4},{"damage":13,"enemies":"3 Byrds","floor":18,"turns":4},{"damage":0,"enemies":"Chosen","floor":22,"turns":3},{"damage":8,"enemies":"Gremlin Leader","floor":23,"turns":5},{"damage":19,"enemies":"Snake Plant","floor":24,"turns":3},{"damage":0,"enemies":"Cultist and Chosen","floor":25,"turns":4},{"damage":12,"enemies":"Centurion and Healer","floor":27,"turns":6},{"damage":1,"enemies":"Chosen and Byrds","floor":28,"turns":5},{"damage":10,"enemies":"Snake Plant","floor":31,"turns":3},{"damage":9,"enemies":"Champ","floor":33,"turns":9},{"damage":0,"enemies":"Orb Walker","floor":35,"turns":3},{"damage":5,"enemies":"3 Shapes","floor":36,"turns":4},{"damage":70,"enemies":"2 Orb Walkers","floor":37,"turns":4},{"damage":9,"enemies":"3 Darklings","floor":39,"turns":4},{"damage":15,"enemies":"Jaw Worm Horde","floor":42,"turns":5},{"damage":0,"enemies":"Spire Growth","floor":44,"turns":4},{"damage":0,"enemies":"Transient","floor":45,"turns":5},{"damage":13,"enemies":"4 Shapes","floor":48,"turns":3},{"damage":82,"enemies":"Time Eater","floor":50,"turns":6}],"seed_played":"1359523915605893772","potions_obtained":[{"floor":1,"key":"EssenceOfDarkness"},{"floor":11,"key":"BlessingOfTheForge"},{"floor":14,"key":"Fire Potion"},{"floor":16,"key":"AttackPotion"},{"floor":18,"key":"FocusPotion"},{"floor":24,"key":"FocusPotion"},{"floor":33,"key":"SteroidPotion"},{"floor":36,"key":"Strength Potion"},{"floor":39,"key":"CultistPotion"},{"floor":48,"key":"Fire Potion"}],"is_trial":false,"path_per_floor":["M","?","M","$","M","E","R","M","T","$","E","R","?","M","R","B",null,"M","?","$","?","M","E","M","M","T","M","M","R","$","M","R","B",null,"M","M","?","?","M","R","$","M","T","M","M","?","R","M","R","B"],"character_chosen":"DEFECT","items_purchased":["Beam Cell","BootSequence","Biased Cognition","Self Repair"],"campfire_rested":5,"item_purchase_floors":[4,10,20,41],"current_hp_per_floor":[75,75,75,75,75,57,57,57,57,57,26,48,48,48,70,57,75,62,62,62,62,62,68,56,56,56,51,57,57,57,54,78,76,82,82,82,19,19,17,41,41,40,40,40,54,75,75,69,82,0,0],"gold":77,"neow_bonus":"THREE_ENEMY_KILL","is_daily":false,"chose_seed":false,"campfire_upgraded":3,"win_rate":0.0,"timestamp":1609306172,"path_taken":["M","?","?","$","M","E","R","M","T","$","E","R","?","M","R","BOSS","M","?","$","?","M","E","M","?","T","M","M","R","$","M","R","BOSS","M","M","?","?","M","R","$","M","T","?","M","?","R","M","R","BOSS"],"items_purchased_type":["Card","Card","Card","Card"],"build_version":"2020-12-22","purchased_purges":4,"victory":false,"max_hp_per_floor":[75,75,75,75,75,75,75,75,75,75,75,75,75,75,75,75,75,75,75,75,75,75,82,82,82,82,82,82,82,82,82,82,82,82,82,82,82,82,82,82,82,82,82,82,82,82,82,82,82,82,82],"card_choices":[{"not_picked":["Loop","Leap"],"picked":"BootSequence","floor":1},{"not_picked":["Force Field","Go for the Eyes"],"picked":"Beam Cell","floor":3},{"not_picked":["Gash","Force Field"],"picked":"Cold Snap","floor":5},{"not_picked":["Melter","Sunder"],"picked":"Rip and Tear","floor":6},{"not_picked":["Reprogram","Ball Lightning"],"picked":"Fusion","floor":8},{"not_picked":["Compile Driver","Chaos"],"picked":"Coolheaded","floor":11},{"not_picked":["Redo","Compile Driver"],"picked":"Coolheaded","floor":12},{"not_picked":["Redo","Conserve Battery"],"picked":"Streamline","floor":14},{"not_picked":["Beam Cell","Sweeping Beam"],"picked":"Biased Cognition","floor":15},{"not_picked":["Thunder Strike","Amplify"],"picked":"Rainbow","floor":16},{"not_picked":[],"picked":"Chaos+1","floor":18},{"not_picked":[],"picked":"Coolheaded","floor":22},{"not_picked":[],"picked":"Static Discharge","floor":23},{"not_picked":[],"picked":"Sweeping Beam+1","floor":24},{"not_picked":[],"picked":"Ball Lightning+1","floor":25},{"not_picked":[],"picked":"Scrape+1","floor":27},{"not_picked":["Gash"],"picked":"SKIP","floor":28},{"not_picked":[],"picked":"Ball Lightning","floor":31},{"not_picked":[],"picked":"White Noise+1","floor":32},{"not_picked":[],"picked":"Buffer","floor":33},{"not_picked":[],"picked":"Streamline","floor":35},{"not_picked":["Lockon"],"picked":"SKIP","floor":36},{"not_picked":["Melter"],"picked":"SKIP","floor":39},{"not_picked":[],"picked":"White Noise+1","floor":40},{"not_picked":[],"picked":"Tempest+1","floor":42},{"not_picked":["Reprogram+1"],"picked":"SKIP","floor":44},{"not_picked":["Redo"],"picked":"SKIP","floor":45},{"not_picked":[],"picked":"Chaos+1","floor":48}],"player_experience":67782,"relics_obtained":[{"floor":6,"key":"Mercury Hourglass"},{"floor":9,"key":"Dream Catcher"},{"floor":11,"key":"Centennial Puzzle"},{"floor":23,"key":"Strawberry"},{"floor":26,"key":"Bottled Flame"},{"floor":37,"key":"WingedGreaves"},{"floor":43,"key":"Ginger"}],"event_choices":[{"cards_removed":["Strike_B"],"damage_healed":0,"gold_gain":0,"player_choice":"Offered Basic","damage_taken":0,"max_hp_gain":0,"max_hp_loss":0,"event_name":"Bonfire Elementals","floor":2,"gold_loss":0},{"damage_healed":0,"gold_gain":0,"player_choice":"Grow","damage_taken":0,"max_hp_gain":0,"max_hp_loss":0,"event_name":"Living Wall","floor":13,"gold_loss":0,"cards_upgraded":["Coolheaded"]},{"damage_healed":0,"gold_gain":0,"player_choice":"Read","damage_taken":0,"max_hp_gain":0,"max_hp_loss":0,"event_name":"The Library","floor":19,"gold_loss":0,"cards_obtained":["Self Repair"]},{"cards_removed":["Strike_B"],"damage_healed":0,"gold_gain":0,"player_choice":"Purged","damage_taken":0,"max_hp_gain":0,"max_hp_loss":0,"event_name":"Purifier","floor":21,"gold_loss":0},{"damage_healed":0,"gold_gain":0,"player_choice":"Fight","damage_taken":0,"max_hp_gain":0,"max_hp_loss":0,"event_name":"Mysterious Sphere","floor":37,"gold_loss":0},{"damage_healed":0,"gold_gain":0,"player_choice":"2 cards matched","damage_taken":0,"max_hp_gain":0,"max_hp_loss":0,"event_name":"Match and Keep!","floor":38,"gold_loss":0,"cards_obtained":["Skim","Zap"]},{"damage_healed":21,"gold_gain":0,"player_choice":"Writhe","damage_taken":0,"max_hp_gain":0,"max_hp_loss":0,"event_name":"Winding Halls","floor":46,"gold_loss":0,"cards_obtained":["Writhe"]}],"is_beta":false,"boss_relics":[{"not_picked":["Coffee Dripper","SlaversCollar"],"picked":"Busted Crown"},{"not_picked":["Fusion Hammer","Velvet Choker"],"picked":"Nuclear Battery"}],"items_purged_floors":[10,20,30,41],"is_endless":false,"potions_floor_spawned":[1,11,14,16,18,24,27,33,36,39,48],"killed_by":"Time Eater","ascension_level":0}}