{"host":"t574sm73kex1j5cr","time":1609366542,"event":{"mods":["BaseMod","Downfall","Duelist Mod","Hubris","Infinite Spire","Minty Spire (QoL Compilation)","Replay The Spire","StSLib","Td1madao Mod","The Animator","The Bug Knight","The Cursed"],"gold_per_floor":[125,125,188,203,61,61,103,103,130,130,140,166,97,77,77,176,176,204,204,204,217,217,255,530,530,530,557,557,570,570,587,587,683,708,721,732,732,732,732,732],"floor_reached":39,"playtime":4438,"items_purged":["animator:Strike","animator:Defend"],"score":513,"play_id":"0c868734-cdbf-4a5b-be9f-fe4a1a502ce7","local_time":"20201230171542","is_ascension_mode":true,"campfire_choices":[{"data":"animator:Vesta","floor":6,"key":"SMITH"},{"data":"animator:Evileye","floor":8,"key":"SMITH"},{"data":"animator:Eve","floor":10,"key":"SMITH"},{"data":"Replay:Fractal Strike","floor":25,"key":"SMITH"},{"data":"animator:Vesta","floor":28,"key":"SMITH"},{"data":"animator:Bozes","floor":30,"key":"SMITH"},{"data":"animator:Cocytus","floor":32,"key":"SMITH"}],"circlet_count":0,"master_deck":["animator:Benimaru","animator:Shuna","animator:Vesta+1","animator:Evileye+1","animator:Rimuru","animator:PandorasActor","animator:Eve+1","animator:Lancer","animator:Caster","animator:Shion","animator:Shizu","animator:YunYun","animator:GoblinSlayer","animator:Demiurge","RitualDagger","Replay:Fractal Strike+1","animator:Vesta+1","animator:Bozes+1","animator:Aisha","animator:Illya+1","animator:Cocytus+1","animator:Laby","animator:Bozes+1","animator:Rimuru","animator:Archer","animator:EmiyaShirou","animator:Gilgamesh+1","animator:Hakurou+1","animator:Sonic","infinitespire:Execution"],"relics":["hubris:VirtuousBlindfold","Snake Skull","theDuelist:CardPoolBasicRelic","Eternal Feather","animator:VividPicture","Apod","Counterbalance","infinitespire:Chaos","Bag of Preparation","Paper Frog","MealTicket","Replay:Grab Bag","ChewingGum","Philosopher\u0027s Stone","animator:RacePiece","Black Star"],"acts_visited":["Exordium","TheCity","TheBeyond"],"potions_floor_usage":[7,16,16,18,27,33,33,39,39,39],"damage_taken":[{"damage":1,"enemies":"Small Slimes","floor":1,"turns":3},{"damage":4,"enemies":"Jaw Worm","floor":4,"turns":5},{"damage":31,"enemies":"Gremlin Nob","floor":7,"turns":6},{"damage":4,"enemies":"Cultist","floor":11,"turns":3},{"damage":2,"enemies":"Looter","floor":12,"turns":3},{"damage":0,"enemies":"Slime Boss","floor":16,"turns":6},{"damage":6,"enemies":"Spheric Guardian","floor":18,"turns":4},{"damage":4,"enemies":"Shell Parasite","floor":21,"turns":4},{"damage":25,"enemies":"Book of Stabbing","floor":23,"turns":4},{"damage":7,"enemies":"animator:HornedBat","floor":27,"turns":3},{"damage":14,"enemies":"Centurion and Healer","floor":29,"turns":3},{"damage":15,"enemies":"Cultist and Chosen","floor":31,"turns":5},{"damage":6,"enemies":"Automaton","floor":33,"turns":5},{"damage":4,"enemies":"3 Shapes","floor":35,"turns":3},{"damage":0,"enemies":"Orb Walker","floor":36,"turns":2},{"damage":42,"enemies":"infinitespire:Three Voidlings","floor":39,"turns":5},{"damage":17,"enemies":"Nightmare_Alpha","floor":39,"turns":2}],"seed_played":"-8483076927270375351","potions_obtained":[{"floor":1,"key":"Block Potion"},{"floor":11,"key":"FearPotion"},{"floor":12,"key":"Energy Potion"},{"floor":14,"key":"Toxic Potion"},{"floor":18,"key":"animator:GrowthPotion"},{"floor":27,"key":"Adrenaline Potion"},{"floor":29,"key":"infinitespire:BlackPotion"},{"floor":31,"key":"Ancient Potion"},{"floor":33,"key":"SkillPotion"},{"floor":36,"key":"SpeedPotion"}],"is_trial":false,"path_per_floor":["M","?","?","M","$","R","E","R","T","R","M","M","$","?","R","B",null,"M","?","AVR","M","?","E","?","R","T","E","R","M","R","M","R","B",null,"M","M","?","?","?"],"character_chosen":"THE_ANIMATOR","items_purchased":["animator:Eve","animator:Shizu"],"campfire_rested":0,"item_purchase_floors":[5,13],"current_hp_per_floor":[65,65,40,37,37,37,18,18,18,18,27,37,37,37,37,37,77,73,67,67,63,63,38,38,50,50,44,56,42,57,42,57,51,80,77,77,77,58,0,0],"gold":732,"neow_bonus":"REMOVE_CARD","is_daily":false,"chose_seed":false,"campfire_upgraded":7,"win_rate":0.0,"timestamp":1609366542,"path_taken":["M","?","?","M","?","R","E","R","T","R","M","M","$","?","R","BOSS","M","?","AVR","M","?","E","?","R","T","E","R","?","R","M","R","BOSS","M","M","?","?","?"],"items_purchased_type":["Card","Card"],"build_version":"2020-12-22","purchased_purges":2,"victory":false,"max_hp_per_floor":[66,66,67,68,68,68,68,68,68,68,69,69,69,69,69,69,77,79,79,79,79,79,79,79,79,79,80,80,80,80,80,80,80,80,81,81,81,81,81,81],"card_choices":[{"not_picked":["animator:YunYun","animator:DwarfShaman"],"picked":"animator:Vesta","floor":1},{"not_picked":["animator:SilverFang","animator:MumenRider"],"picked":"animator:Evileye","floor":3},{"not_picked":["animator:Elsword","animator:MumenRider"],"picked":"animator:Rimuru","floor":3},{"not_picked":["animator:Darkness","animator:Alexander"],"picked":"animator:PandorasActor","floor":4},{"not_picked":["animator:Demiurge","animator:GoblinSlayer"],"picked":"animator:Lancer","floor":7},{"not_picked":["animator:Illya","animator:ShinjiMatou"],"picked":"animator:Caster","floor":11},{"not_picked":["animator:Guy","animator:RoryMercury"],"picked":"animator:Shion","floor":12},{"not_picked":["animator:Wiz","animator:SwordMaiden"],"picked":"animator:GoblinSlayer","floor":16},{"not_picked":["animator:Aqua","animator:HighElfArcher"],"picked":"animator:Demiurge","floor":18},{"not_picked":["animator:Kazuma+1","animator:PandorasActor"],"picked":"animator:Vesta","floor":21},{"not_picked":["animator:Aisha","animator:Elsword+1"],"picked":"animator:Illya+1","floor":23},{"not_picked":["animator:Elsword","animator:Priestess+1"],"picked":"animator:Cocytus","floor":27},{"not_picked":["animator:Kuribayashi","animator:Arpeggio"],"picked":"animator:Laby","floor":29},{"not_picked":["animator:RoryMercury","animator:Priestess+1"],"picked":"animator:Bozes+1","floor":31},{"not_picked":["animator:Shizu","animator:Saitama"],"picked":"animator:Rimuru","floor":33},{"not_picked":["animator:Kazuma","animator:AcuraTooru+1"],"picked":"animator:Hakurou+1","floor":35},{"not_picked":["animator:RoryMercury+1","animator:Shion+1"],"picked":"animator:Sonic","floor":36},{"not_picked":["ReplayTheSpireMod:Black Plague","infinitespire:Collect"],"picked":"infinitespire:Execution","floor":38}],"player_experience":122473,"relics_obtained":[{"floor":3,"key":"Meat on the Bone"},{"floor":7,"key":"Tiny Chest"},{"floor":23,"key":"Bag of Preparation"},{"floor":26,"key":"Paper Frog"},{"floor":27,"key":"MealTicket"}],"event_choices":[{"damage_healed":0,"gold_gain":0,"player_choice":"Bought 1 Potion","damage_taken":0,"max_hp_gain":0,"max_hp_loss":0,"event_name":"The Woman in Blue","floor":14,"gold_loss":0},{"damage_healed":0,"gold_gain":0,"player_choice":"Joined the Cult","damage_taken":6,"max_hp_gain":0,"max_hp_loss":0,"event_name":"Nest","floor":19,"gold_loss":0,"cards_obtained":["RitualDagger"]},{"damage_healed":0,"gold_gain":0,"cards_transformed":["animator:Defend","animator:Defend"],"player_choice":"Became Test Subject","damage_taken":0,"max_hp_gain":0,"max_hp_loss":0,"event_name":"Drug Dealer","floor":22,"gold_loss":0,"cards_obtained":["animator:Bozes","animator:Aisha"]},{"damage_healed":0,"gold_gain":275,"player_choice":"Desecrate","damage_taken":0,"max_hp_gain":0,"max_hp_loss":0,"event_name":"Golden Shrine","floor":24,"gold_loss":0,"cards_obtained":["Regret"]},{"damage_healed":0,"gold_gain":0,"player_choice":"Ignored","damage_taken":0,"max_hp_gain":0,"max_hp_loss":0,"event_name":"Tomb of Lord Red Mask","floor":37,"gold_loss":0}],"is_beta":false,"boss_relics":[{"not_picked":["Fusion Hammer","Astrolabe"],"picked":"animator:HolyGrailRelic"},{"not_picked":["Honey Jar","SacredBark"],"picked":"Replay:Grab Bag"},{"not_picked":["Runic Dome","infinitespire:Cupcake"],"picked":"ChewingGum"},{"not_picked":["Sozu","hubris:TerracottaHorce"],"picked":"Philosopher\u0027s Stone"},{"not_picked":["Replay:Drink Me","animator:CursedBlade"],"picked":"animator:RacePiece"},{"not_picked":["hubris:HollowSoul","Kintsugi"],"picked":"Black Star"}],"items_purged_floors":[5,20],"is_endless":false,"potions_floor_spawned":[1,11,12,18,27,29,31,33,36],"killed_by":"Nightmare_Alpha","ascension_level":1}}