{"host":"963ykkbusvcbqwtq","time":1609340324,"event":{"mods":["2.2 Compatiblity","AchievementEnabler","Arknights The Spire","BaseMod","Colored Map","GifTheSpireLib","GungeonMod","Lobotomy","Luminous","Minty Spire (QoL Compilation)","StSLib","SuperFastMode","The Bug Knight"],"gold_per_floor":[111,125,125,575,575,600,627,26,50,97,97,124,644,654,654,755,755,780,807,807,517,517,550,550,561,561,561,572,588,600,610,625,625,625,728,728,747,761,773,823,695,728,728,744,787,787,809,632,632,650,650,650],"floor_reached":53,"playtime":4506,"items_purged":["Pain","DemoMod:Strike_Huntress","DemoMod:Strike_Huntress","DemoMod:CrossBow","PunishingBird","Variant"],"score":698,"play_id":"9eecde13-946d-4868-aa67-ad4ad72a727e","local_time":"20201230235844","is_ascension_mode":false,"campfire_choices":[{"data":"DemoMod:ProbeStrike","floor":11,"key":"SMITH"},{"floor":15,"key":"REST"},{"data":"DemoMod:BattleInHaste","floor":24,"key":"SMITH"},{"data":"DemoMod:FortunesFavor","floor":27,"key":"SMITH"},{"data":"DemoMod:ZorGun","floor":33,"key":"SMITH"},{"data":"DemoMod:HungryBullets","floor":43,"key":"SMITH"},{"data":"DemoMod:PotionOfGunFriendShip","floor":51,"key":"SMITH"}],"circlet_count":0,"master_deck":["DemoMod:Defend_Huntress","DemoMod:Defend_Huntress+1","DemoMod:Roll","DemoMod:ManualReload+1","DemoMod:RustySidearm","VoidDream","DemoMod:ConditionalReflex","DemoMod:TableSutra","DemoMod:FullFirepower","DemoMod:LifeOrb","OSAHOGD","UniverseFragment","DemoMod:Slinger","DemoMod:ProbeStrike+1","DemoMod:PotionOfGunFriendShip+1","DemoMod:GunstockTap","DemoMod:ZorGun+1","DemoMod:BSG","DemoMod:Desperate","DemoMod:BulletBore","DemoMod:FortunesFavor+1","DemoMod:MegaHand","DemoMod:BattleInHaste+1","SilentOrchestra","DemoMod:FastSwitch+1","DemoMod:HungryBullets+1","DemoMod:TripleGun+1","DemoMod:FinishedGun","DemoMod:HungryBullets+1","Scarecrow"],"relics":["DemoMod:Dog","CogitoBucket","WarpedTongs","HollowMod:JonisBlessing","Pocketwatch","DemoMod:PortableTableDevice","War Paint","DemoMod:Plus1Bullets","DemoMod:MonsterBlood","BehaviorAdjustment","Membership Card","Matryoshka","DemoMod:JetPack","Empty Cage","HollowMod:LifeEnderRelic","Omamori","HollowMod:PaleOreRelic","AspirationHeart","DemoMod:RatBoots","DemoMod:ResourcefulSack","DemoMod:PartiallyEatenCheese","SacredBark","Velvet Choker","MealTicket","Gambling Chip","Art of War","DemoMod:Bottle","TungstenRod","DemoMod:MeatBun"],"acts_visited":["Exordium","TheCity","DemoMod:Maze","TheBeyond"],"potions_floor_usage":[],"damage_taken":[{"damage":0,"enemies":"Small Slimes","floor":1,"turns":6},{"damage":6,"enemies":"Cultist","floor":2,"turns":5},{"damage":27,"enemies":"Gremlin Nob","floor":6,"turns":5},{"damage":0,"enemies":"2 Louse","floor":7,"turns":6},{"damage":0,"enemies":"HollowMod:MossKnight","floor":10,"turns":6},{"damage":28,"enemies":"Exordium Wildlife","floor":12,"turns":7},{"damage":0,"enemies":"Looter","floor":14,"turns":2},{"damage":20,"enemies":"The Guardian","floor":16,"turns":9},{"damage":0,"enemies":"2 Thieves","floor":18,"turns":3},{"damage":0,"enemies":"Shell Parasite","floor":19,"turns":5},{"damage":9,"enemies":"Slavers","floor":23,"turns":4},{"damage":40,"enemies":"Snake Plant","floor":25,"turns":9},{"damage":0,"enemies":"DemoMod:2_Veteran_bullet_kins_and_red_shotgun_kin","floor":28,"turns":2},{"damage":0,"enemies":"DemoMod:Red_and_blue_shotgun_kin","floor":29,"turns":2},{"damage":0,"enemies":"DemoMod:Veteran_shot_gun_kin_and_red_shotgun_kin_with_gunsinger","floor":30,"turns":2},{"damage":0,"enemies":"DemoMod:Red_and_blue_shotgun_kin_with_gunsinger","floor":31,"turns":4},{"damage":0,"enemies":"DemoMod:Veteran_shot_gun_kin_and_blue_shotgun_kin","floor":32,"turns":1},{"damage":16,"enemies":"DemoMod:ResourcefulRat","floor":35,"turns":9},{"damage":0,"enemies":"3 Shapes","floor":37,"turns":4},{"damage":6,"enemies":"3 Darklings","floor":38,"turns":5},{"damage":0,"enemies":"Spire Growth","floor":39,"turns":3},{"damage":0,"enemies":"Mind Bloom Boss Battle","floor":40,"turns":6},{"damage":10,"enemies":"Giant Head","floor":42,"turns":9},{"damage":0,"enemies":"Maw","floor":44,"turns":9},{"damage":0,"enemies":"Writhing Mass","floor":45,"turns":5},{"damage":0,"enemies":"Writhing Mass","floor":47,"turns":7},{"damage":0,"enemies":"Transient","floor":50,"turns":5},{"damage":50,"enemies":"FixerMidnight","floor":52,"turns":7}],"seed_played":"-7877342969881986901","potions_obtained":[{"floor":28,"key":"BlessingOfTheForge"},{"floor":30,"key":"Energy Potion"},{"floor":31,"key":"Energy Potion"},{"floor":47,"key":"Ancient Potion"}],"is_trial":false,"path_per_floor":["M","M","?","$","?","E","M","$","T","E","R","M","$","M","R","B",null,"M","M","?","$","?","E","R","M","T","R","M","M","M","M","M","R","B","B",null,"M","M","M","?","$","E","R","M","T","T","M","$","?","M","R","B",null],"character_chosen":"HUNTRESS","items_purchased":["HollowMod:JonisBlessing","DemoMod:GnawedKey","DemoMod:FullFirepower","DemoMod:LifeOrb","DemoMod:PortableTableDevice","War Paint","DemoMod:Slinger","DemoMod:ProbeStrike","DemoMod:PotionOfGunFriendShip","Membership Card","Matryoshka","DemoMod:JetPack","DemoMod:ZorGun","HollowMod:LifeEnderRelic","DemoMod:BulletBore","DemoMod:FortunesFavor","DemoMod:HungryBullets","DemoMod:MeatBun"],"campfire_rested":1,"item_purchase_floors":[4,4,4,4,8,8,8,8,8,13,13,13,13,21,21,21,41,48],"current_hp_per_floor":[70,64,64,64,64,37,37,37,37,44,44,16,16,16,39,19,77,77,77,63,63,63,54,54,14,82,82,82,82,82,82,92,92,91,75,92,92,86,86,86,92,82,82,82,82,82,82,92,92,92,92,42],"gold":650,"neow_bonus":"","is_daily":false,"chose_seed":false,"campfire_upgraded":6,"win_rate":0.0,"timestamp":1609340324,"path_taken":["M","M","?","?","?","E","M","$","T","E","R","M","$","M","R","BOSS","M","M","?","$","?","E","R","M","T","R","M","M","M","M","M","R","BOSS","BOSS","M","M","?","?","$","E","R","M","T","?","M","$","?","M","R","BOSS"],"items_purchased_type":["Relic","Relic","Card","Card","Relic","Relic","Card","Card","Card","Relic","Relic","Relic","Card","Relic","Card","Card","Card","Relic"],"build_version":"2020-12-22","purchased_purges":6,"victory":true,"max_hp_per_floor":[70,70,70,70,70,70,70,70,70,77,77,77,77,77,77,77,77,77,77,82,82,82,82,82,82,82,82,82,82,82,82,92,92,92,92,92,92,92,92,92,92,92,92,92,92,92,92,92,92,92,92,92],"card_choices":[{"not_picked":["Wellcheers","FairyFestival"],"picked":"VoidDream","floor":1},{"not_picked":["DemoMod:Ejector","DemoMod:Polaris"],"picked":"DemoMod:ConditionalReflex","floor":1},{"not_picked":["DemoMod:BattleInHaste","DemoMod:Ejector"],"picked":"DemoMod:TableSutra","floor":2},{"not_picked":["ShyLook","Scorched"],"picked":"OSAHOGD","floor":6},{"not_picked":["DemoMod:HuntsMan","DemoMod:HardPowerCard","DemoMod:CombinedRifle"],"picked":"SKIP","floor":6},{"not_picked":["MeatLantern","SpiderBud"],"picked":"UniverseFragment","floor":7},{"not_picked":["DemoMod:Polaris","DemoMod:DoubleSwitch","DemoMod:SAA"],"picked":"SKIP","floor":7},{"not_picked":["DemoMod:ChanceBullets","DemoMod:Unity"],"picked":"DemoMod:GunstockTap","floor":10},{"not_picked":["DemoMod:JK47","DemoMod:StickyCrossBow","DemoMod:HuntsMan"],"picked":"SKIP","floor":12},{"not_picked":["ShyLook","SpiderBud"],"picked":"SingingMachine","floor":14},{"not_picked":["DemoMod:MegaHand","DemoMod:TeaPot"],"picked":"DemoMod:BSG","floor":14},{"not_picked":["DemoMod:SuppressiveFire","DemoMod:Eureka"],"picked":"DemoMod:Desperate","floor":16},{"not_picked":["DemoMod:TeaPot","DemoMod:Ejector","DemoMod:SAA+1"],"picked":"SKIP","floor":18},{"not_picked":["DemoMod:ProbeStrike+1","DemoMod:Polaris+1","DemoMod:ShadowBullets"],"picked":"SKIP","floor":19},{"not_picked":["DemoMod:TeaPot","DemoMod:DarkMarker"],"picked":"DemoMod:BattleInHaste","floor":23},{"not_picked":["DemoMod:HighKaliber","DemoMod:CursedBullets+1","DemoMod:EasyReloadBullets"],"picked":"SKIP","floor":25},{"not_picked":["BeautyBeast","FairyFestival"],"picked":"SilentOrchestra","floor":28},{"not_picked":["DemoMod:BattleInHaste+1","DemoMod:GunstockTap+1"],"picked":"DemoMod:FastSwitch+1","floor":28},{"not_picked":["DemoMod:Unmoved+1","DemoMod:StickyCrossBow+1"],"picked":"DemoMod:HungryBullets+1","floor":29},{"not_picked":["NothingThere","BlueStar"],"picked":"Variant","floor":30},{"not_picked":["DemoMod:GunstockTap","DemoMod:JK47+1","DemoMod:SAA+1"],"picked":"SKIP","floor":30},{"not_picked":["DemoMod:Purify+1","DemoMod:HardPowerCard","DemoMod:SkilledReload+1"],"picked":"SKIP","floor":31},{"not_picked":["FairyFestival","BlackSwan"],"picked":"PunishingBird","floor":32},{"not_picked":["DemoMod:BattleInHaste","DemoMod:Purify"],"picked":"DemoMod:TripleGun+1","floor":32},{"not_picked":["DemoMod:FullFirepower","DemoMod:BlackHoleGun"],"picked":"DemoMod:FinishedGun","floor":35},{"not_picked":["DemoMod:CursedBullets+1","DemoMod:MachoBrace","DemoMod:FastSwitch+1"],"picked":"SKIP","floor":37},{"not_picked":["DemoMod:HuntsMan","DemoMod:JK47","DemoMod:ConditionalReflex+1"],"picked":"SKIP","floor":38},{"not_picked":["DemoMod:StickyCrossBow+1","DemoMod:AC15","DemoMod:MegaHand+1"],"picked":"SKIP","floor":38},{"not_picked":["DemoMod:Polaris+1","DemoMod:SAA","DemoMod:DarkMarker"],"picked":"SKIP","floor":39},{"not_picked":["DemoMod:ConditionalReflex+1","DemoMod:ShadowBullets+1","DemoMod:Unmoved"],"picked":"SKIP","floor":42},{"not_picked":["DemoMod:BoxingGlove","DemoMod:FortunesFavor","DemoMod:EasyReloadBullets+1"],"picked":"SKIP","floor":44},{"not_picked":["HappyTeddy","DreamingCurrent"],"picked":"Scarecrow","floor":45},{"not_picked":["DemoMod:MachoBrace+1","DemoMod:TeaPot","DemoMod:StickyCrossBow"],"picked":"SKIP","floor":45},{"not_picked":["DemoMod:HighKaliber+1","DemoMod:TableSutra","DemoMod:Ejector"],"picked":"SKIP","floor":47},{"not_picked":["DemoMod:Rummage","DemoMod:PotionOfGunFriendShip+1","DemoMod:BoxingGlove"],"picked":"SKIP","floor":50}],"player_experience":211084,"relics_obtained":[{"floor":6,"key":"Pocketwatch"},{"floor":9,"key":"DemoMod:Plus1Bullets"},{"floor":10,"key":"DemoMod:MonsterBlood"},{"floor":23,"key":"Omamori"},{"floor":23,"key":"HollowMod:PaleOreRelic"},{"floor":36,"key":"DemoMod:RatBoots"},{"floor":36,"key":"DemoMod:ResourcefulSack"},{"floor":36,"key":"DemoMod:PartiallyEatenCheese"},{"floor":36,"key":"SacredBark"},{"floor":36,"key":"Velvet Choker"},{"floor":36,"key":"MealTicket"},{"floor":40,"key":"Gambling Chip"},{"floor":42,"key":"Art of War"},{"floor":45,"key":"DemoMod:Bottle"},{"floor":46,"key":"TungstenRod"}],"event_choices":[{"damage_healed":0,"gold_gain":0,"player_choice":"Rummage","damage_taken":0,"relics_obtained":["WarpedTongs"],"max_hp_gain":0,"max_hp_loss":0,"event_name":"Accursed Blacksmith","floor":3,"gold_loss":0,"cards_obtained":["Pain"]},{"cards_removed":["DemoMod:Strike_Huntress"],"damage_healed":0,"gold_gain":0,"player_choice":"Forget","damage_taken":0,"max_hp_gain":0,"max_hp_loss":0,"event_name":"Living Wall","floor":5,"gold_loss":0},{"damage_healed":0,"gold_gain":0,"player_choice":"Shed Blood","damage_taken":19,"max_hp_gain":5,"max_hp_loss":0,"event_name":"Forgotten Altar","floor":20,"gold_loss":0},{"damage_healed":0,"gold_gain":0,"cards_transformed":["DemoMod:Defend_Huntress"],"player_choice":"Transformed","damage_taken":0,"max_hp_gain":0,"max_hp_loss":0,"event_name":"Transmorgrifier","floor":22,"gold_loss":0,"cards_obtained":["DemoMod:MegaHand"]},{"damage_healed":0,"gold_gain":0,"player_choice":"Fight","damage_taken":0,"max_hp_gain":0,"max_hp_loss":0,"event_name":"MindBloom","floor":40,"gold_loss":0},{"damage_healed":0,"gold_gain":0,"player_choice":"Ignored","damage_taken":0,"max_hp_gain":0,"max_hp_loss":0,"event_name":"Tomb of Lord Red Mask","floor":49,"gold_loss":0}],"is_beta":false,"boss_relics":[{"not_picked":["DemoMod:Wolf","Coffee Dripper"],"picked":"Empty Cage"},{"not_picked":[]}],"items_purged_floors":[4,8,13,21,41,48],"is_endless":false,"potions_floor_spawned":[7,16,18,28,30,31,38,44,47,50],"ascension_level":0}}