{"host":"a0r743ak55y0wba1","time":1609302956,"event":{"mods":["BaseMod","Colored Map","Colored Powertips","Gold Saver","Minty Spire (QoL Compilation)","Remove Card Discount Mod","Shop Mod","StSLib","The Poker Player"],"gold_per_floor":[262,1000016,1000016,999157,999107,999107,999141,999141,999141,999141,999141,999141,998487,998520,998520,998616,998616,998636,998636,998652,997784,997798,997798,997809,997809,997836,998167,997440,997457,997470,997503,997503,997607,997607,997617,997632,997632,997682,997692,997719,997736,997736,997736],"floor_reached":42,"playtime":4358,"items_purged":["True Grit","Dropkick","Wild Strike","Twin Strike+1","Iron Wave","Shrug It Off","Pommel Strike","Armaments+1","Thunderclap","Entrench+1","Enlightenment","Iron Wave","Warcry","Metallicize+1"],"score":826,"play_id":"e395806d-666c-4bfb-bb87-6258becf98e3","local_time":"20201230133556","daily_mods":["Draft"],"is_ascension_mode":false,"campfire_choices":[{"data":"Entrench","floor":6.0,"key":"SMITH"},{"data":"Body Slam","floor":8.0,"key":"SMITH"},{"data":"Rage","floor":10.0,"key":"SMITH"},{"data":"Anger","floor":12.0,"key":"SMITH"},{"data":"Anger","floor":15.0,"key":"SMITH"},{"data":"Metallicize","floor":23.0,"key":"SMITH"},{"data":"Intimidate","floor":25.0,"key":"SMITH"},{"data":"Anger","floor":32,"key":"SMITH"}],"circlet_count":0,"master_deck":["Rage+1","Anger+1","Anger+1","Flash of Steel","Body Slam+1","Blind","Intimidate+1","Anger","Anger+1","Offering","Seeing Red+1","Barricade","CurseOfTheBell","Anger+1"],"relics":["Burning Blood","Regal Pillow","Unceasing Top","Akabeko","Self Forming Clay","Paper Frog","PreservedInsect","Pocketwatch","Bottled Flame","Sozu","InkBottle","Blood Vial","ClockworkSouvenir","Happy Flower","Old Coin","Bag of Preparation","Letter Opener","OrangePellets","Du-Vu Doll","Calling Bell","Ice Cream","Shovel","Strawberry"],"acts_visited":["TheBeyond"],"potions_floor_usage":[38,38,38],"damage_taken":[{"damage":11.0,"enemies":"Jaw Worm","floor":1.0,"turns":2.0},{"damage":5.0,"enemies":"Small Slimes","floor":2.0,"turns":3.0},{"damage":8.0,"enemies":"Gremlin Nob","floor":7.0,"turns":4.0},{"damage":9.0,"enemies":"3 Sentries","floor":14.0,"turns":3.0},{"damage":20.0,"enemies":"The Guardian","floor":16.0,"turns":6.0},{"damage":0.0,"enemies":"Chosen","floor":18.0,"turns":3.0},{"damage":0.0,"enemies":"Shell Parasite","floor":20.0,"turns":2.0},{"damage":0.0,"enemies":"3 Cultists","floor":22.0,"turns":3.0},{"damage":0.0,"enemies":"Snecko","floor":24.0,"turns":3.0},{"damage":0,"enemies":"Gremlin Leader","floor":27,"turns":3},{"damage":6,"enemies":"Centurion and Healer","floor":29,"turns":1},{"damage":6,"enemies":"Shelled Parasite and Fungi","floor":30,"turns":1},{"damage":6,"enemies":"Book of Stabbing","floor":31,"turns":1},{"damage":6,"enemies":"Automaton","floor":33,"turns":1},{"damage":43,"enemies":"3 Shapes","floor":35,"turns":2},{"damage":6,"enemies":"3 Darklings","floor":36,"turns":4},{"damage":16,"enemies":"4 Shapes","floor":37,"turns":5},{"damage":21,"enemies":"Mind Bloom Boss Battle","floor":38,"turns":5},{"damage":6,"enemies":"Spire Growth","floor":39,"turns":3},{"damage":6,"enemies":"Reptomancer","floor":40,"turns":4},{"damage":6,"enemies":"Writhing Mass","floor":41,"turns":5},{"damage":43,"enemies":"Nemesis","floor":42,"turns":6}],"seed_played":"-7926777661326251209","potions_obtained":[{"floor":2.0,"key":"LiquidMemories"}],"is_trial":true,"path_per_floor":["M","M","?","$","?","R","E","R","T","R","?","R","$","E","R","B",null,"M","?","M","$","M","R","M","R","T","E","$","M","M","E","R","B",null,"M","M","M","?","M","E","M","E"],"character_chosen":"IRONCLAD","items_purchased":["Unceasing Top","Akabeko","Flash of Steel","Fruit Juice","DistilledChaos","DuplicationPotion","PreservedInsect","Pocketwatch","Enlightenment","InkBottle","Blood Vial","ClockworkSouvenir","Blind","Intimidate","Anger","Bag of Preparation","Letter Opener","OrangePellets","Offering"],"campfire_rested":0,"item_purchase_floors":[4,4,4,4,4,4,13,13,13,21,21,21,21,21,21,28,28,28,28],"current_hp_per_floor":[75,76,69,74,74,74,72,72,72,72,55,55,55,52,52,38,85,85,85,85,85,85,85,85,85,85,85,85,85,85,85,85,85,85,48,50,42,29,31,40,42,1,1],"gold":997736,"neow_bonus":"","is_daily":false,"chose_seed":false,"campfire_upgraded":8,"win_rate":0.0,"timestamp":1609302956,"path_taken":["M","M","?","$","?","R","E","R","T","R","?","R","?","E","R","BOSS","M","?","M","$","M","R","M","R","T","E","$","?","M","E","R","BOSS","M","M","?","?","M","E","M","E"],"items_purchased_type":["Relic","Relic","Card","Potion","Potion","Potion","Relic","Relic","Card","Relic","Relic","Relic","Card","Card","Card","Relic","Relic","Relic","Card"],"build_version":"2020-12-22","purchased_purges":14,"victory":false,"max_hp_per_floor":[80,80,80,85,85,85,85,85,85,85,85,85,85,85,85,85,85,85,85,85,85,85,85,85,85,85,85,85,85,85,85,85,85,85,85,85,85,85,85,92,92,92,92],"card_choices":[{"not_picked":["Clothesline","Reckless Charge"],"picked":"Armaments","floor":0.0},{"not_picked":["Flex","Clash"],"picked":"Thunderclap","floor":0.0},{"not_picked":["True Grit","Iron Wave"],"picked":"Entrench","floor":0.0},{"not_picked":["Clash","Combust"],"picked":"True Grit","floor":0.0},{"not_picked":["Cleave","Warcry"],"picked":"Rage","floor":0.0},{"not_picked":["Sword Boomerang","Battle Trance"],"picked":"Pommel Strike","floor":0.0},{"not_picked":["True Grit","Headbutt"],"picked":"Dropkick","floor":0.0},{"not_picked":["Uppercut","Blood for Blood"],"picked":"Wild Strike","floor":0.0},{"not_picked":["Perfected Strike","Dark Embrace"],"picked":"Twin Strike","floor":0.0},{"not_picked":["Perfected Strike","Battle Trance"],"picked":"Shrug It Off","floor":0.0},{"not_picked":["Clash","Perfected Strike"],"picked":"Anger","floor":0.0},{"not_picked":["Heavy Blade","Shrug It Off"],"picked":"Anger","floor":0.0},{"not_picked":["Armaments","Thunderclap"],"picked":"Iron Wave","floor":0.0},{"not_picked":["Havoc","Inflame"],"picked":"Warcry","floor":0.0},{"not_picked":["True Grit","Searing Blow"],"picked":"Spot Weakness","floor":0.0},{"not_picked":["Headbutt","Havoc","Dual Wield"],"picked":"SKIP","floor":1.0},{"not_picked":["Disarm","Wild Strike","Clothesline"],"picked":"SKIP","floor":2.0},{"not_picked":["Armaments","Iron Wave"],"picked":"Body Slam","floor":7.0},{"not_picked":["Entrench","Iron Wave","Brutality"],"picked":"SKIP","floor":14.0},{"not_picked":["True Grit","Havoc"],"picked":"Metallicize","floor":18.0},{"not_picked":["Entrench","Headbutt+1","Perfected Strike"],"picked":"SKIP","floor":20.0},{"not_picked":["Twin Strike","Headbutt"],"picked":"Anger","floor":22.0},{"not_picked":["Heavy Blade","Pummel","Carnage"],"picked":"SKIP","floor":24.0},{"not_picked":["Thunderclap","Burning Pact","Sever Soul+1"],"picked":"SKIP","floor":27},{"not_picked":["Twin Strike","Whirlwind"],"picked":"Seeing Red+1","floor":29},{"not_picked":["Wild Strike+1","Body Slam","Whirlwind"],"picked":"SKIP","floor":30},{"not_picked":["Iron Wave+1","Heavy Blade","Flex"],"picked":"SKIP","floor":31},{"not_picked":["Berserk","Reaper"],"picked":"Barricade","floor":33},{"not_picked":["Iron Wave+1","Intimidate","True Grit+1"],"picked":"SKIP","floor":35},{"not_picked":["Warcry+1","Dropkick+1","Dual Wield"],"picked":"SKIP","floor":36},{"not_picked":["Wild Strike+1","Perfected Strike+1","Pommel Strike+1"],"picked":"SKIP","floor":37},{"not_picked":["Thunderclap+1","Twin Strike+1"],"picked":"Anger+1","floor":39},{"not_picked":["Exhume","Pummel+1","Cleave+1"],"picked":"SKIP","floor":40},{"not_picked":["Heavy Blade","Sword Boomerang","Power Through+1"],"picked":"SKIP","floor":41}],"player_experience":57179,"relics_obtained":[{"floor":7.0,"key":"Self Forming Clay"},{"floor":9.0,"key":"Paper Frog"},{"floor":14.0,"key":"Bottled Flame"},{"floor":26.0,"key":"Happy Flower"},{"floor":27,"key":"Old Coin"},{"floor":31,"key":"Du-Vu Doll"},{"floor":34,"key":"Ice Cream"},{"floor":38,"key":"Shovel"},{"floor":40,"key":"Strawberry"}],"event_choices":[{"damage_healed":0.0,"max_hp_gain":0.0,"max_hp_loss":0.0,"gold_gain":0.0,"event_name":"Scrap Ooze","player_choice":"Success","floor":3.0,"gold_loss":0.0,"damage_taken":7.0,"relics_obtained":["Regal Pillow"]},{"damage_healed":0.0,"max_hp_gain":0.0,"max_hp_loss":0.0,"gold_gain":0.0,"event_name":"World of Goop","player_choice":"Left Gold","floor":5.0,"gold_loss":50.0,"damage_taken":0.0},{"damage_healed":0.0,"max_hp_gain":0.0,"max_hp_loss":0.0,"gold_gain":0.0,"event_name":"Shining Light","player_choice":"Entered Light","floor":11.0,"gold_loss":0.0,"damage_taken":17.0,"cards_upgraded":["Armaments","Twin Strike"]},{"cards_removed":["Spot Weakness"],"damage_healed":0.0,"max_hp_gain":0.0,"max_hp_loss":0.0,"gold_gain":0.0,"event_name":"NoteForYourself","player_choice":"Took Card","floor":19.0,"gold_loss":0.0,"damage_taken":0.0,"cards_obtained":["Iron Wave"]},{"damage_healed":0,"gold_gain":0,"player_choice":"Fight","damage_taken":0,"max_hp_gain":0,"max_hp_loss":0,"event_name":"MindBloom","floor":38,"gold_loss":0}],"is_beta":false,"boss_relics":[{"not_picked":["Busted Crown","Snecko Eye"],"picked":"Sozu"},{"not_picked":["Fusion Hammer","Empty Cage"],"picked":"Calling Bell"}],"items_purged_floors":[4,13,21,28,28,28,28,28,28,28,28,28,28,28],"is_endless":true,"potions_floor_spawned":[2,14,16,18,24,27,31,39,40,41],"killed_by":"Nemesis","ascension_level":0}}