{"host":"981nlwu0905dw1bz","time":1609357423,"event":{"mods":["BaseMod","DeckTracker","Minty Spire (QoL Compilation)","Rare Cards Sparkle","SuperFastMode"],"gold_per_floor":[111,37,137,148,76,102,116,116,143,143,143,170,190,210,210,313,313,332,106,106,35,46,46,64,64,64,64,81,81,81,81,81],"floor_reached":31,"playtime":715,"items_purged":[],"score":398,"play_id":"6a0d00c4-53d6-43b6-89db-83391091284b","local_time":"20201231044343","is_ascension_mode":true,"campfire_choices":[{"floor":11.0,"key":"REST"},{"floor":15.0,"key":"REST"},{"data":"Self Repair","floor":23.0,"key":"SMITH"}],"circlet_count":0,"master_deck":["AscendersBane","Strike_B","Strike_B","Strike_B","Strike_B","Defend_B","Defend_B","Defend_B","Defend_B","Zap","Dualcast","Rebound","Defragment","Cold Snap","Auto Shields","Coolheaded","Conserve Battery+1","Capacitor","Self Repair+1","Buffer","Static Discharge","Electrodynamics","Melter"],"relics":["Cracked Core","DataDisk","Peace Pipe","WingedGreaves","Tiny Chest","Akabeko","Runic Pyramid","OrangePellets","Pear","Bird Faced Urn","Darkstone Periapt"],"acts_visited":["Exordium","TheCity"],"potions_floor_usage":[],"damage_taken":[{"damage":7.0,"enemies":"Jaw Worm","floor":1.0,"turns":2.0},{"damage":0.0,"enemies":"Cultist","floor":4.0,"turns":2.0},{"damage":29.0,"enemies":"Lagavulin","floor":6.0,"turns":6.0},{"damage":0.0,"enemies":"Small Slimes","floor":7.0,"turns":3.0},{"damage":0.0,"enemies":"Blue Slaver","floor":13.0,"turns":2.0},{"damage":23.0,"enemies":"Gremlin Gang","floor":14.0,"turns":4.0},{"damage":33.0,"enemies":"The Guardian","floor":16.0,"turns":15.0},{"damage":18.0,"enemies":"Shell Parasite","floor":18.0,"turns":9.0},{"damage":4.0,"enemies":"3 Byrds","floor":22.0,"turns":2.0},{"damage":27.0,"enemies":"Centurion and Healer","floor":24.0,"turns":7.0},{"damage":27.0,"enemies":"Shelled Parasite and Fungi","floor":28.0,"turns":6.0},{"damage":48,"enemies":"Snake Plant","floor":31,"turns":2}],"seed_played":"1992973225011110567","potions_obtained":[{"floor":1.0,"key":"PotionOfCapacity"},{"floor":4.0,"key":"Weak Potion"},{"floor":16.0,"key":"GamblersBrew"}],"is_trial":false,"path_per_floor":["M","$","?","M","$","E","M","T","T","?","R","T","M","M","R","B",null,"M","$","T","$","M","R","M","?","T","?","M","?","T","M"],"character_chosen":"DEFECT","items_purchased":["Defragment","Auto Shields","Static Discharge","OrangePellets","Electrodynamics"],"campfire_rested":2,"item_purchase_floors":[2,5,19,19,21],"current_hp_per_floor":[61,61,61,61,61,32,32,32,32,32,54,54,54,31,53,27,63,52,52,62,62,58,58,41,69,69,53,44,44,44,0,0],"gold":81,"neow_bonus":"RANDOM_COMMON_RELIC","is_daily":false,"chose_seed":false,"campfire_upgraded":1,"win_rate":0.0,"timestamp":1609357423,"path_taken":["M","$","?","M","$","E","?","?","T","?","R","?","?","M","R","BOSS","M","$","?","$","M","R","M","?","T","?","M","?","?","M"],"items_purchased_type":["Card","Card","Card","Relic","Card"],"build_version":"2020-12-22","purchased_purges":0,"victory":false,"max_hp_per_floor":[75,75,75,75,75,75,75,75,75,75,75,75,75,75,75,75,75,75,75,85,85,85,85,85,85,85,90,90,90,90,90,90],"card_choices":[{"not_picked":["Reprogram","Leap"],"picked":"Rebound","floor":1.0},{"not_picked":["Redo","Rebound"],"picked":"Cold Snap","floor":4.0},{"not_picked":["Ball Lightning","Reinforced Body"],"picked":"Coolheaded","floor":6.0},{"not_picked":["Chaos","Coolheaded"],"picked":"Conserve Battery","floor":7.0},{"not_picked":["Turbo","Reinforced Body"],"picked":"Capacitor","floor":13.0},{"not_picked":["Turbo","Chaos"],"picked":"Self Repair","floor":14.0},{"not_picked":["Amplify","All For One"],"picked":"Buffer","floor":16.0},{"not_picked":["Steam","Chaos","Sweeping Beam"],"picked":"SKIP","floor":18.0},{"not_picked":["Loop","Ball Lightning"],"picked":"Melter","floor":22.0},{"not_picked":["Turbo","Hello World","Compile Driver+1"],"picked":"SKIP","floor":24.0},{"not_picked":["Fusion","Tempest","Aggregate"],"picked":"SKIP","floor":28.0}],"player_experience":516088,"relics_obtained":[{"floor":6.0,"key":"Peace Pipe"},{"floor":8.0,"key":"WingedGreaves"},{"floor":9.0,"key":"Tiny Chest"},{"floor":12.0,"key":"Akabeko"},{"floor":20.0,"key":"Pear"},{"floor":26.0,"key":"Bird Faced Urn"},{"floor":30,"key":"Darkstone Periapt"}],"event_choices":[{"damage_healed":0.0,"max_hp_gain":0.0,"max_hp_loss":0.0,"gold_gain":100.0,"event_name":"Golden Shrine","player_choice":"Pray","floor":3.0,"gold_loss":0.0,"damage_taken":0.0},{"damage_healed":0.0,"max_hp_gain":0.0,"max_hp_loss":0.0,"gold_gain":0.0,"event_name":"Living Wall","player_choice":"Grow","floor":10.0,"gold_loss":0.0,"damage_taken":0.0,"cards_upgraded":["Conserve Battery"]},{"damage_healed":28.0,"max_hp_gain":0.0,"max_hp_loss":0.0,"gold_gain":0.0,"event_name":"The Library","player_choice":"Heal","floor":25.0,"gold_loss":0.0,"damage_taken":0.0},{"damage_healed":0.0,"max_hp_gain":5.0,"max_hp_loss":0.0,"gold_gain":0.0,"event_name":"Forgotten Altar","player_choice":"Shed Blood","floor":27.0,"gold_loss":0.0,"damage_taken":21.0},{"damage_healed":0,"gold_gain":0,"player_choice":"Ignored","damage_taken":0,"max_hp_gain":0,"max_hp_loss":0,"event_name":"The Mausoleum","floor":29,"gold_loss":0}],"is_beta":false,"boss_relics":[{"not_picked":["Runic Dome","Velvet Choker"],"picked":"Runic Pyramid"}],"items_purged_floors":[],"is_endless":false,"potions_floor_spawned":[1,4,16,24],"killed_by":"Snake Plant","ascension_level":12}}