{"host":"ydujlihd8f5px9gp","time":1609370190,"event":{"mods":["AchievementEnabler","BaseMod","Block Reminder","Colored Map","Minty Spire (QoL Compilation)","ojb\u0027s Info Mod"],"gold_per_floor":[116,126,141,158,158,188,152,152,152,166,229,229,62,77,77,179,179,179,179,179,179,179,179,179,34,34,34,34,34,34,34,34,34,34,34,0,0,0,0,0,0,0,0,0,0],"floor_reached":44,"playtime":3492,"items_purged":["Defend_G"],"score":496,"play_id":"4499c6ef-630e-4a25-b424-dea4b58be1fb","local_time":"20201230211630","is_ascension_mode":false,"campfire_choices":[{"data":"Neutralize","floor":8,"key":"SMITH"},{"floor":12,"key":"REST"},{"floor":15,"key":"REST"},{"data":"Tools of the Trade","floor":23,"key":"SMITH"},{"data":"Eviscerate","floor":32,"key":"SMITH"},{"floor":41,"key":"REST"}],"circlet_count":0,"master_deck":["Strike_G","Strike_G","Strike_G","Strike_G","Strike_G","Defend_G","Defend_G","Defend_G","Defend_G","Survivor","Neutralize+1","Dagger Throw","Underhanded Strike","Acrobatics","Escape Plan","Underhanded Strike","Leg Sweep","Eviscerate+1","Tools of the Trade+1","Acrobatics","Reflex+1","Dodge and Roll","Underhanded Strike+1","Envenom","Bouncing Flask","Phantasmal Killer","Acrobatics+1","Finisher+1","Underhanded Strike+1","Eviscerate+1","Underhanded Strike+1"],"relics":["Ring of the Snake","Ginger","Pear","The Specimen","Thread and Needle","Ectoplasm","Prayer Wheel","Sling","Regal Pillow","Molten Egg 2","SlaversCollar","Red Mask","PreservedInsect","Letter Opener"],"acts_visited":["Exordium","TheCity","TheBeyond"],"potions_floor_usage":[4,27,33,35,39,40,40],"damage_taken":[{"damage":2,"enemies":"Jaw Worm","floor":1,"turns":6},{"damage":0,"enemies":"Small Slimes","floor":2,"turns":4},{"damage":0,"enemies":"2 Louse","floor":3,"turns":2},{"damage":7,"enemies":"Lots of Slimes","floor":4,"turns":4},{"damage":45,"enemies":"Lagavulin","floor":6,"turns":7},{"damage":2,"enemies":"Blue Slaver","floor":10,"turns":4},{"damage":12,"enemies":"Gremlin Nob","floor":11,"turns":4},{"damage":1,"enemies":"3 Louse","floor":14,"turns":4},{"damage":40,"enemies":"The Guardian","floor":16,"turns":15},{"damage":1,"enemies":"Spheric Guardian","floor":18,"turns":4},{"damage":0,"enemies":"3 Byrds","floor":21,"turns":7},{"damage":7,"enemies":"Snake Plant","floor":22,"turns":6},{"damage":0,"enemies":"Chosen and Byrds","floor":24,"turns":4},{"damage":9,"enemies":"Cultist and Chosen","floor":27,"turns":8},{"damage":0,"enemies":"Centurion and Healer","floor":28,"turns":7},{"damage":0,"enemies":"Snake Plant","floor":31,"turns":3},{"damage":33,"enemies":"Champ","floor":33,"turns":9},{"damage":25,"enemies":"3 Darklings","floor":35,"turns":4},{"damage":6,"enemies":"3 Shapes","floor":37,"turns":2},{"damage":15,"enemies":"Writhing Mass","floor":38,"turns":5},{"damage":8,"enemies":"Jaw Worm Horde","floor":39,"turns":3},{"damage":0,"enemies":"Nemesis","floor":40,"turns":5},{"damage":18,"enemies":"Sphere and 2 Shapes","floor":42,"turns":5}],"seed_played":"-5857404563610287018","potions_obtained":[{"floor":2,"key":"Energy Potion"},{"floor":6,"key":"Ancient Potion"},{"floor":21,"key":"SteroidPotion"},{"floor":24,"key":"SkillPotion"},{"floor":27,"key":"SneckoOil"},{"floor":33,"key":"ColorlessPotion"},{"floor":35,"key":"Fire Potion"},{"floor":38,"key":"Swift Potion"},{"floor":42,"key":"Strength Potion"}],"is_trial":false,"path_per_floor":["M","M","M","M","$","E","?","R","T","M","?","R","$","M","R","B",null,"M","?","?","M","M","R","M","$","T","M","M","?","?","M","R","B",null,"M","?","M","M","M","E","R","M","T","R"],"character_chosen":"THE_SILENT","items_purchased":["Underhanded Strike","Leg Sweep","Sling"],"campfire_rested":3,"item_purchase_floors":[13,13,25],"current_hp_per_floor":[61,61,61,54,54,19,19,19,19,17,5,26,26,25,46,6,73,72,72,72,72,65,65,65,65,65,56,56,56,56,56,56,23,73,48,48,42,27,19,19,55,37,37,37,37],"gold":0,"neow_bonus":"ONE_RARE_RELIC","is_daily":false,"chose_seed":false,"campfire_upgraded":3,"win_rate":0.0,"timestamp":1609370190,"path_taken":["M","M","M","M","$","E","?","R","T","M","?","R","$","M","R","BOSS","M","?","?","M","M","R","M","$","T","?","M","?","?","M","R","BOSS","M","?","M","M","M","E","R","M","T","R"],"items_purchased_type":["Card","Card","Relic"],"build_version":"2020-12-22","purchased_purges":1,"victory":false,"max_hp_per_floor":[63,63,63,63,63,73,73,73,73,73,73,73,73,73,73,73,73,73,73,73,73,73,73,73,73,73,73,73,73,73,73,73,73,73,73,73,73,73,73,73,73,73,73,73,73],"card_choices":[{"not_picked":["Quick Slash","Noxious Fumes"],"picked":"Dagger Throw","floor":1},{"not_picked":["Eviscerate","Dagger Spray"],"picked":"Underhanded Strike","floor":2},{"not_picked":["Deadly Poison","Deflect"],"picked":"Acrobatics","floor":3},{"not_picked":["Crippling Poison","Deflect"],"picked":"Quick Slash","floor":4},{"not_picked":["Poisoned Stab","Caltrops","Bane"],"picked":"SKIP","floor":6},{"not_picked":["Choke","Crippling Poison"],"picked":"Escape Plan","floor":10},{"not_picked":["Deadly Poison","All Out Attack"],"picked":"Burst","floor":11},{"not_picked":["Riddle With Holes","Blur"],"picked":"Eviscerate","floor":14},{"not_picked":["Unload","Night Terror"],"picked":"Tools of the Trade","floor":16},{"not_picked":["Leg Sweep","Escape Plan+1"],"picked":"Backstab","floor":18},{"not_picked":["Flying Knee+1","Riddle With Holes+1"],"picked":"Acrobatics","floor":21},{"not_picked":["Skewer","Deadly Poison","Noxious Fumes+1"],"picked":"SKIP","floor":21},{"not_picked":["Deadly Poison","Cloak And Dagger"],"picked":"Reflex+1","floor":22},{"not_picked":["Bouncing Flask","Masterful Stab+1"],"picked":"Dodge and Roll","floor":22},{"not_picked":["Flechettes+1","Skewer","Malaise"],"picked":"SKIP","floor":24},{"not_picked":["Outmaneuver","Terror","Sucker Punch"],"picked":"SKIP","floor":24},{"not_picked":["Poisoned Stab","Crippling Poison","Flying Knee+1"],"picked":"SKIP","floor":27},{"not_picked":["Sucker Punch","Dodge and Roll","Doppelganger"],"picked":"SKIP","floor":27},{"not_picked":["Flechettes","Riddle With Holes"],"picked":"Underhanded Strike+1","floor":28},{"not_picked":["PiercingWail","Slice","Cloak And Dagger+1"],"picked":"SKIP","floor":28},{"not_picked":["Endless Agony+1","PiercingWail","Bouncing Flask+1"],"picked":"SKIP","floor":31},{"not_picked":["Dodge and Roll+1","Bouncing Flask","Infinite Blades"],"picked":"SKIP","floor":31},{"not_picked":["Venomology","Wraith Form v2"],"picked":"Phantasmal Killer","floor":33},{"not_picked":["Sucker Punch+1","Backflip+1"],"picked":"Acrobatics+1","floor":35},{"not_picked":["Blade Dance+1","Heel Hook+1","Deadly Poison"],"picked":"SKIP","floor":35},{"not_picked":["Infinite Blades+1","Backstab+1","Prepared"],"picked":"SKIP","floor":37},{"not_picked":["Blade Dance+1","Quick Slash+1","Cloak And Dagger+1"],"picked":"SKIP","floor":37},{"not_picked":["Outmaneuver","Noxious Fumes"],"picked":"Finisher+1","floor":38},{"not_picked":["Burst","Leg Sweep"],"picked":"Underhanded Strike+1","floor":38},{"not_picked":["Backstab+1","Endless Agony+1"],"picked":"Eviscerate+1","floor":39},{"not_picked":["Dagger Spray+1","Endless Agony+1","Outmaneuver+1"],"picked":"SKIP","floor":39},{"not_picked":["Quick Slash+1","Burst","Noxious Fumes"],"picked":"SKIP","floor":40},{"not_picked":["Leg Sweep+1","Bane+1"],"picked":"Underhanded Strike+1","floor":42},{"not_picked":["Backflip","Dodge and Roll+1","Outmaneuver+1"],"picked":"SKIP","floor":42}],"player_experience":74855,"relics_obtained":[{"floor":6,"key":"Pear"},{"floor":9,"key":"The Specimen"},{"floor":11,"key":"Thread and Needle"},{"floor":26,"key":"Regal Pillow"},{"floor":40,"key":"PreservedInsect"},{"floor":43,"key":"Letter Opener"}],"event_choices":[{"damage_healed":0,"gold_gain":0,"player_choice":"Left Gold","damage_taken":0,"max_hp_gain":0,"max_hp_loss":0,"event_name":"World of Goop","floor":7,"gold_loss":36},{"damage_healed":0,"gold_gain":0,"player_choice":"Searched \u00271\u0027 times","damage_taken":0,"max_hp_gain":0,"max_hp_loss":0,"event_name":"Dead Adventurer","floor":11,"gold_loss":0},{"damage_healed":0,"gold_gain":0,"player_choice":"Ignored","damage_taken":0,"max_hp_gain":0,"max_hp_loss":0,"event_name":"Vampires","floor":19,"gold_loss":0},{"cards_removed":["Quick Slash"],"damage_healed":0,"gold_gain":0,"player_choice":"Gave Card","damage_taken":0,"relics_obtained":["Prayer Wheel"],"max_hp_gain":0,"max_hp_loss":0,"event_name":"WeMeetAgain","floor":20,"gold_loss":0},{"damage_healed":0,"gold_gain":0,"cards_transformed":["Burst","Backstab"],"player_choice":"Became Test Subject","damage_taken":0,"max_hp_gain":0,"max_hp_loss":0,"event_name":"Drug Dealer","floor":29,"gold_loss":0,"cards_obtained":["Envenom","Bouncing Flask"]},{"damage_healed":0,"gold_gain":0,"player_choice":"Opened","damage_taken":0,"relics_obtained":["Molten Egg 2"],"max_hp_gain":0,"max_hp_loss":0,"event_name":"The Mausoleum","floor":30,"gold_loss":0},{"damage_healed":0,"gold_gain":0,"player_choice":"Paid","damage_taken":0,"relics_obtained":["Red Mask"],"max_hp_gain":0,"max_hp_loss":0,"event_name":"Tomb of Lord Red Mask","floor":36,"gold_loss":34}],"is_beta":false,"boss_relics":[{"not_picked":["Calling Bell","Runic Dome"],"picked":"Ectoplasm"},{"not_picked":["SacredBark","Astrolabe"],"picked":"SlaversCollar"}],"items_purged_floors":[13],"is_endless":false,"potions_floor_spawned":[2,6,21,24,27,33,35,38,42],"ascension_level":0}}