{"host":"ecuvtzmejf7hhjpv","time":1609290888,"event":{"mods":["AchievementEnabler","Act Like it!","Aspiration","BaseMod","Better Altar","Better Match","Better Note","Better Sensory Stone","Better Skull","Better Third Choice","BetterRewards","Conspire","Custom Start","Gensokyo","GifTheSpireLib","Hallownest","Hermit","Hubris","Kratos Character Expansion","Marisa????????","Minty Spire (QoL Compilation)","Prisma Mod","Replay The Spire","Spicy Shops","StSLib","The Animator","The Blackbeard","The Bug Knight","The Forsaken","The Hierophant","The Jungle","The Necromancer","The Poker Player","The Wild Card"],"gold_per_floor":[112,43,55,74,91,91,126,126,126,170,189,208,208,231,231,350,350,374,374,374,408,426,426,469,127,127,141,103,137,152,196,196,335,335,359,416,416,436,460,508,508,548,548,567,595,625,368,383,383,390,390,390,96,129,136],"floor_reached":56,"playtime":2946,"items_purged":["Spreading Infection"],"score":2114,"play_id":"53f3d5b6-a853-428c-8494-268ef585df05","local_time":"20201229191448","is_ascension_mode":true,"campfire_choices":[{"data":"hermit:Dive","floor":6.0,"key":"SMITH"},{"floor":13.0,"key":"REST"},{"data":"theForsaken:DefensiveStance","floor":15.0,"key":"SMITH"},{"floor":23.0,"key":"RECALL"},{"data":"hermit:Vantage","floor":32.0,"key":"SMITH"},{"data":"hermit:Brawl","floor":49.0,"key":"SMITH"},{"data":"hermit:CalledShot","floor":52.0,"key":"SMITH"}],"circlet_count":0,"master_deck":["hermit:Strike_Hermit","hermit:Strike_Hermit","hermit:Strike_Hermit","hermit:Strike_Hermit","hermit:Defend_Hermit","hermit:Defend_Hermit","hermit:Defend_Hermit","hermit:Defend_Hermit","hermit:Snapshot","hermit:Covet","hermit:Vantage+1","hermit:Snapshot","hermit:Headshot","hermit:Quickdraw","ReplayTheSpireMod:Brewmster+1","Dramatic Entrance+1","Good Instincts","hermit:Determination","theForsaken:DefensiveStance+1","hermit:Dive+1","hermit:CursedWeapon","hermit:Ricochet","hermit:Enervate","hermit:Determination","hermit:Dive","ReplayUltimateDefense+1","hermit:Enervate+1","hermit:BigShot","theForsaken:TearsOfSunlight","hermit:CalledShot+1","hermit:FlashPowder","theForsaken:DivineGuidance","hermit:Scavenge+1","hermit:Brawl+1","hermit:Roughhouse","hermit:CalledShot+1","hermit:CalledShot+1","hermit:Determination+1"],"relics":["hermit:Momento","hubris:DisguiseKit","ReplayTheSpireMod:ShopPack","Gremlin Food","DollysMirror","theForsaken:Lifeblossom","ReplayTheSpireMod:CursedCoin","Replay:Rubber Ducky","hubris:MysteriousPyramids","Golden Idol","hermit:Horseshoe","Replay:Mystery Machine","Snecko Heart","Red Mask","hermit:Spyglass","Guide Book","CeramicFish","ReplayFunnel","aspiration:FutureDiary","Garlic","Replay:Towering Pillar of Hats","hubris:Towel","aspiration:Lifesprig","Kunai","Unceasing Top","Orrery","Replay:Baseball","Membership Card","theForsaken:HumbleEgg"],"acts_visited":["Exordium","TheCity","TheBeyond","TheEnding"],"potions_floor_usage":[55,55,55,55,55,55,55],"damage_taken":[{"damage":0.0,"enemies":"conspire:RoseBush","floor":1.0,"turns":2.0},{"damage":0.0,"enemies":"2 Louse","floor":3.0,"turns":2.0},{"damage":0.0,"enemies":"Cultist","floor":4.0,"turns":4.0},{"damage":0.0,"enemies":"Blue Slaver","floor":5.0,"turns":3.0},{"damage":0.0,"enemies":"HollowMod:MossKnight","floor":7.0,"turns":7.0},{"damage":0.0,"enemies":"Gremlin Nob","floor":10.0,"turns":3.0},{"damage":14.0,"enemies":"conspire:2 RoseBushes","floor":11.0,"turns":9.0},{"damage":7.0,"enemies":"Large Slime","floor":12.0,"turns":3.0},{"damage":2.0,"enemies":"Blue Slaver","floor":14.0,"turns":1.0},{"damage":3.0,"enemies":"Slime Boss","floor":16.0,"turns":9.0},{"damage":0.0,"enemies":"2 Thieves","floor":18.0,"turns":5.0},{"damage":0.0,"enemies":"Masked Bandits","floor":21.0,"turns":5.0},{"damage":6.0,"enemies":"Snecko","floor":22.0,"turns":5.0},{"damage":2.0,"enemies":"conspire:Head Lice","floor":24.0,"turns":7.0},{"damage":2.0,"enemies":"conspire:HollyBat","floor":27.0,"turns":8.0},{"damage":2.0,"enemies":"Slavers","floor":29.0,"turns":5.0},{"damage":2.0,"enemies":"Centurion and Healer","floor":30.0,"turns":4.0},{"damage":5.0,"enemies":"Book of Stabbing","floor":31.0,"turns":5.0},{"damage":27.0,"enemies":"Pondfish","floor":33.0,"turns":12.0},{"damage":0.0,"enemies":"Orb Walker","floor":35.0,"turns":5.0},{"damage":14.0,"enemies":"conspire:MimicChest","floor":36.0,"turns":9.0},{"damage":0.0,"enemies":"3 Shapes","floor":38.0,"turns":2.0},{"damage":2.0,"enemies":"Writhing Mass","floor":39.0,"turns":6.0},{"damage":2.0,"enemies":"Giant Head","floor":40.0,"turns":9.0},{"damage":2.0,"enemies":"R_Hoarder","floor":42.0,"turns":8.0},{"damage":0.0,"enemies":"4 Shapes","floor":44.0,"turns":7.0},{"damage":8.0,"enemies":"3 Darklings","floor":45.0,"turns":8.0},{"damage":8.0,"enemies":"Spire Growth","floor":46.0,"turns":6.0},{"damage":1.0,"enemies":"Sphere and 2 Shapes","floor":48.0,"turns":3.0},{"damage":3.0,"enemies":"Time Eater","floor":50.0,"turns":12.0},{"damage":35.0,"enemies":"Shield and Spear","floor":54.0,"turns":9.0},{"damage":101,"enemies":"The Heart","floor":55,"turns":13}],"seed_played":"-8231463752669631227","potions_obtained":[{"floor":1.0,"key":"FairyPotion"},{"floor":3.0,"key":"Adrenaline Potion"},{"floor":5.0,"key":"Weak Potion"},{"floor":11.0,"key":"hermit:BlackBile"},{"floor":16.0,"key":"DistilledChaos"},{"floor":33.0,"key":"Regen Potion"},{"floor":38.0,"key":"Ancient Potion"},{"floor":39.0,"key":"Energy Potion"}],"is_trial":false,"path_per_floor":["M","$","M","M","M","R","E","?","T","E","M","M","R","M","R","B",null,"M","?","?","?","M","R","E","$","T","M","$","E","M","E","R","B",null,"M","?","?","M","M","E","?","E","T","M","M","M","$","M","R","B",null,"R","$","E","B",null],"character_chosen":"HERMIT","items_purchased":["hubris:DisguiseKit","ReplayTheSpireMod:ShopPack","hermit:Vantage","Gremlin Food","DollysMirror","hermit:Headshot","theForsaken:Lifeblossom","hermit:Quickdraw","ReplayTheSpireMod:CursedCoin","Replay:Rubber Ducky","ReplayUltimateDefense","Guide Book","hermit:BigShot","Unceasing Top","hermit:Roughhouse","Orrery","Replay:Baseball","Membership Card"],"campfire_rested":1,"item_purchase_floors":[0,0,0,0,0,0,0,0,2,2,25,25,28,47,47,47,53,53],"current_hp_per_floor":[36,36,39,45,50,50,56,38,38,43,35,33,55,53,53,56,75,75,75,75,75,69,69,73,73,73,73,73,75,73,72,72,64,75,75,75,75,75,75,75,75,75,75,75,75,75,75,74,74,75,75,75,75,61,18],"gold":136,"neow_bonus":"","is_daily":false,"chose_seed":false,"campfire_upgraded":5,"win_rate":0.0,"timestamp":1609290888,"path_taken":["M","$","M","M","M","R","E","?","T","E","M","M","R","M","R","BOSS","M","?","?","?","M","R","E","?","T","M","$","E","M","E","R","BOSS","M","?","?","M","M","E","?","E","T","M","M","M","$","M","R","BOSS","R","$","E","BOSS"],"items_purchased_type":["Relic","Relic","Card","Relic","Relic","Card","Relic","Card","Relic","Relic","Card","Relic","Card","Relic","Card","Relic","Relic","Relic"],"build_version":"2020-12-22","purchased_purges":1,"victory":true,"max_hp_per_floor":[75,75,75,75,75,75,75,75,75,75,75,75,75,75,75,75,75,75,75,75,75,75,75,75,75,75,75,75,75,75,75,75,75,75,75,75,75,75,75,75,75,75,75,75,75,75,75,75,75,75,75,75,75,75,75],"card_choices":[{"not_picked":["ReplayTheSpireMod:Necrogeddon","Mayhem","The Bomb"],"picked":"ReplayTheSpireMod:Brewmster","floor":0.0},{"not_picked":["KratosMod:FullCounter","Forethought","ReplayTheSpireMod:Private Reserves"],"picked":"Dramatic Entrance","floor":0.0},{"not_picked":["Mind Blast","Panacea","Survey Options"],"picked":"Good Instincts","floor":0.0},{"not_picked":["hermit:Enervate","hermit:Quickdraw","theForsaken:RainingSunlight"],"picked":"hermit:Determination","floor":1.0},{"not_picked":["hermit:Roulette","hermit:Ricochet","hermit:Snipe"],"picked":"theForsaken:DefensiveStance","floor":3.0},{"not_picked":["hermit:Ricochet","hermit:Coalescence","theForsaken:ShieldCharge"],"picked":"hermit:Dive","floor":4.0},{"not_picked":["hermit:Glare","hermit:Desperado","hermit:EternalForm","theForsaken:CowardsBrand"],"picked":"SKIP","floor":5.0},{"not_picked":["hermit:Dive","hermit:RoundhouseKick","theForsaken:HymnOfPatience"],"picked":"hermit:CursedWeapon","floor":7.0},{"not_picked":["hermit:BodyArmor","hermit:Dive","hermit:HeroicBravado","theForsaken:HymnOfPatience"],"picked":"SKIP","floor":10.0},{"not_picked":["hermit:HoleUp","hermit:TakeCover","theForsaken:PanicDive"],"picked":"hermit:Ricochet","floor":11.0},{"not_picked":["hermit:Snipe","hermit:Gestalt","hermit:Ricochet","theForsaken:CleansingLight"],"picked":"SKIP","floor":12.0},{"not_picked":["hermit:Misfire","hermit:WideOpen","theForsaken:FuryStrikes"],"picked":"hermit:Enervate","floor":14.0},{"not_picked":["hermit:EyeOfTheStorm","hermit:Vantage","theForsaken:PanicDive"],"picked":"hermit:Determination","floor":18.0},{"not_picked":["hermit:HoleUp","hermit:Vantage","hermit:Quickdraw","theForsaken:CreepingInfection"],"picked":"SKIP","floor":22.0},{"not_picked":["hermit:Dissolve","hermit:WideOpen","theForsaken:ShieldCharge"],"picked":"hermit:Dive","floor":24.0},{"not_picked":["hermit:HighCaliber","hermit:Dive","theForsaken:Terrorize"],"picked":"hermit:Enervate+1","floor":27.0},{"not_picked":["hermit:ItchyTrigger","hermit:Combo","hermit:LowProfile+1","theForsaken:Eulogy"],"picked":"SKIP","floor":29.0},{"not_picked":["hermit:Glare","hermit:EyeOfTheStorm","hermit:Roulette","theForsaken:CowardsBrand"],"picked":"SKIP","floor":30.0},{"not_picked":["hermit:Dive","hermit:Misfire","hermit:Gestalt+1","theForsaken:BlessedWeapon"],"picked":"SKIP","floor":31.0},{"not_picked":["hermit:Purgatory","hermit:Adapt","hermit:RoundhouseKick"],"picked":"theForsaken:TearsOfSunlight","floor":33.0},{"not_picked":["hermit:HighCaliber+1","hermit:Headshot+1","hermit:Midnight+1","theForsaken:ScorchingSunlight"],"picked":"SKIP","floor":35.0},{"not_picked":["hermit:PistolWhip+1","hermit:ItchyTrigger","theForsaken:HorrifyingStrike"],"picked":"hermit:CalledShot+1","floor":36.0},{"not_picked":["hermit:LowProfile","hermit:Coalescence+1","hermit:Headshot","theForsaken:WordsOfMight"],"picked":"SKIP","floor":38.0},{"not_picked":["hermit:Manifest+1","hermit:WideOpen+1","theForsaken:ScorchingSunlight"],"picked":"hermit:FlashPowder","floor":39.0},{"not_picked":["hermit:Quickdraw","hermit:Feint+1","hermit:BodyArmor+1"],"picked":"theForsaken:DivineGuidance","floor":40.0},{"not_picked":["hermit:HighCaliber","hermit:Snipe","hermit:Maintenance","theForsaken:HorrifyingStrike"],"picked":"SKIP","floor":42.0},{"not_picked":["hermit:BodyArmor","hermit:LowProfile","hermit:Misfire+1","theForsaken:ChargeAttack"],"picked":"SKIP","floor":44.0},{"not_picked":["hermit:Headshot+1","hermit:HighCaliber","theForsaken:Thunderbolt"],"picked":"hermit:Scavenge+1","floor":45.0},{"not_picked":["hermit:Determination","hermit:Shortfuse+1","theForsaken:ShieldBash"],"picked":"hermit:Brawl","floor":46.0},{"not_picked":["hermit:HighCaliber","hermit:Dissolve","theForsaken:ChargeAttack"],"picked":"hermit:CalledShot","floor":47.0},{"not_picked":["hermit:Desperado","hermit:Manifest+1","theForsaken:PanicDive"],"picked":"hermit:CalledShot+1","floor":47.0},{"not_picked":["hermit:ItchyTrigger+1","hermit:Vantage","theForsaken:Parry"],"picked":"hermit:Determination+1","floor":47.0},{"not_picked":["hermit:PistolWhip","hermit:ItchyTrigger","hermit:Feint","theForsaken:BindingThorns"],"picked":"SKIP","floor":48.0},{"not_picked":["hermit:Misfire+1","hermit:Roulette+1","hermit:Maintenance","theForsaken:CreepingInfection+1"],"picked":"SKIP","floor":54}],"player_experience":912302,"relics_obtained":[{"floor":7.0,"key":"hubris:MysteriousPyramids"},{"floor":9.0,"key":"hermit:Horseshoe"},{"floor":10.0,"key":"Replay:Mystery Machine"},{"floor":21.0,"key":"Red Mask"},{"floor":24.0,"key":"hermit:Spyglass"},{"floor":29.0,"key":"CeramicFish"},{"floor":31.0,"key":"ReplayFunnel"},{"floor":36.0,"key":"Garlic"},{"floor":40.0,"key":"Replay:Towering Pillar of Hats"},{"floor":42.0,"key":"aspiration:Lifesprig"},{"floor":43.0,"key":"Kunai"},{"floor":54,"key":"theForsaken:HumbleEgg"}],"event_choices":[{"damage_healed":0.0,"max_hp_gain":0.0,"max_hp_loss":0.0,"gold_gain":0.0,"event_name":"Golden Idol","player_choice":"Take Damage","floor":8.0,"gold_loss":0.0,"damage_taken":18.0,"relics_obtained":["Golden Idol"]},{"damage_healed":0.0,"max_hp_gain":0.0,"max_hp_loss":0.0,"gold_gain":0.0,"event_name":"betterNote:BetterNote","player_choice":"Ignored","floor":19.0,"gold_loss":0.0,"damage_taken":0.0,"cards_obtained":["Strike_G"]},{"damage_healed":0.0,"max_hp_gain":0.0,"max_hp_loss":0.0,"gold_gain":0.0,"event_name":"Masked Bandits","player_choice":"Fought Bandits","floor":21.0,"gold_loss":0.0,"damage_taken":0.0}],"is_beta":false,"boss_relics":[{"not_picked":["conspire:SlowCooker","hermit:BartenderGlass"],"picked":"Snecko Heart"},{"not_picked":["conspire:RoyalGoblet","Velvet Choker"],"picked":"aspiration:FutureDiary"}],"items_purged_floors":[2],"is_endless":false,"potions_floor_spawned":[1,3,5,11,14,16,18,21,22,29,33,38,39,40,42,45],"ascension_level":1}}