{"host":"z9grmtg2w0nmz8n1","time":1609304620,"event":{"mods":["Aspiration","Bard","BaseMod","Beaked The Cultist","Better Altar","Better Match","Better Note","Better Sensory Stone","Better Skull","Better Third Choice","BetterRewards","CCEM","Colored Map","Conspire","Downfall","GifTheSpireLib","Googly Eyes","Halation","Hermit","Highlight Path","Hubris","Hunter ??","Jedi Mod","Jorbs\u0027s Wanderer Trilogy","Mad Scientist","Marisa????????","Minty Spire (QoL Compilation)","Permanent Neow","Replay The Spire","Shade Mod","Shop Mod","Spicy Shops","StSLib","Stuff the Spire","The Bug Knight","The Construct","The Necromancer","The Runesmith","The Witch"],"gold_per_floor":[113,38,38,38,38,66,66,100,100,174,174,207,226,226,226,226,226],"floor_reached":16,"playtime":503,"items_purged":["Strike_B"],"score":125,"play_id":"ae12b713-82ab-45b4-b486-f5fbf18398e1","local_time":"20201230030340","is_ascension_mode":true,"campfire_choices":[{"floor":7,"key":"REST"},{"floor":11,"key":"REST"},{"floor":15,"key":"REST"}],"circlet_count":0,"master_deck":["Strike_B","Strike_B","Defend_B","Defend_B","Defend_B","Defend_B","Zap","Dualcast","Streamline","BootSequence","StuffTheSpire:GlassShard","Beam Cell","Streamline"],"relics":["Cracked Core","hubris:Icosahedron","hubris:OldNail","Garlic","Peace Pipe","Happy Flower","Snack Pack","conspire:Flyswatter"],"acts_visited":["Exordium"],"potions_floor_usage":[8,12,16,16,16],"damage_taken":[{"damage":12,"enemies":"Jaw Worm","floor":1,"turns":3},{"damage":54,"enemies":"Lagavulin","floor":6,"turns":7},{"damage":8,"enemies":"Gremlin Nob","floor":8,"turns":3},{"damage":7,"enemies":"3 Sentries","floor":12,"turns":6},{"damage":4,"enemies":"Small Slimes","floor":13,"turns":3},{"damage":43,"enemies":"Slime Boss","floor":16,"turns":8}],"seed_played":"-8765652323858947014","potions_obtained":[{"floor":6,"key":"Adrenaline Potion"},{"floor":10,"key":"Cursed Concoction"},{"floor":10,"key":"jedi:tentaclejuice"},{"floor":12,"key":"Elixir"},{"floor":13,"key":"Block Potion"}],"is_trial":false,"path_per_floor":["M","$","?","T","$","E","R","E","T","?","R","E","M","T","R","B"],"character_chosen":"DEFECT","items_purchased":[],"campfire_rested":3,"item_purchase_floors":[],"current_hp_per_floor":[63,63,63,63,63,9,31,23,23,5,27,20,16,16,38,0,0],"gold":226,"neow_bonus":"REMOVE_CARD","is_daily":false,"chose_seed":false,"campfire_upgraded":0,"win_rate":0.0,"timestamp":1609304620,"path_taken":["M","$","?","?","$","E","R","E","T","?","R","E","M","?","R","BOSS"],"items_purchased_type":[],"build_version":"2020-12-22","purchased_purges":1,"victory":false,"max_hp_per_floor":[75,75,75,75,75,75,75,75,75,75,75,75,75,75,75,75,75],"card_choices":[{"not_picked":["jedi:BurstLightning","Rebound"],"picked":"Streamline","floor":1},{"not_picked":["jedi:BurstFrost","jedi:hex","Heatsinks"],"picked":"SKIP","floor":6},{"not_picked":["Blizzard","StuffTheSpire:Synthwave"],"picked":"BootSequence","floor":8},{"not_picked":["Time Bomb","Hologram"],"picked":"StuffTheSpire:GlassShard","floor":10},{"not_picked":["Compile Driver","Barrage"],"picked":"Beam Cell","floor":12},{"not_picked":["Reprogram","StuffTheSpire:ShieldGenerator"],"picked":"Streamline","floor":13}],"player_experience":748026,"relics_obtained":[{"floor":6,"key":"hubris:OldNail"},{"floor":8,"key":"Garlic"},{"floor":9,"key":"Peace Pipe"},{"floor":10,"key":"Happy Flower"},{"floor":12,"key":"Snack Pack"},{"floor":14,"key":"conspire:Flyswatter"}],"event_choices":[],"is_beta":false,"boss_relics":[],"items_purged_floors":[2],"is_endless":false,"potions_floor_spawned":[6,12,13],"killed_by":"Slime Boss","ascension_level":2}}