{"host":"bk3gpzeffbx7m7po","time":1609353086,"event":{"mods":["A Magickal Journey","AchievementEnabler","Act Like it!","Aspiration","Astrologer","Bartender","BaseMod","Better Third Choice","Better Vampires","CapriCore","Conspire","Downfall","Duelist Mod","Elementarium","Energized Spire","Friendly Minions","Gensokyo","GungeonMod","Hermit","Hero for Fun","Highlight Path","Hubris","Infinite Spire","Jorbs\u0027s Wanderer Trilogy","Koishi","LagranYue(???·?)","Mad Scientist","Magitek Elite","Marisa????????","Melee Mod","Minty Spire (QoL Compilation)","Potionbrewer","Prisma Mod","Quick Restart","Random Character Button","Remilia??????","Replay The Spire","Shade Mod","Spicy Shops","StSLib","Synergy Search","The Administrix","The Animator","The Clintock","The Construct","The Cursed","The Disciple","The Exalted","The Hierophant","The Immortal","The Judge","The Mystic","The Necromancer","The Poker Player","The Runesmith","The Senshi","The Servant 0.9.4","The Spell Scribe","The Valiant","The Wild Card","TheArtist","TheFirefly"],"gold_per_floor":[115,115,141,171,197,226,226,100,127,160,210,210,210,245,245,349,349,406,424,424,43,45,45,45,89,89,139,139,139,157,157,50,96,96,144,144],"floor_reached":35,"playtime":5797,"items_purged":[],"score":317,"play_id":"b4459de1-0f9c-43dd-8fb2-d198091b70ae","local_time":"20201230183126","is_ascension_mode":false,"campfire_choices":[{"floor":7,"key":"REST"},{"floor":13,"key":"REST"},{"floor":15,"key":"REST"},{"floor":23,"key":"REST"},{"floor":34,"key":"DIG"}],"circlet_count":0,"master_deck":["Strike_S","Strike_S","Strike_S","Strike_S","Defend_S","Defend_S","Defend_S","Defend_S","KidneyShot","Exchange","ShiftingGears","hubris:Rewind","Moonlight","ShatteredReality","TimeWarp","StarChef","Alleviate","Alleviate","SoulSculpture","Sickly","stsjorbsmod:Withering","Deny","Revamp","Potential","TimeWarp+1","TheCursedMod:Dregs","IllusionStar","ShatteredReality","ShatteredReality","TheCursedMod:Dregs"],"relics":["SplendidAttire","LagranYue:RandomDrawCardRelic","aspiration:Nostalgia","theDuelist:MillenniumPuzzle","BranchBurnRelic","Replay:Rubber Ducky","DemoMod:BlueGuonStone","Ring of Hypnosis","Ring of Greed","MealTicket","infinitespire:Midas Blood","MutagenicStrength","DemoMod:RingOfEthereal","DemoMod:ResourcefulSack","PrismaticShard","aspiration:HiddenCompartment","Shovel","Boot"],"acts_visited":["Exordium","TheCity"],"potions_floor_usage":[6,10,16,33],"damage_taken":[{"damage":0,"enemies":"Small Slimes","floor":1,"turns":3},{"damage":0,"enemies":"2 Louse","floor":3,"turns":3},{"damage":0,"enemies":"conspire:RoseBush","floor":4,"turns":4},{"damage":28,"enemies":"Lots of Slimes","floor":5,"turns":7},{"damage":20,"enemies":"Gremlin Nob","floor":6,"turns":6},{"damage":32,"enemies":"3 Sentries","floor":10,"turns":12},{"damage":0,"enemies":"Blue Slaver","floor":14,"turns":4},{"damage":0,"enemies":"Hexaghost","floor":16,"turns":18},{"damage":51,"enemies":"conspire:FuzzyDice","floor":18,"turns":16},{"damage":6,"enemies":"Spheric Guardian","floor":19,"turns":10},{"damage":0,"enemies":"conspire:HollyBat","floor":25,"turns":12},{"damage":0,"enemies":"Snecko","floor":27,"turns":4},{"damage":8,"enemies":"Chosen and Byrds","floor":30,"turns":7},{"damage":11,"enemies":"Snake Plant","floor":33,"turns":3},{"damage":86,"enemies":"Champ","floor":35,"turns":16}],"seed_played":"-2284693367074399901","potions_obtained":[{"floor":3,"key":"Weak Potion"},{"floor":6,"key":"Block Potion"},{"floor":10,"key":"AttackPotion"},{"floor":14,"key":"Ancient Potion"},{"floor":18,"key":"FearPotion"},{"floor":25,"key":"potionbrewer:ToxicPotion"},{"floor":30,"key":"BlessingOfTheForge"}],"is_trial":false,"path_per_floor":["M","?","M","M","M","E","R","$","T","E","?","T","R","M","R","B",null,"M","M","?","$","?","R","?","M","T","M","PTL","PTL","M","?","$","M","R","B"],"character_chosen":"THE_SERVANT","items_purchased":["StarChef","Alleviate","DemoMod:RingOfEthereal","DemoMod:ResourcefulSack","Shovel","ShatteredReality"],"campfire_rested":4,"item_purchase_floors":[8,8,21,21,32,32],"current_hp_per_floor":[65,50,50,50,22,3,22,22,22,6,6,6,25,37,56,65,65,14,10,10,25,17,36,75,75,75,75,75,75,67,67,75,64,64,0,0],"gold":144,"neow_bonus":"NOSTALGIA","is_daily":false,"chose_seed":false,"campfire_upgraded":0,"win_rate":0.0,"timestamp":1609353086,"path_taken":["M","?","M","M","M","E","R","$","T","E","?","?","R","M","R","BOSS","M","M","?","$","?","R","?","?","T","M","PTL","PTL","M","?","$","?","R","BOSS"],"items_purchased_type":["Card","Card","Relic","Relic","Relic","Card"],"build_version":"2020-12-22","purchased_purges":0,"victory":false,"max_hp_per_floor":[65,65,65,65,65,65,65,65,65,65,65,65,65,65,65,65,65,65,65,65,65,65,65,75,75,75,75,75,75,75,75,75,75,75,75,75],"card_choices":[{"not_picked":["Spin","Replace"],"picked":"ShiftingGears","floor":1},{"not_picked":["infinitespire:Execution","infinitespire:FinalStrike"],"picked":"hubris:Rewind","floor":2},{"not_picked":["Barrier","TimeWarp"],"picked":"Moonlight","floor":3},{"not_picked":["Defy","Misdirection"],"picked":"ForgedInTime","floor":4},{"not_picked":["Spin","Potential"],"picked":"ShatteredReality","floor":5},{"not_picked":["Replace","Ricochet"],"picked":"TimeWarp","floor":6},{"not_picked":["FastForward","Rewind"],"picked":"SoulSculpture","floor":10},{"not_picked":["Defy","Revamp","Unruled"],"picked":"SKIP","floor":14},{"not_picked":["SoulSculpture","ForgedInTime"],"picked":"Deny","floor":16},{"not_picked":["DoubleEdge+1","Starlight"],"picked":"Revamp","floor":18},{"not_picked":["DualDimension+1","Reset"],"picked":"Potential","floor":19},{"not_picked":["Replace","Alleviate"],"picked":"TimeWarp+1","floor":22},{"not_picked":["clintock:LifeSager","theDuelist:TwinHeadedWolf+1"],"picked":"IllusionStar","floor":25},{"not_picked":["hierophant:Encroach+1","theDuelist:RevendreadEvolution","theWildCard:MagicMettle+1"],"picked":"SKIP","floor":27},{"not_picked":["theDuelist:DarkBurningAttack","Fission","Acceleration+1"],"picked":"SKIP","floor":30},{"not_picked":["theDuelist:DarkBurningAttack","Fission","Acceleration+1"],"picked":"SKIP","floor":30},{"not_picked":["animator:NarberalGamma","theDuelist:ManEaterBug+1","6A"],"picked":"SKIP","floor":33}],"player_experience":305822,"relics_obtained":[{"floor":6,"key":"Dead Branch"},{"floor":9,"key":"Replay:Rubber Ducky"},{"floor":10,"key":"DemoMod:BlueGuonStone"},{"floor":11,"key":"Ring of Hypnosis"},{"floor":11,"key":"Ring of Greed"},{"floor":11,"key":"MealTicket"},{"floor":11,"key":"infinitespire:Midas Blood"},{"floor":22,"key":"PrismaticShard"},{"floor":26,"key":"aspiration:HiddenCompartment"},{"floor":34,"key":"Boot"}],"event_choices":[{"damage_healed":0,"gold_gain":0,"player_choice":"Inject Mutagens","damage_taken":0,"relics_obtained":["MutagenicStrength"],"max_hp_gain":0,"max_hp_loss":0,"event_name":"Drug Dealer","floor":20,"gold_loss":0},{"cards_removed":["ForgedInTime"],"damage_healed":29,"gold_gain":0,"player_choice":"Offered Rare","damage_taken":0,"max_hp_gain":10,"max_hp_loss":0,"event_name":"Bonfire Elementals","floor":24,"gold_loss":0},{"damage_healed":0,"gold_gain":0,"player_choice":"Ignored","damage_taken":0,"max_hp_gain":0,"max_hp_loss":0,"event_name":"Purifier","floor":31,"gold_loss":0}],"is_beta":false,"boss_relics":[{"not_picked":["Runic Pyramid","energizedSpire:CursedPentagram"],"picked":"SplendidAttire"}],"items_purged_floors":[],"is_endless":false,"potions_floor_spawned":[3,6,10,14,18,25,30],"killed_by":"Champ","ascension_level":0}}