{"host":"J","time":1609340760,"event":{"mods":["AchievementEnabler","BaseMod","Block Reminder","Highlight Path","Minty Spire (QoL Compilation)","Permanent Neow","Quick Restart","Relic Stats","UnlockEverythingMod"],"gold_per_floor":[167,167,184,199,209,209,241,241,241,0,13,40,40,67,67,67,67],"floor_reached":16,"playtime":2467,"items_purged":["Strike_G"],"score":240,"play_id":"096b6982-1323-476e-b128-35edd88776ca","local_time":"20201230160600","is_ascension_mode":true,"campfire_choices":[{"data":"Crippling Poison","floor":6.0,"key":"SMITH"},{"data":"Poisoned Stab","floor":8.0,"key":"SMITH"},{"data":"Neutralize","floor":13.0,"key":"SMITH"},{"floor":15.0,"key":"REST"}],"circlet_count":0,"master_deck":["AscendersBane","Strike_G+1","Strike_G","Strike_G","Defend_G","Defend_G","Defend_G","Defend_G","Defend_G","Survivor","Neutralize+1","Poisoned Stab+1","Leg Sweep","Dash","Crippling Poison+1","Bane","Noxious Fumes"],"relics":["Tiny House","Happy Flower","Centennial Puzzle","Blue Candle","StrikeDummy"],"acts_visited":["Exordium"],"potions_floor_usage":[],"damage_taken":[{"damage":3.0,"enemies":"2 Louse","floor":1.0,"turns":4.0},{"damage":2.0,"enemies":"Cultist","floor":3.0,"turns":5.0},{"damage":0.0,"enemies":"Small Slimes","floor":4.0,"turns":3.0},{"damage":2.0,"enemies":"2 Fungi Beasts","floor":5.0,"turns":4.0},{"damage":15.0,"enemies":"3 Sentries","floor":7.0,"turns":11.0},{"damage":1.0,"enemies":"Blue Slaver","floor":11.0,"turns":3.0},{"damage":21.0,"enemies":"Gremlin Nob","floor":12.0,"turns":4.0},{"damage":14.0,"enemies":"3 Sentries","floor":14.0,"turns":13.0},{"damage":23,"enemies":"Slime Boss","floor":16,"turns":8}],"seed_played":"-7608616401755905533","potions_obtained":[{"floor":0.0,"key":"CultistPotion"},{"floor":1.0,"key":"LiquidBronze"},{"floor":5.0,"key":"CunningPotion"},{"floor":7.0,"key":"Dexterity Potion"}],"is_trial":false,"path_per_floor":["M","?","M","M","M","R","E","R","T","$","M","E","R","E","R","B"],"character_chosen":"THE_SILENT","items_purchased":["Centennial Puzzle"],"campfire_rested":1,"item_purchase_floors":[10],"current_hp_per_floor":[61,61,59,59,57,57,42,42,42,42,41,20,20,6,27,4,4],"gold":67,"neow_bonus":"BOSS_RELIC","is_daily":false,"chose_seed":false,"campfire_upgraded":3,"win_rate":0.0,"timestamp":1609340760,"path_taken":["M","?","M","M","?","R","E","R","T","$","M","E","R","E","R","BOSS"],"items_purchased_type":["Relic"],"build_version":"2020-12-18","purchased_purges":1,"victory":false,"max_hp_per_floor":[71,71,71,71,71,71,71,71,71,71,71,71,71,71,71,71,71],"relic_stats":{"Centennial Puzzle":[12],"Happy Flower":[9],"counters":[9,55],"Blue Candle":[0],"obtain_stats":[{"Centennial Puzzle":10,"Tiny House":0,"Happy Flower":7,"Blue Candle":12,"StrikeDummy":14,"Ring of the Snake":0},{"Centennial Puzzle":5,"Tiny House":0,"Happy Flower":5,"Blue Candle":7,"StrikeDummy":8,"Ring of the Snake":0},{"Centennial Puzzle":27,"Tiny House":0,"Happy Flower":27,"Blue Candle":34,"StrikeDummy":47,"Ring of the Snake":0}]},"card_choices":[{"not_picked":["Noxious Fumes","Outmaneuver"],"picked":"Poisoned Stab","floor":0.0},{"not_picked":["Flying Knee","Endless Agony"],"picked":"Leg Sweep","floor":1.0},{"not_picked":["Poisoned Stab","Tactician"],"picked":"Dash","floor":3.0},{"not_picked":["Dagger Throw","Blade Dance"],"picked":"Crippling Poison","floor":4.0},{"not_picked":["Skewer","Slice","Die Die Die"],"picked":"SKIP","floor":5.0},{"not_picked":["Dodge and Roll","Cloak And Dagger"],"picked":"Bane","floor":7.0},{"not_picked":["Tactician","Setup","Sucker Punch"],"picked":"SKIP","floor":11.0},{"not_picked":["All Out Attack","Underhanded Strike","Skewer"],"picked":"SKIP","floor":12.0},{"not_picked":["Dagger Spray","Storm of Steel"],"picked":"Noxious Fumes","floor":14.0}],"player_experience":225572,"relics_obtained":[{"floor":7.0,"key":"Happy Flower"},{"floor":12.0,"key":"Blue Candle"},{"floor":14.0,"key":"StrikeDummy"}],"event_choices":[{"cards_removed":["Strike_G"],"damage_healed":0.0,"max_hp_gain":0.0,"max_hp_loss":0.0,"gold_gain":0.0,"event_name":"Purifier","player_choice":"Purged","floor":2.0,"gold_loss":0.0,"damage_taken":0.0}],"is_beta":true,"boss_relics":[],"items_purged_floors":[10],"is_endless":false,"potions_floor_spawned":[1,5,7],"killed_by":"Slime Boss","ascension_level":20}}