{"host":"wha9hktbkslqvblg","time":1609347793,"event":{"mods":["BaseMod","Colored Map","Minty Spire (QoL Compilation)","Relic Stats","SuperFastMode","everything is the same but u backflip on backflip"],"gold_per_floor":[117,42,42,56,56,56,82,82],"floor_reached":7,"playtime":61,"items_purged":["Strike_R"],"score":148,"play_id":"46578113-3677-4e48-a54d-4a478cc3c8fe","local_time":"20201231020313","is_ascension_mode":true,"campfire_choices":[{"data":"Second Wind","floor":6,"key":"SMITH"}],"circlet_count":0,"master_deck":["AscendersBane","Strike_R","Strike_R","Strike_R","Defend_R","Defend_R","Defend_R","Defend_R","Bash","Second Wind+1"],"relics":["Burning Blood","NeowsBlessing","Dead Branch"],"acts_visited":["Exordium"],"potions_floor_usage":[],"damage_taken":[{"damage":0,"enemies":"Small Slimes","floor":1,"turns":1},{"damage":0,"enemies":"2 Louse","floor":4,"turns":1},{"damage":0,"enemies":"3 Sentries","floor":7,"turns":2}],"seed_played":"1108532790136253185","potions_obtained":[],"is_trial":false,"path_per_floor":["M","$","?","M","?","R","E"],"character_chosen":"IRONCLAD","items_purchased":[],"campfire_rested":0,"item_purchase_floors":[],"current_hp_per_floor":[74,74,79,80,80,80,80,80],"gold":82,"neow_bonus":"THREE_ENEMY_KILL","is_daily":false,"chose_seed":false,"campfire_upgraded":1,"win_rate":0.0,"timestamp":1609347793,"path_taken":["M","$","?","M","?","R","E"],"items_purchased_type":[],"build_version":"2020-12-22","purchased_purges":1,"victory":false,"max_hp_per_floor":[75,75,80,80,80,80,80,80],"relic_stats":{"counters":[3,4],"Dead Branch":[0],"obtain_stats":[{"NeowsBlessing":0,"Dead Branch":7,"Burning Blood":0},{"NeowsBlessing":0,"Dead Branch":3,"Burning Blood":0},{"NeowsBlessing":0,"Dead Branch":4,"Burning Blood":0}],"Burning Blood":7},"card_choices":[{"not_picked":["Headbutt","Thunderclap"],"picked":"Second Wind","floor":1},{"not_picked":["Flex","Dropkick","Headbutt"],"picked":"SKIP","floor":4}],"player_experience":912304,"relics_obtained":[{"floor":7,"key":"Dead Branch"}],"event_choices":[{"damage_healed":0,"gold_gain":0,"player_choice":"Donut","damage_taken":0,"max_hp_gain":5,"max_hp_loss":0,"event_name":"Big Fish","floor":3,"gold_loss":0},{"cards_removed":["Strike_R"],"damage_healed":0,"gold_gain":0,"player_choice":"Purged","damage_taken":0,"max_hp_gain":0,"max_hp_loss":0,"event_name":"Purifier","floor":5,"gold_loss":0}],"is_beta":false,"boss_relics":[],"items_purged_floors":[2],"is_endless":false,"potions_floor_spawned":[],"killed_by":"3 Sentries","ascension_level":20}}