{"host":"cijwx898anu8dehj","time":1609363477,"event":{"mods":["AchievementEnabler","AlwaysNeverKeys","BaseMod","Colored Map","Colored Powertips","Highlight Path","Minty Spire (QoL Compilation)","Rare Cards Sparkle","Relic Stats","Slay-I"],"gold_per_floor":[111,124,124,199,210,210,240,240,240,266,231,231,261,271,271,345,345,323,323,75,89,36,36,36],"floor_reached":23,"playtime":959,"items_purged":["Strike_R"],"score":404,"play_id":"87b17540-aed6-4406-b1c0-38f57f5328ef","local_time":"20201230192437","is_ascension_mode":true,"campfire_choices":[{"data":"Cleave","floor":6.0,"key":"SMITH"},{"floor":8.0,"key":"REST"},{"floor":15,"key":"REST"}],"circlet_count":0,"master_deck":["AscendersBane","Strike_R+1","Strike_R+1","Defend_R+1","Defend_R","Defend_R","Defend_R+1","Bash","Cleave+1","Warcry","Twin Strike","Impervious","Evolve","Metallicize","Shrug It Off","Impervious","Armaments"],"relics":["Sozu","Centennial Puzzle","Whetstone","Letter Opener","Empty Cage","Nloth\u0027s Gift","Bronze Scales"],"acts_visited":["Exordium","TheCity"],"potions_floor_usage":[],"damage_taken":[{"damage":1.0,"enemies":"Cultist","floor":1.0,"turns":3.0},{"damage":4.0,"enemies":"Small Slimes","floor":2.0,"turns":3.0},{"damage":3.0,"enemies":"2 Louse","floor":5.0,"turns":2.0},{"damage":20.0,"enemies":"Lagavulin","floor":7.0,"turns":5.0},{"damage":20.0,"enemies":"3 Sentries","floor":10.0,"turns":6.0},{"damage":27,"enemies":"Lagavulin","floor":13,"turns":6},{"damage":0,"enemies":"2 Fungi Beasts","floor":14,"turns":3},{"damage":30,"enemies":"Hexaghost","floor":16,"turns":12},{"damage":0,"enemies":"2 Thieves","floor":18,"turns":4},{"damage":11,"enemies":"Shell Parasite","floor":21,"turns":6},{"damage":51,"enemies":"Slavers","floor":23,"turns":7}],"seed_played":"3173761065294291908","potions_obtained":[],"is_trial":false,"path_per_floor":["M","M","?","?","M","R","E","R","T","E","?","?","E","M","R","B",null,"M","?","$","M","$","E"],"character_chosen":"IRONCLAD","items_purchased":["Bronze Scales","Armaments"],"campfire_rested":2,"item_purchase_floors":[20,22],"current_hp_per_floor":[67,63,68,57,54,54,34,58,58,38,58,34,7,7,31,1,60,60,60,60,49,49,0,0],"gold":36,"neow_bonus":"BOSS_RELIC","is_daily":false,"chose_seed":false,"campfire_upgraded":1,"win_rate":0.0,"timestamp":1609363477,"path_taken":["M","?","?","?","M","R","E","R","T","E","?","?","E","M","R","BOSS","M","?","$","M","?","E"],"items_purchased_type":["Relic","Card"],"build_version":"2020-12-22","purchased_purges":1,"victory":false,"max_hp_per_floor":[75,75,80,80,80,80,80,80,80,80,80,80,80,80,80,80,80,80,80,80,80,80,80,80],"relic_stats":{"Sozu":4,"Centennial Puzzle":[15],"counters":[11,57],"Bronze Scales":[63],"Nloth\u0027s Gift":1,"Whetstone":["Strike_R","Strike_R"],"Letter Opener":[25],"obtain_stats":[{"Sozu":0,"Centennial Puzzle":7,"Bronze Scales":20,"Nloth\u0027s Gift":19,"Bottled Lightning":9,"Whetstone":10,"Letter Opener":13,"Empty Cage":17,"Burning Blood":0},{"Sozu":0,"Centennial Puzzle":4,"Bronze Scales":9,"Nloth\u0027s Gift":9,"Bottled Lightning":4,"Whetstone":5,"Letter Opener":6,"Empty Cage":8,"Burning Blood":0},{"Sozu":0,"Centennial Puzzle":13,"Bronze Scales":44,"Nloth\u0027s Gift":44,"Bottled Lightning":13,"Whetstone":19,"Letter Opener":25,"Empty Cage":40,"Burning Blood":0}]},"card_choices":[{"not_picked":["Thunderclap","Sword Boomerang"],"picked":"Cleave","floor":1.0},{"not_picked":["Anger","Seeing Red"],"picked":"Warcry","floor":2.0},{"not_picked":["Perfected Strike","Heavy Blade"],"picked":"Twin Strike","floor":5.0},{"not_picked":["Feel No Pain","Dark Embrace"],"picked":"Impervious","floor":7.0},{"not_picked":["Intimidate","Power Through"],"picked":"Evolve","floor":10.0},{"not_picked":["Combust","Ghostly Armor"],"picked":"Metallicize","floor":13},{"not_picked":["Flex","Wild Strike"],"picked":"Shrug It Off","floor":14},{"not_picked":["Juggernaut","Reaper"],"picked":"Impervious","floor":16},{"not_picked":["Hemokinesis+1","Thunderclap","Sword Boomerang"],"picked":"SKIP","floor":18},{"not_picked":["True Grit","Rupture","Reaper"],"picked":"SKIP","floor":21}],"player_experience":934559,"relics_obtained":[{"floor":7.0,"key":"Centennial Puzzle"},{"floor":9.0,"key":"Bottled Lightning"},{"floor":10.0,"key":"Whetstone"},{"floor":13,"key":"Letter Opener"}],"event_choices":[{"damage_healed":0.0,"max_hp_gain":5.0,"max_hp_loss":0.0,"gold_gain":0.0,"event_name":"Big Fish","player_choice":"Donut","floor":3.0,"gold_loss":0.0,"damage_taken":0.0},{"damage_healed":0.0,"max_hp_gain":0.0,"max_hp_loss":0.0,"gold_gain":75.0,"event_name":"World of Goop","player_choice":"Gather Gold","floor":4.0,"gold_loss":0.0,"damage_taken":11.0},{"damage_healed":20.0,"max_hp_gain":0.0,"max_hp_loss":0.0,"gold_gain":0.0,"event_name":"The Cleric","player_choice":"Healed","floor":11.0,"gold_loss":35.0,"damage_taken":0.0},{"damage_healed":0.0,"max_hp_gain":0.0,"max_hp_loss":0.0,"gold_gain":0.0,"event_name":"Shining Light","player_choice":"Entered Light","floor":12.0,"gold_loss":0.0,"damage_taken":24.0,"cards_upgraded":["Defend_R","Defend_R"]},{"damage_healed":0,"gold_gain":0,"player_choice":"Traded Relic","damage_taken":0,"relics_obtained":["Nloth\u0027s Gift"],"max_hp_gain":0,"max_hp_loss":0,"event_name":"N\u0027loth","floor":19,"relics_lost":["Bottled Lightning"],"gold_loss":0}],"is_beta":false,"boss_relics":[{"not_picked":["Runic Dome","Runic Pyramid"],"picked":"Empty Cage"}],"items_purged_floors":[20],"is_endless":false,"potions_floor_spawned":[10,13,18,21],"killed_by":"Slavers","ascension_level":19}}