{"host":"k7udt7atmcuzf6l0","time":1609326830,"event":{"mods":["AchievementEnabler","BaseMod","Colored Map","Colored Powertips","Highlight Path","Minty Spire (QoL Compilation)","Quick Restart","Rare Cards Sparkle","StSLib","UnlockEverythingMod"],"gold_per_floor":[117,117,117,137,137,137,137,137,137,137,147,162,162,181,181,284,284,304,320,280,280,280],"floor_reached":21,"playtime":335,"items_purged":[],"score":169,"play_id":"26512af7-6542-4114-a288-fa621c44520d","local_time":"20201230191350","is_ascension_mode":false,"campfire_choices":[{"data":"Flex","floor":6,"key":"SMITH"},{"data":"Bash","floor":8,"key":"SMITH"},{"floor":10,"key":"RECALL"},{"data":"Inflame","floor":13,"key":"SMITH"},{"data":"Infernal Blade","floor":15,"key":"SMITH"}],"circlet_count":0,"master_deck":["Strike_R","Strike_R","Strike_R","Strike_R+1","Strike_R","Defend_R","Defend_R","Defend_R","Defend_R","Bash+1","Cleave+1","Flex+1","Rage+1","Inflame+1","Infernal Blade+1","Double Tap","Pommel Strike","Sword Boomerang"],"relics":["Burning Blood","NeowsBlessing","Sundial","Philosopher\u0027s Stone"],"acts_visited":["Exordium","TheCity"],"potions_floor_usage":[12,16],"damage_taken":[{"damage":0,"enemies":"Small Slimes","floor":1,"turns":2},{"damage":0,"enemies":"Jaw Worm","floor":4,"turns":1},{"damage":0,"enemies":"Cultist","floor":11,"turns":1},{"damage":0,"enemies":"Lots of Slimes","floor":12,"turns":1},{"damage":8,"enemies":"Blue Slaver","floor":14,"turns":3},{"damage":38,"enemies":"The Guardian","floor":16,"turns":8},{"damage":13,"enemies":"Spheric Guardian","floor":18,"turns":3},{"damage":12,"enemies":"2 Thieves","floor":19,"turns":3},{"damage":23,"enemies":"Snake Plant","floor":21,"turns":3}],"seed_played":"-4020688596606293719","potions_obtained":[{"floor":1,"key":"DuplicationPotion"},{"floor":4,"key":"GamblersBrew"}],"is_trial":false,"path_per_floor":["M","?","$","M","$","R","?","R","T","R","M","M","R","M","R","B",null,"M","M","?","M"],"character_chosen":"IRONCLAD","items_purchased":[],"campfire_rested":0,"item_purchase_floors":[],"current_hp_per_floor":[80,80,80,80,80,80,80,80,80,80,80,80,80,78,78,46,80,73,67,67,44,44],"gold":280,"neow_bonus":"THREE_ENEMY_KILL","is_daily":false,"chose_seed":false,"campfire_upgraded":4,"win_rate":0.0,"timestamp":1609326830,"path_taken":["M","?","$","M","$","R","?","R","T","R","M","M","R","M","R","BOSS","M","M","?","M"],"items_purchased_type":[],"build_version":"2020-12-22","purchased_purges":0,"victory":false,"max_hp_per_floor":[80,80,80,80,80,80,80,80,80,80,80,80,80,80,80,80,80,80,80,80,80,80],"card_choices":[{"not_picked":["Clothesline","Iron Wave"],"picked":"Cleave","floor":1},{"not_picked":["Clothesline","Wild Strike"],"picked":"Flex","floor":4},{"not_picked":["Havoc","Feel No Pain"],"picked":"Rage","floor":11},{"not_picked":["Metallicize","Clothesline"],"picked":"Inflame","floor":12},{"not_picked":["Combust","Fire Breathing"],"picked":"Infernal Blade","floor":14},{"not_picked":["Barricade","Bludgeon"],"picked":"Double Tap","floor":16},{"not_picked":["Rage","Clothesline"],"picked":"Pommel Strike","floor":18},{"not_picked":["Body Slam","Clash"],"picked":"Sword Boomerang","floor":19}],"player_experience":31966,"relics_obtained":[{"floor":9,"key":"Sundial"}],"event_choices":[{"damage_healed":0,"gold_gain":0,"player_choice":"Leave","damage_taken":0,"max_hp_gain":0,"max_hp_loss":0,"event_name":"The Cleric","floor":2,"gold_loss":0},{"damage_healed":0,"gold_gain":0,"player_choice":"Forge","damage_taken":0,"max_hp_gain":0,"max_hp_loss":0,"event_name":"Accursed Blacksmith","floor":7,"gold_loss":0,"cards_upgraded":["Cleave"]},{"damage_healed":0,"gold_gain":0,"player_choice":"Upgraded Two","damage_taken":0,"max_hp_gain":0,"max_hp_loss":0,"event_name":"Designer","floor":20,"gold_loss":40,"cards_upgraded":["Rage","Strike_R"]}],"is_beta":false,"boss_relics":[{"not_picked":["Runic Pyramid","Velvet Choker"],"picked":"Philosopher\u0027s Stone"}],"items_purged_floors":[],"is_endless":false,"potions_floor_spawned":[1,4],"killed_by":"Snake Plant","ascension_level":0}}