{"host":"yludllxm6rzdxpbb","time":1609356117,"event":{"mods":["AchievementEnabler","BaseMod","Better Third Choice","BetterRewards","Colored Map","Colored Powertips","Hermit","Hubris","Infinite Spire","Minty Spire (QoL Compilation)","Quick Restart","Replay The Spire","StSLib","The Hierophant","The Necromancer"],"gold_per_floor":[119,139,21,21,33,33,33,65,65,65,31,45,56,91,91,193,243,256,171,171,21,21,49,49,62,108,108,127,127,127,144,144,245,245,255,274,274,288,388,388,405,419,419,445,545,556,352,370,370,474,474,474],"floor_reached":51,"playtime":2891,"items_purged":[],"score":760,"play_id":"cb08afcd-2b86-49d1-a53d-20673dcbc658","local_time":"20201230222157","is_ascension_mode":true,"campfire_choices":[{"floor":6.0,"key":"RECALL"},{"floor":15.0,"key":"REST"},{"floor":24.0,"key":"REST"},{"floor":27.0,"key":"REST"},{"floor":32.0,"key":"REST"},{"floor":40.0,"key":"REST"},{"floor":49.0,"key":"REST"}],"circlet_count":0,"master_deck":["Strike_G+1","Strike_G+1","Strike_G+1","Strike_G+1","Strike_G+1","Defend_G+1","Defend_G+1","Defend_G+1","Defend_G+1","Defend_G+1","Survivor","Neutralize","ReplayTheSpireMod:Shiv Toss","Flying Knee","Accuracy","Prepared","Prepared","Deadly Poison","infinitespire:Neurotoxin+1","Backflip+1","Dagger Spray","Cloak And Dagger","Toxin Wave","infinitespire:Neurotoxin","Hidden Blade","Fluid Movement","Blade Dance","Accuracy","Outmaneuver","ReplayTheSpireMod:Scrap Shanks","Caltrops","infinitespire:Gouge","Corpse Explosion","Prepared+1","Dash+1","infinitespire:FutureSight","Cloak And Dagger","Well Laid Plans+1","ReplayTheSpireMod:Black Plague","Backstab","ReplayTheSpireMod:Speed Training","Replay:Poison Smokescreen","Replay:Bag of Tricks"],"relics":["Burning Blood","infinitespire:Cubic Diamond","Quantum Egg","Kunai","Tiny House","Mummified Hand","StrikeDummy","Blood Vial","Pet Ghost","Fusion Hammer","SacredBark","hubris:CuriousFeather","Replay:Mystery Machine","Tough Bandages"],"acts_visited":["Exordium","TheCity","TheBeyond"],"potions_floor_usage":[],"damage_taken":[{"damage":3.0,"enemies":"Small Slimes","floor":1.0,"turns":4.0},{"damage":0.0,"enemies":"2 Louse","floor":2.0,"turns":4.0},{"damage":0.0,"enemies":"Jaw Worm","floor":5.0,"turns":5.0},{"damage":51.0,"enemies":"Lagavulin","floor":8.0,"turns":10.0},{"damage":6.0,"enemies":"Exordium Wildlife","floor":12.0,"turns":5.0},{"damage":0.0,"enemies":"Blue Slaver","floor":13.0,"turns":5.0},{"damage":16.0,"enemies":"Gremlin Nob","floor":14.0,"turns":4.0},{"damage":30.0,"enemies":"Slime Boss","floor":16.0,"turns":9.0},{"damage":19.0,"enemies":"Spheric Guardian","floor":18.0,"turns":5.0},{"damage":52.0,"enemies":"Slavers","floor":23.0,"turns":7.0},{"damage":19.0,"enemies":"2 Thieves","floor":25.0,"turns":5.0},{"damage":2.0,"enemies":"3 Cultists","floor":28.0,"turns":5.0},{"damage":0.0,"enemies":"Snake Plant","floor":31.0,"turns":4.0},{"damage":42.0,"enemies":"Automaton","floor":33.0,"turns":7.0},{"damage":0.0,"enemies":"3 Shapes","floor":35.0,"turns":3.0},{"damage":26.0,"enemies":"3 Darklings","floor":36.0,"turns":3.0},{"damage":4.0,"enemies":"4 Shapes","floor":38.0,"turns":5.0},{"damage":3.0,"enemies":"Sphere and 2 Shapes","floor":41.0,"turns":4.0},{"damage":25.0,"enemies":"Jaw Worm Horde","floor":42.0,"turns":3.0},{"damage":12.0,"enemies":"infinitespire:Three Voidlings","floor":45.0,"turns":4.0},{"damage":19.0,"enemies":"Nightmare_Alpha","floor":45.0,"turns":8.0},{"damage":4.0,"enemies":"Spire Growth","floor":46.0,"turns":4.0},{"damage":6.0,"enemies":"Writhing Mass","floor":48.0,"turns":4.0},{"damage":40.0,"enemies":"hubris:GrandSnecko","floor":50.0,"turns":9.0}],"seed_played":"-5418785018222859665","potions_obtained":[{"floor":2.0,"key":"Strength Potion"},{"floor":12.0,"key":"CunningPotion"},{"floor":16.0,"key":"ColorlessPotion"},{"floor":17.0,"key":"Poison Potion"},{"floor":18.0,"key":"Poison Potion"},{"floor":28.0,"key":"Doom Potion"},{"floor":30.0,"key":"Doom Potion"},{"floor":33.0,"key":"AttackPotion"},{"floor":45.0,"key":"ColorlessPotion"},{"floor":46.0,"key":"SneckoOil"},{"floor":48.0,"key":"Explosive Potion"}],"is_trial":false,"path_per_floor":["M","M","$","?","M","R","?","E","T","?","$","M","M","E","R","B",null,"M","?","?","$","T","E","R","M","T","R","M","AVR","?","M","R","B",null,"M","M","AVR","M","?","R","M","M","T","T","?","M","$","M","R","B",null],"character_chosen":"THE_SILENT","items_purchased":["Accuracy","Prepared","Backflip+1","Blade Dance","Accuracy","Outmaneuver","ReplayTheSpireMod:Speed Training","Replay:Poison Smokescreen","Fruit Juice"],"campfire_rested":6,"item_purchase_floors":[3,3,11,21,21,21,47,47,47],"current_hp_per_floor":[74,74,74,74,77,77,77,32,32,32,32,32,38,28,51,27,82,69,69,69,69,69,23,47,36,36,60,66,66,66,74,82,46,82,82,62,62,66,66,82,82,63,63,63,55,59,69,71,92,58,58,58],"gold":474,"neow_bonus":"TEN_PERCENT_HP_BONUS","is_daily":false,"chose_seed":false,"campfire_upgraded":0,"win_rate":0.0,"timestamp":1609356117,"path_taken":["M","M","$","?","M","R","?","E","T","?","$","M","M","E","R","BOSS","M","?","?","$","?","E","R","M","T","R","?","AVR","?","?","R","BOSS","M","M","AVR","M","?","R","M","?","T","?","?","M","$","M","R","BOSS"],"items_purchased_type":["Card","Card","Card","Card","Card","Card","Card","Card","Potion"],"build_version":"2020-12-22","purchased_purges":0,"victory":false,"max_hp_per_floor":[77,77,77,77,77,77,77,77,77,77,77,77,77,77,77,77,82,82,82,82,82,82,82,82,82,82,82,82,82,82,82,82,82,82,82,82,82,82,82,82,82,82,82,82,82,82,92,92,92,92,92,92],"card_choices":[{"not_picked":["Finisher","Poisoned Stab"],"picked":"ReplayTheSpireMod:Shiv Toss","floor":1.0},{"not_picked":["Acrobatics","Eviscerate"],"picked":"Flying Knee","floor":2.0},{"not_picked":["Sucker Punch","hubris:TrickCloak"],"picked":"Deadly Poison","floor":5.0},{"not_picked":["hubris:SlightOfHand","Underhanded Strike"],"picked":"infinitespire:Neurotoxin","floor":8.0},{"not_picked":["Underhanded Strike","Tactician"],"picked":"Dagger Spray","floor":12.0},{"not_picked":["hubris:Sniper","Endless Agony"],"picked":"Cloak And Dagger","floor":13.0},{"not_picked":["Dagger Spray","PiercingWail"],"picked":"Toxin Wave","floor":14.0},{"not_picked":["A Thousand Cuts","Die Die Die"],"picked":"infinitespire:Neurotoxin","floor":16.0},{"not_picked":["Expertise","ReplayTheSpireMod:Shiv Toss"],"picked":"Hidden Blade","floor":17.0},{"not_picked":["Dagger Throw+1","Endless Agony+1"],"picked":"Fluid Movement","floor":18.0},{"not_picked":["Sucker Punch","Masterful Stab","Slice"],"picked":"SKIP","floor":23.0},{"not_picked":["Draining Mist","PiercingWail"],"picked":"ReplayTheSpireMod:Scrap Shanks","floor":25.0},{"not_picked":["ReplayTheSpireMod:Tripwire","Sucker Punch+1"],"picked":"Caltrops","floor":28.0},{"not_picked":["Heel Hook","Underhanded Strike","Reflex"],"picked":"SKIP","floor":31.0},{"not_picked":["ReplayTheSpireMod:Necrosis","infinitespire:Neurotoxin"],"picked":"Corpse Explosion","floor":33.0},{"not_picked":["Deadly Poison+1","Flying Knee+1"],"picked":"Prepared+1","floor":35.0},{"not_picked":["ReplayTheSpireMod:Scrap Shanks+1","Distraction"],"picked":"Dash+1","floor":36.0},{"not_picked":["Hidden Blade","Outmaneuver+1"],"picked":"Cloak And Dagger","floor":38.0},{"not_picked":["Well Laid Plans+1","Sneak Up","Prepared+1"],"picked":"SKIP","floor":41.0},{"not_picked":["Sneak Up","Prepared+1"],"picked":"Well Laid Plans+1","floor":41.0},{"not_picked":["Tactician","ReplayTheSpireMod:Tripwire+1","Backflip"],"picked":"SKIP","floor":42.0},{"not_picked":["ReplayTheSpireMod:Haul","infinitespire:Punishment"],"picked":"ReplayTheSpireMod:Black Plague","floor":45.0},{"not_picked":["Blade Dance+1","Well Laid Plans+1"],"picked":"Backstab","floor":46.0},{"not_picked":["hubris:SlightOfHand","hubris:Counter"],"picked":"Replay:Bag of Tricks","floor":48.0}],"player_experience":310769,"relics_obtained":[{"floor":8.0,"key":"Quantum Egg"},{"floor":14.0,"key":"Kunai"},{"floor":22.0,"key":"StrikeDummy"},{"floor":23.0,"key":"Blood Vial"},{"floor":26.0,"key":"Pet Ghost"},{"floor":43.0,"key":"hubris:CuriousFeather"},{"floor":44.0,"key":"Replay:Mystery Machine"},{"floor":45.0,"key":"Tough Bandages"}],"event_choices":[{"damage_healed":0.0,"max_hp_gain":0.0,"max_hp_loss":0.0,"gold_gain":0.0,"event_name":"Dead Adventurer","player_choice":"Searched \u00270\u0027 times","floor":7.0,"gold_loss":0.0,"damage_taken":0.0},{"damage_healed":0.0,"max_hp_gain":0.0,"max_hp_loss":0.0,"gold_gain":0.0,"event_name":"Addict","player_choice":"Obtained Relic","floor":19.0,"gold_loss":85.0,"damage_taken":0.0,"relics_obtained":["Mummified Hand"]},{"damage_healed":0.0,"max_hp_gain":0.0,"max_hp_loss":9.0,"gold_gain":0.0,"event_name":"betterThird:BetterWriting","player_choice":"Simplicity","floor":20.0,"gold_loss":0.0,"damage_taken":0.0},{"damage_healed":0.0,"max_hp_gain":0.0,"max_hp_loss":0.0,"gold_gain":0.0,"event_name":"Lab","player_choice":"Got Potions","floor":30.0,"gold_loss":0.0,"damage_taken":0.0},{"damage_healed":0.0,"max_hp_gain":0.0,"max_hp_loss":0.0,"gold_gain":100.0,"event_name":"Golden Shrine","player_choice":"Pray","floor":39.0,"gold_loss":0.0,"damage_taken":0.0}],"is_beta":false,"boss_relics":[{"not_picked":["Astrolabe","Painkiller Herb"],"picked":"Tiny House"},{"not_picked":["Ring of Chaos","Runic Pyramid"],"picked":"SacredBark"}],"items_purged_floors":[],"is_endless":true,"potions_floor_spawned":[2,12,16,18,28,31,33,35,36,45,46,48],"ascension_level":1}}