{"host":"963ykkbusvcbqwtq","time":1609320833,"event":{"mods":["2.2 Compatiblity","AchievementEnabler","Arknights The Spire","BaseMod","Colored Map","GifTheSpireLib","GungeonMod","Lobotomy","Luminous","Minty Spire (QoL Compilation)","StSLib","SuperFastMode","The Bug Knight"],"gold_per_floor":[113,163,88,88,48,63,88,88,141,141,91,107,122,141,141,238,238,249,16,31,45,64,64,95,109,109,109,59,59,59,59,59,158,158,175,228,228,245,260,260,260,260,260,260,280,307,321,321,321,321,321,321,321,349,349],"floor_reached":56,"playtime":2002,"items_purged":["HollowMod:NailStrikeStart","HollowMod:NailStrikeStart","HollowMod:QuickDashStart"],"score":1245,"play_id":"817829e4-4c0e-415d-b4d7-e5ac03a179df","local_time":"20201230183353","is_ascension_mode":false,"campfire_choices":[{"data":"HollowMod:DungDefenderAura","floor":8.0,"key":"SMITH"},{"data":"HollowMod:MantisMark","floor":10.0,"key":"SMITH"},{"data":"HollowMod:ElderbugsWisdom","floor":15.0,"key":"SMITH"},{"floor":23.0,"key":"REST"},{"floor":27,"key":"REST"},{"data":"HollowMod:Hiveblood","floor":32,"key":"SMITH"},{"floor":40,"key":"REST"},{"floor":42,"key":"RECALL"},{"floor":49,"key":"REST"},{"floor":52,"key":"REST"}],"circlet_count":0,"master_deck":["HollowMod:NailStrikeStart","HollowMod:NailStrikeStart","HollowMod:QuickDashStart+1","HollowMod:FocusHealStart+1","HollowMod:PogoStrike","VoidDream","HollowMod:DungDefenderAura+1","HollowMod:MantisMark+1","HollowMod:SoulStrike","CrumblingArmor","HollowMod:ElderbugsWisdom+1","HollowMod:PureNailStrike","HollowMod:DreamGate","HollowMod:HornetsHelp+1","HollowMod:CycloneSlash","HollowMod:SoulEater","HollowMod:DesolateDive","OldLady","HollowMod:Hiveblood+1","HollowMod:FastStrike+1","HollowMod:NewLittleFool","HollowMod:SlysStrikes","Variant","HollowMod:NewLittleFool","HollowMod:CornifersMapStart+1"],"relics":["HollowMod:VesselMask","CogitoBucket","MealTicket","ats:Originium","Letter Opener","DemoMod:MonsterBlood","HellTrain","SlaversCollar","Membership Card","SkinProphecy","Smiling Mask","DemoMod:DecoyRelic","DemoMod:Antibody","Nilry\u0027s Codex","Fusion Hammer","DemoMod:Relodestone","LuminousBracelet","AtMidnight","War Paint","HollowMod:KingsBrand"],"acts_visited":["Exordium","TheCity","TheBeyond","TheEnding"],"potions_floor_usage":[25,39,55,55,55],"damage_taken":[{"damage":1.0,"enemies":"Cultist","floor":1.0,"turns":3.0},{"damage":16.0,"enemies":"Jaw Worm","floor":6.0,"turns":4.0},{"damage":42.0,"enemies":"Gremlin Nob","floor":7.0,"turns":7.0},{"damage":0.0,"enemies":"Small Slimes","floor":12.0,"turns":3.0},{"damage":0.0,"enemies":"2 Fungi Beasts","floor":13.0,"turns":4.0},{"damage":8.0,"enemies":"Blue Slaver","floor":14.0,"turns":4.0},{"damage":25.0,"enemies":"Hexaghost","floor":16.0,"turns":6.0},{"damage":67.0,"enemies":"3 Byrds","floor":18.0,"turns":5.0},{"damage":8.0,"enemies":"Spheric Guardian","floor":20.0,"turns":5.0},{"damage":12.0,"enemies":"Centurion and Healer","floor":21.0,"turns":7.0},{"damage":0.0,"enemies":"Snake Plant","floor":22.0,"turns":1.0},{"damage":18.0,"enemies":"Book of Stabbing","floor":24.0,"turns":4.0},{"damage":3,"enemies":"3 Cultists","floor":25,"turns":3},{"damage":29,"enemies":"Collector","floor":33,"turns":7},{"damage":61,"enemies":"3 Darklings","floor":35,"turns":5},{"damage":45,"enemies":"2 Orb Walkers","floor":36,"turns":5},{"damage":0,"enemies":"Orb Walker","floor":38,"turns":1},{"damage":3,"enemies":"Transient","floor":39,"turns":5},{"damage":13,"enemies":"Maw","floor":45,"turns":6},{"damage":38,"enemies":"HollowMod:StalkingDevout","floor":46,"turns":5},{"damage":33,"enemies":"3 Darklings","floor":47,"turns":5},{"damage":86,"enemies":"Awakened One","floor":50,"turns":9},{"damage":44,"enemies":"Shield and Spear","floor":54,"turns":5},{"damage":227,"enemies":"The Heart","floor":55,"turns":7}],"seed_played":"-439136873373670949","potions_obtained":[{"floor":13.0,"key":"FearPotion"},{"floor":16.0,"key":"DuplicationPotion"},{"floor":20.0,"key":"FearPotion"},{"floor":25,"key":"LiquidMemories"},{"floor":33,"key":"Dexterity Potion"},{"floor":45,"key":"LiquidBronze"}],"is_trial":false,"path_per_floor":["M","T","$","?","$","M","E","R","T","R","?","M","M","M","R","B",null,"M","$","M","M","M","R","E","M","T","R","$","?","?","?","R","B",null,"M","?","?","M","M","R","$","R","T","?","M","E","M","$","R","B",null,"R","$","E","B",null],"character_chosen":"THE_BUGKNIGHT","items_purchased":["HollowMod:MantisMark","Membership Card","HollowMod:SoulEater","DemoMod:Antibody"],"campfire_rested":5,"item_purchase_floors":[5,19,19,28],"current_hp_per_floor":[74,74,75,80,80,70,38,38,45,45,45,51,51,43,43,24,87,20,35,27,15,15,41,24,17,17,44,59,43,43,43,43,39,93,64,28,28,50,69,104,118,118,118,118,120,95,73,88,124,105,126,126,126,103,101],"gold":349,"neow_bonus":"","is_daily":false,"chose_seed":false,"campfire_upgraded":4,"win_rate":0.0,"timestamp":1609320833,"path_taken":["M","?","$","?","$","M","E","R","T","R","?","M","M","M","R","BOSS","M","$","M","M","M","R","E","M","T","R","$","?","?","?","R","BOSS","M","?","?","?","M","R","$","R","T","?","M","E","M","$","R","BOSS","R","$","E","BOSS"],"items_purchased_type":["Card","Relic","Card","Relic"],"build_version":"2020-12-22","purchased_purges":3,"victory":true,"max_hp_per_floor":[75,75,75,80,80,80,80,80,87,87,87,87,87,87,87,87,87,87,87,87,87,87,87,89,91,91,91,91,91,91,91,91,93,93,95,97,97,116,118,118,118,118,118,118,120,122,124,124,124,126,126,126,126,128,130],"card_choices":[{"not_picked":["ShyLook","WallGazer","Murderer"],"picked":"Singing Bowl","floor":1.0},{"not_picked":["OSAHOGD","Rudolta"],"picked":"VoidDream","floor":1.0},{"not_picked":["HollowMod:SharpenedNail","HollowMod:DashSlash"],"picked":"HollowMod:DungDefenderAura","floor":1.0},{"not_picked":["Bloodbath","Yin","NothingThere"],"picked":"Singing Bowl","floor":6.0},{"not_picked":["HollowMod:LifebloodCocoon","HollowMod:TaintedHusks","HollowMod:ShadowDash"],"picked":"SKIP","floor":6.0},{"not_picked":["WallGazer","ShyLook","UniverseFragment"],"picked":"Singing Bowl","floor":7.0},{"not_picked":["HollowMod:CloakDash","HollowMod:MothsMistake"],"picked":"HollowMod:SoulStrike","floor":7.0},{"not_picked":["Wellcheers","SnowQueen","MeatLantern"],"picked":"Singing Bowl","floor":12.0},{"not_picked":["NakedNest","Wellcheers"],"picked":"CrumblingArmor","floor":12.0},{"not_picked":["HollowMod:SiblingsShadow","HollowMod:PerfectDash"],"picked":"HollowMod:ElderbugsWisdom","floor":12.0},{"not_picked":["HollowMod:CloakDash","HollowMod:DungDefenderAura"],"picked":"HollowMod:PureNailStrike","floor":13.0},{"not_picked":["ShyLook","OSAHOGD","Wellcheers"],"picked":"Singing Bowl","floor":14.0},{"not_picked":["HollowMod:InfectedCysts","HollowMod:WraithStrike"],"picked":"HollowMod:DreamGate","floor":14.0},{"not_picked":["HollowMod:VoidDash","HollowMod:ZotesMagnificence"],"picked":"HollowMod:HornetsHelp","floor":16.0},{"not_picked":["HollowMod:TaintedHusks","HollowMod:PureVessel"],"picked":"HollowMod:CycloneSlash","floor":18.0},{"not_picked":["HollowMod:DescendingDark","HollowMod:MothsMistake"],"picked":"HollowMod:DesolateDive","floor":20.0},{"not_picked":["Laetitia","GalaxyChild"],"picked":"OldLady","floor":21.0},{"not_picked":["HollowMod:DungDefenderAura","HollowMod:CoiledNail+1"],"picked":"HollowMod:Hiveblood","floor":21.0},{"not_picked":["HollowMod:VengefulSpirit+1","HollowMod:DesolateDive"],"picked":"HollowMod:FastStrike+1","floor":22.0},{"not_picked":["HollowMod:SoulShaman+1","HollowMod:DescendingDark+1","HollowMod:SoulEater"],"picked":"SKIP","floor":24.0},{"not_picked":["HollowMod:TaintedHusks","HollowMod:QuirrelsAssistance"],"picked":"HollowMod:NewLittleFool","floor":25},{"not_picked":["HollowMod:MidwifesHunger","HollowMod:LifebloodCore"],"picked":"HollowMod:SlysStrikes","floor":33},{"not_picked":["CherryBlossoms","GalaxyChild"],"picked":"Variant","floor":35},{"not_picked":["HollowMod:NewGlowingWomb+1","HollowMod:SoulSplash","HollowMod:MothsMistake+1"],"picked":"SKIP","floor":35},{"not_picked":["HollowMod:MonarchWings","HollowMod:FastStrike"],"picked":"HollowMod:NewLittleFool","floor":38},{"not_picked":["HollowMod:Grubsong","HollowMod:ChannelNail+1","HollowMod:MawleksShell"],"picked":"SKIP","floor":39},{"not_picked":["HollowMod:SoulSplash+1","HollowMod:NewJinnsSoul+1"],"picked":"HollowMod:CornifersMapStart+1","floor":45},{"not_picked":["HollowMod:SharpenedNail+1","HollowMod:MothsMistake+1","HollowMod:SiblingsSouls"],"picked":"SKIP","floor":46},{"not_picked":["HollowMod:RecoilStrike+1","HollowMod:ShadowDash+1","HollowMod:ChannelNail"],"picked":"SKIP","floor":47},{"not_picked":["HollowMod:CycloneSlash+1","HollowMod:DungDefenderAura+1","HollowMod:LifebloodCocoon"],"picked":"SKIP","floor":54}],"player_experience":204411,"relics_obtained":[{"floor":2.0,"key":"MealTicket"},{"floor":7.0,"key":"ats:Originium"},{"floor":7.0,"key":"Letter Opener"},{"floor":9.0,"key":"DemoMod:MonsterBlood"},{"floor":24.0,"key":"Smiling Mask"},{"floor":26,"key":"DemoMod:DecoyRelic"},{"floor":29,"key":"Nilry\u0027s Codex"},{"floor":36,"key":"DemoMod:Relodestone"},{"floor":38,"key":"AtMidnight"},{"floor":46,"key":"ats:Originium"},{"floor":46,"key":"War Paint"},{"floor":54,"key":"HollowMod:KingsBrand"}],"event_choices":[{"damage_healed":0.0,"max_hp_gain":5.0,"max_hp_loss":0.0,"gold_gain":0.0,"event_name":"Big Fish","player_choice":"Donut","floor":4.0,"gold_loss":0.0,"damage_taken":0.0},{"cards_removed":["HollowMod:QuickDashStart"],"damage_healed":0.0,"max_hp_gain":0.0,"max_hp_loss":0.0,"gold_gain":0.0,"event_name":"The Cleric","player_choice":"Card Removal","floor":11.0,"gold_loss":50.0,"damage_taken":0.0},{"damage_healed":0,"gold_gain":0,"player_choice":"Obtained Book","damage_taken":16,"max_hp_gain":0,"max_hp_loss":0,"event_name":"Cursed Tome","floor":29,"gold_loss":0},{"cards_removed":["HollowMod:QuickDashStart"],"damage_healed":0,"gold_gain":0,"player_choice":"Elegance","damage_taken":0,"max_hp_gain":0,"max_hp_loss":0,"event_name":"Back to Basics","floor":30,"gold_loss":0},{"damage_healed":0,"gold_gain":0,"player_choice":"Ignored","damage_taken":0,"max_hp_gain":0,"max_hp_loss":0,"event_name":"The Mausoleum","floor":31,"gold_loss":0},{"damage_healed":0,"gold_gain":0,"player_choice":"Fight","damage_taken":0,"max_hp_gain":0,"max_hp_loss":0,"event_name":"Mysterious Sphere","floor":36,"gold_loss":0},{"damage_healed":0,"gold_gain":0,"player_choice":"Ignored","damage_taken":0,"max_hp_gain":0,"max_hp_loss":0,"event_name":"SecretPortal","floor":37,"gold_loss":0},{"damage_healed":0,"gold_gain":0,"player_choice":"Forge","damage_taken":0,"max_hp_gain":0,"max_hp_loss":0,"event_name":"Accursed Blacksmith","floor":44,"gold_loss":0,"cards_upgraded":["HollowMod:HornetsHelp"]}],"is_beta":false,"boss_relics":[{"not_picked":["Velvet Choker","Philosopher\u0027s Stone"],"picked":"SlaversCollar"},{"not_picked":["Astrolabe","SacredBark"],"picked":"Fusion Hammer"}],"items_purged_floors":[3,19,28],"is_endless":false,"potions_floor_spawned":[13,16,20,25,33,35,45,47],"ascension_level":0}}