{"host":"w5ovz9boloi14a0g","time":1609308208,"event":{"mods":["BaseMod","Googly Eyes","Minty Spire (QoL Compilation)","StSLib","SuperFastMode"],"gold_per_floor":[113,124,134,66,66,93,3,31,77,77,177,177,204,216,216,319,319,339,350,350,350,366,366,394,441,466,497,497,379,396,396,396,493,543,558,558,609,328,340,351,88,88,114,114,114,114,114,164,164,164],"floor_reached":51,"playtime":1387,"items_purged":[],"score":787,"play_id":"3280dbea-5921-43ff-84c4-c3b1cb64d3cc","local_time":"20201230000328","is_ascension_mode":true,"campfire_choices":[{"floor":12.0,"key":"REST"},{"data":"Finesse","floor":15.0,"key":"SMITH"},{"data":"Survivor","floor":23.0,"key":"SMITH"},{"floor":28.0,"key":"REST"},{"data":"After Image","floor":32.0,"key":"SMITH"},{"floor":42.0,"key":"REST"},{"floor":44.0,"key":"REST"},{"data":"Footwork","floor":47.0,"key":"SMITH"},{"data":"Blade Dance","floor":49.0,"key":"SMITH"}],"circlet_count":0,"master_deck":["Strike_G+1","Strike_G+1","Strike_G+1","Strike_G+1","Defend_G+1","Defend_G+1","Defend_G+1","Defend_G+1","Defend_G+1","Survivor+1","Neutralize","Backflip","Cloak And Dagger+1","Infinite Blades+1","After Image+1","Finesse+1","Blade Dance+1","Choke+1","Die Die Die","Madness","Madness","Backstab","Footwork+1","Good Instincts"],"relics":["WristBlade","Paper Crane","Art of War","Anchor","Ancient Tea Set","The Courier","SlaversCollar","HornCleat","Oddly Smooth Stone","Strawberry","Lantern","Whetstone","Tiny House","Calipers","Unceasing Top","Pantograph","Juzu Bracelet","Torii"],"acts_visited":["Exordium","TheCity","TheBeyond"],"potions_floor_usage":[],"damage_taken":[{"damage":2.0,"enemies":"Cultist","floor":1.0,"turns":4.0},{"damage":0.0,"enemies":"Jaw Worm","floor":2.0,"turns":5.0},{"damage":0.0,"enemies":"2 Louse","floor":3.0,"turns":4.0},{"damage":3.0,"enemies":"3 Sentries","floor":6.0,"turns":7.0},{"damage":15.0,"enemies":"Lagavulin","floor":8.0,"turns":7.0},{"damage":8.0,"enemies":"3 Sentries","floor":13.0,"turns":8.0},{"damage":7.0,"enemies":"Lots of Slimes","floor":14.0,"turns":4.0},{"damage":11.0,"enemies":"Hexaghost","floor":16.0,"turns":11.0},{"damage":5.0,"enemies":"2 Thieves","floor":18.0,"turns":4.0},{"damage":12.0,"enemies":"Shell Parasite","floor":19.0,"turns":5.0},{"damage":3.0,"enemies":"Chosen and Byrds","floor":22.0,"turns":7.0},{"damage":21.0,"enemies":"Book of Stabbing","floor":24.0,"turns":6.0},{"damage":3.0,"enemies":"Gremlin Leader","floor":27.0,"turns":9.0},{"damage":0.0,"enemies":"Centurion and Healer","floor":30.0,"turns":5.0},{"damage":40.0,"enemies":"Collector","floor":33.0,"turns":14.0},{"damage":6.0,"enemies":"3 Darklings","floor":35.0,"turns":5.0},{"damage":60.0,"enemies":"2 Orb Walkers","floor":37.0,"turns":8.0},{"damage":0.0,"enemies":"Orb Walker","floor":39.0,"turns":3.0},{"damage":0.0,"enemies":"Sphere and 2 Shapes","floor":40.0,"turns":7.0},{"damage":0.0,"enemies":"Mind Bloom Boss Battle","floor":48.0,"turns":6.0},{"damage":1,"enemies":"Awakened One","floor":50,"turns":15}],"seed_played":"2500247682920157504","potions_obtained":[{"floor":1.0,"key":"Poison Potion"},{"floor":2.0,"key":"SpeedPotion"},{"floor":13.0,"key":"LiquidMemories"},{"floor":14.0,"key":"Dexterity Potion"},{"floor":19.0,"key":"AttackPotion"},{"floor":24.0,"key":"Regen Potion"}],"is_trial":false,"path_per_floor":["M","M","M","$","?","E","$","E","T","?","?","R","E","M","R","B",null,"M","M","?","?","M","R","E","T","T","E","R","$","M","?","R","B",null,"M","?","?","$","M","M","$","R","T","R","?","?","R","?","R","B",null],"character_chosen":"THE_SILENT","items_purchased":["Infinite Blades","Finesse","Whetstone","Unceasing Top","Backstab","Pantograph","Footwork"],"campfire_rested":4,"item_purchase_floors":[4,7,29,38,38,41,41],"current_hp_per_floor":[68,68,68,68,68,65,65,50,50,38,38,59,51,44,44,33,70,65,53,53,53,50,50,29,29,36,33,56,56,56,56,56,16,82,76,66,6,6,6,6,6,30,30,54,54,54,54,79,79,81],"gold":164,"neow_bonus":"BOSS_RELIC","is_daily":false,"chose_seed":false,"campfire_upgraded":5,"win_rate":0.0,"timestamp":1609308208,"path_taken":["M","?","M","$","?","E","$","E","T","?","?","R","E","?","R","BOSS","M","M","?","?","?","R","E","?","T","E","R","$","M","?","R","BOSS","M","?","?","$","M","M","$","R","T","R","?","?","R","?","R","BOSS"],"items_purchased_type":["Card","Card","Relic","Relic","Card","Relic","Card"],"build_version":"2020-12-22","purchased_purges":0,"victory":true,"max_hp_per_floor":[70,70,70,70,70,70,70,70,70,70,70,70,70,70,70,70,70,70,70,70,70,70,70,70,70,77,77,77,77,77,77,77,77,82,82,82,82,82,82,82,82,82,82,82,82,82,82,82,82,82],"card_choices":[{"not_picked":["Dodge and Roll","Slice"],"picked":"Backflip","floor":1.0},{"not_picked":["Slice","Heel Hook","Distraction"],"picked":"SKIP","floor":2.0},{"not_picked":["Accuracy","Blur"],"picked":"Cloak And Dagger","floor":3.0},{"not_picked":["Malaise","Underhanded Strike"],"picked":"After Image","floor":6.0},{"not_picked":["Cloak And Dagger","Calculated Gamble","Bullet Time"],"picked":"SKIP","floor":8.0},{"not_picked":["Cloak And Dagger","Underhanded Strike"],"picked":"Blade Dance","floor":13.0},{"not_picked":["Setup","Blade Dance","Quick Slash"],"picked":"SKIP","floor":14.0},{"not_picked":["Deadly Poison","Quick Slash","Setup"],"picked":"SKIP","floor":18.0},{"not_picked":["Cloak And Dagger","Dagger Throw","Dagger Spray"],"picked":"SKIP","floor":19.0},{"not_picked":["Dagger Throw","Deflect"],"picked":"Choke","floor":22.0},{"not_picked":["Die Die Die","Slice","Bane"],"picked":"SKIP","floor":24.0},{"not_picked":["Choke+1","Endless Agony","Eviscerate"],"picked":"SKIP","floor":27.0},{"not_picked":["Underhanded Strike+1","Endless Agony+1","Quick Slash"],"picked":"SKIP","floor":30.0},{"not_picked":["Phantasmal Killer","Venomology"],"picked":"Die Die Die","floor":33.0},{"not_picked":["Bane+1","Backflip","PiercingWail"],"picked":"SKIP","floor":35.0},{"not_picked":["PiercingWail","Calculated Gamble+1","Bouncing Flask"],"picked":"SKIP","floor":39.0},{"not_picked":["Expertise+1","Backflip+1","Backstab+1"],"picked":"SKIP","floor":40.0},{"not_picked":["Swift Strike","HandOfGreed"],"picked":"Good Instincts","floor":46.0}],"player_experience":44907,"relics_obtained":[{"floor":6.0,"key":"Paper Crane"},{"floor":8.0,"key":"Art of War"},{"floor":9.0,"key":"Anchor"},{"floor":13.0,"key":"The Courier"},{"floor":24.0,"key":"HornCleat"},{"floor":25.0,"key":"Oddly Smooth Stone"},{"floor":26.0,"key":"Strawberry"},{"floor":27.0,"key":"Lantern"},{"floor":37.0,"key":"Calipers"},{"floor":43.0,"key":"Juzu Bracelet"},{"floor":48.0,"key":"Torii"}],"event_choices":[{"damage_healed":0.0,"max_hp_gain":0.0,"max_hp_loss":0.0,"gold_gain":0.0,"event_name":"Living Wall","player_choice":"Grow","floor":5.0,"gold_loss":0.0,"damage_taken":0.0,"cards_upgraded":["Cloak And Dagger"]},{"damage_healed":0.0,"max_hp_gain":0.0,"max_hp_loss":0.0,"gold_gain":0.0,"event_name":"Scrap Ooze","player_choice":"Success","floor":10.0,"gold_loss":0.0,"damage_taken":12.0,"relics_obtained":["Ancient Tea Set"]},{"damage_healed":0.0,"max_hp_gain":0.0,"max_hp_loss":0.0,"gold_gain":100.0,"event_name":"Wheel of Change","player_choice":"Gold","floor":11.0,"gold_loss":0.0,"damage_taken":0.0},{"damage_healed":0.0,"max_hp_gain":0.0,"max_hp_loss":0.0,"gold_gain":0.0,"event_name":"Cursed Tome","player_choice":"Ignored","floor":20.0,"gold_loss":0.0,"damage_taken":0.0},{"cards_removed":["Strike_G"],"damage_healed":0.0,"max_hp_gain":0.0,"max_hp_loss":0.0,"gold_gain":0.0,"event_name":"Purifier","player_choice":"Purged","floor":21.0,"gold_loss":0.0,"damage_taken":0.0},{"damage_healed":0.0,"max_hp_gain":0.0,"max_hp_loss":0.0,"gold_gain":0.0,"event_name":"Back to Basics","player_choice":"Simplicity","floor":31.0,"gold_loss":0.0,"damage_taken":0.0,"cards_upgraded":["Strike_G","Strike_G","Strike_G","Defend_G","Defend_G","Defend_G","Defend_G","Defend_G"]},{"damage_healed":0.0,"max_hp_gain":0.0,"max_hp_loss":0.0,"gold_gain":0.0,"event_name":"Winding Halls","player_choice":"Embrace Madness","floor":36.0,"gold_loss":0.0,"damage_taken":10.0,"cards_obtained":["Madness","Madness"]},{"damage_healed":0.0,"max_hp_gain":0.0,"max_hp_loss":0.0,"gold_gain":0.0,"event_name":"Mysterious Sphere","player_choice":"Fight","floor":37.0,"gold_loss":0.0,"damage_taken":0.0},{"damage_healed":0.0,"max_hp_gain":0.0,"max_hp_loss":0.0,"gold_gain":0.0,"event_name":"Tomb of Lord Red Mask","player_choice":"Ignored","floor":45.0,"gold_loss":0.0,"damage_taken":0.0},{"damage_healed":0.0,"max_hp_gain":0.0,"max_hp_loss":0.0,"gold_gain":0.0,"event_name":"SensoryStone","player_choice":"Memory 1","floor":46.0,"gold_loss":0.0,"damage_taken":0.0},{"damage_healed":0.0,"max_hp_gain":0.0,"max_hp_loss":0.0,"gold_gain":0.0,"event_name":"MindBloom","player_choice":"Fight","floor":48.0,"gold_loss":0.0,"damage_taken":0.0}],"is_beta":false,"boss_relics":[{"not_picked":["HoveringKite","Velvet Choker"],"picked":"SlaversCollar"},{"not_picked":["Astrolabe","Cursed Key"],"picked":"Tiny House"}],"items_purged_floors":[],"is_endless":false,"potions_floor_spawned":[1,2,13,14,19,24,30,37,48],"ascension_level":2}}