{"host":"b0hh64pqctf46s8m","time":1609329626,"event":{"mods":["Act Like it!","BaseMod","Bestiary","CCEM","CapriCore","ChefMod","Conspire","Curses Come First","Displayed Cursed Tome","Dota2Spire","Downfall","Ekko","Elementarium","Fireblade Mod","Hallownest","Hermit","Hubris","Infinite Spire","Jess\u0027s Bottle","JesterMod","Jorbs\u0027s Wanderer Trilogy","Lobotomy","Luminous","Menagerie","Minty Spire (QoL Compilation)","Pale of the Ancients","Permanent Neow","Relic Stats","Replay The Spire","Robot Space Explorer","Shade Mod","StSLib","The Blue Laboratory","The Dragon Tamer","The Immortal","The Marked","TheLocksmith","TheSwordswoman","TheVacant","TheWitcher","UnlockEverythingMod","Wandering Minibosses","??????REMEMod","????"],"gold_per_floor":[99,119,137,154,171,182,182,182,194,104,104,129,129,159,170,272,272,272,284,284,301,313,313,336,356,369,403,415,441,470,516,540,647,659,671,698,722,754,287,287,287,287,202,221,221,221,251,119,139,139],"floor_reached":51,"playtime":2766,"items_purged":["Slimebound:Strike_Slimebound","Slimebound:Strike_Slimebound"],"score":733,"play_id":"578f79d1-c506-40f8-9212-2e9bb4010be4","local_time":"20201230040026","is_ascension_mode":false,"campfire_choices":[{"data":"Slimebound:LeechLife","floor":1.0,"key":"SMITH"},{"data":"Slimebound:Split","floor":8.0,"key":"SMITH"},{"data":"Slimebound:MinionMaster","floor":11.0,"key":"SMITH"},{"data":"Slimebound:CorrosiveSpit","floor":13.0,"key":"SMITH"},{"floor":18.0,"key":"DIG"},{"data":"Slimebound:SlimeBarrage","floor":23.0,"key":"SMITH"},{"data":"Slimebound:SplitLeeching","floor":28.0,"key":"SMITH"},{"data":"Slimebound:SlimeBarrage","floor":35,"key":"SMITH"},{"data":"Slimebound:SplitAcid","floor":40,"key":"SMITH"},{"data":"Slimebound:RallyTheTroops","floor":45,"key":"SMITH"}],"circlet_count":0,"master_deck":["Slimebound:Strike_Slimebound+1","Slimebound:Tackle+1","Slimebound:Defend_Slimebound","Slimebound:Defend_Slimebound","Slimebound:Defend_Slimebound","Slimebound:Defend_Slimebound","Slimebound:Split+1","Slimebound:CorrosiveSpit+1","Slimebound:LeechLife+1","Slimebound:SamplingLick","Slimebound:SplitMire","Slimebound:LeechEnergy","Slimebound:GoopSpray+1","Slimebound:FormOfPuddle","Slimebound:MinionMaster+1","Slimebound:MegaLick","Slimebound:SplitLeeching+1","Slimebound:RallyTheTroops+1","Slimebound:SlimeBarrage+1","Slimebound:SlimeBarrage+1","Slimebound:OneTwoCombo+1","Slimebound:LeadByExample+1","Slimebound:SplitMire","Slimebound:MassFeed","Slimebound:SplitBruiser+1","Slimebound:SplitAcid+1","Hallownest:skillKingdomsEdgeMap","Slimebound:RallyTheTroops","Slimebound:OneTwoCombo"],"relics":["Slimebound:AbsorbEndCombat","REME_ComplimentaryCards","Dota2Spire:EtherealBlade","Slimebound:AggressiveSlimeRelic","Ice Cream","Painkiller Herb","Bag of Preparation","hubris:TenFootPole","MawBank","Art of War","wanderingMiniBosses:CarrionFlame","conspire:SlowCooker","Dota2Spire:Vanguard","Whetstone","Dota2Spire:Desolator","CaptainsWheel","infinitespire:Lychee Nut","Lizard Tail"],"acts_visited":["Menagerie:Menagerie","Elementarium:Elementarium","Hallownest:KingdomsEdge"],"potions_floor_usage":[],"damage_taken":[{"damage":6.0,"enemies":"Menagerie:2_RABBITS","floor":3.0,"turns":4.0},{"damage":9.0,"enemies":"Menagerie:MonstrousExperiment","floor":4.0,"turns":3.0},{"damage":15.0,"enemies":"Menagerie:StygianBoar","floor":5.0,"turns":3.0},{"damage":21.0,"enemies":"Menagerie:KEEPER_AND_YOUNG_SUNEATER","floor":6.0,"turns":5.0},{"damage":25.0,"enemies":"Menagerie:MeltingSalamander","floor":9.0,"turns":5.0},{"damage":15.0,"enemies":"downfall:FleeingMerchant","floor":10.0,"turns":4.0},{"damage":22.0,"enemies":"Menagerie:Hydra","floor":12.0,"turns":4.0},{"damage":24.0,"enemies":"Menagerie:MaskedSummoner","floor":14.0,"turns":7.0},{"damage":23.0,"enemies":"Menagerie:3_RABBITS","floor":15.0,"turns":5.0},{"damage":41.0,"enemies":"downfall:Watcher","floor":16.0,"turns":7.0},{"damage":25.0,"enemies":"Elementarium:Cyclone","floor":19.0,"turns":5.0},{"damage":18.0,"enemies":"Elementarium:2_ELEMENTALS","floor":21.0,"turns":3.0},{"damage":26.0,"enemies":"Elementarium:VOID_CORRUPTION_AND_TAR_GOLEM","floor":22.0,"turns":4.0},{"damage":37.0,"enemies":"Elementarium:VoidBeast","floor":25.0,"turns":4.0},{"damage":51.0,"enemies":"Elementarium:STONE_GOLEMS","floor":26.0,"turns":5.0},{"damage":50.0,"enemies":"Elementarium:ElementalPortal","floor":27.0,"turns":8.0},{"damage":14.0,"enemies":"Elementarium:CYCLONE_AND_LIVING_STORMCLOUD","floor":29.0,"turns":3.0},{"damage":21.0,"enemies":"Elementarium:RubyGolem","floor":30.0,"turns":2.0},{"damage":25.0,"enemies":"Elementarium:WarGolem","floor":31.0,"turns":3.0},{"damage":35.0,"enemies":"Elementarium:CYCLONE_AND_ORB_OF_FIRE","floor":32.0,"turns":5.0},{"damage":63,"enemies":"downfall:Ironclad","floor":33,"turns":5},{"damage":41,"enemies":"Hallownest:3_Siblings","floor":36,"turns":4},{"damage":23,"enemies":"Hallownest:Shield_Heavy","floor":37,"turns":4},{"damage":30,"enemies":"Hallownest:2_Wandering_and_1_Horned","floor":38,"turns":5},{"damage":24,"enemies":"downfall:FleeingMerchant","floor":39,"turns":4},{"damage":19,"enemies":"Hallownest:monsterPrimalAspid","floor":44,"turns":4},{"damage":37,"enemies":"Hallownest:eliteCollector","floor":47,"turns":5},{"damage":27,"enemies":"downfall:FleeingMerchant","floor":48,"turns":3},{"damage":28,"enemies":"Hallownest:2_Wing_and_1_Kings","floor":49,"turns":2},{"damage":44,"enemies":"downfall:Defect","floor":50,"turns":4}],"seed_played":"9121528504148537637","potions_obtained":[{"floor":4.0,"key":"Regen Potion"},{"floor":9.0,"key":"Fruit Juice"},{"floor":12.0,"key":"blueLaboratory:ExaltedPotion"},{"floor":26.0,"key":"BlessingOfTheForge"},{"floor":29.0,"key":"Explosive Potion"},{"floor":38,"key":"blueLaboratory:FruitPreserves"}],"is_trial":false,"path_per_floor":["R","?","M","M","M","M","T","R","M","$","R","E","R","E","M","B",null,"T","?","?","?","?","T","T","?","?","E","T","?","?","E","?","B",null,"T","?","?","?","T","T","T","?","?","?","T","AVR","E","T","?","B",null],"character_chosen":"SLIMEBOUND","items_purchased":["Dota2Spire:Vanguard","Slimebound:SplitAcid","Whetstone","Slimebound:OneTwoCombo","Lizard Tail"],"campfire_rested":0,"item_purchase_floors":[39,39,39,48,48],"current_hp_per_floor":[54,54,54,54,53,53,53,53,54,54,54,54,54,54,54,49,54,54,51,51,54,54,54,54,49,45,53,53,59,59,54,59,42,59,59,62,62,65,65,65,65,65,65,65,65,65,48,44,43,51],"gold":139,"neow_bonus":"THREE_RARE_CARDS","is_daily":false,"chose_seed":false,"campfire_upgraded":9,"win_rate":0.0,"timestamp":1609329626,"path_taken":["R","?","M","?","M","M","T","R","M","$","R","E","R","E","M","BOSS","T","?","?","?","?","T","T","?","?","E","T","?","?","E","?","BOSS","T","?","?","?","T","T","T","?","?","?","T","AVR","E","?","?","BOSS"],"items_purchased_type":["Relic","Card","Relic","Card","Relic"],"build_version":"2020-12-22","purchased_purges":2,"victory":true,"max_hp_per_floor":[54,54,54,54,54,54,54,54,54,54,54,54,54,54,54,54,54,54,54,54,54,54,54,54,54,54,54,54,59,59,59,59,59,59,59,62,62,65,65,65,65,65,65,65,65,65,48,51,51,51],"relic_stats":{"Lizard Tail":0,"counters":[30,128],"Bag of Preparation":[40],"Art of War":[1],"Whetstone":["Slimebound:OneTwoCombo","Slimebound:Tackle"],"MawBank":144,"obtain_stats":[{"Ice Cream":14,"Slimebound:AggressiveSlimeRelic":12,"Painkiller Herb":17,"conspire:SlowCooker":34,"Dota2Spire:Vanguard":39,"Bag of Preparation":18,"Whetstone":39,"Dota2Spire:EtherealBlade":7,"MawBank":27,"CaptainsWheel":46,"Lizard Tail":48,"wanderingMiniBosses:CarrionFlame":32,"infinitespire:Lychee Nut":47,"Slimebound:AbsorbEndCombat":0,"hubris:TenFootPole":24,"Art of War":31,"REME_ComplimentaryCards":0,"Dota2Spire:Desolator":41},{"Ice Cream":8,"Slimebound:AggressiveSlimeRelic":7,"Painkiller Herb":10,"conspire:SlowCooker":21,"Dota2Spire:Vanguard":25,"Bag of Preparation":10,"Whetstone":25,"Dota2Spire:EtherealBlade":4,"MawBank":16,"CaptainsWheel":26,"Lizard Tail":28,"wanderingMiniBosses:CarrionFlame":20,"infinitespire:Lychee Nut":27,"Slimebound:AbsorbEndCombat":0,"hubris:TenFootPole":13,"Art of War":19,"REME_ComplimentaryCards":0,"Dota2Spire:Desolator":25},{"Ice Cream":35,"Slimebound:AggressiveSlimeRelic":28,"Painkiller Herb":47,"conspire:SlowCooker":93,"Dota2Spire:Vanguard":110,"Bag of Preparation":47,"Whetstone":110,"Dota2Spire:EtherealBlade":15,"MawBank":75,"CaptainsWheel":114,"Lizard Tail":122,"wanderingMiniBosses:CarrionFlame":88,"infinitespire:Lychee Nut":119,"Slimebound:AbsorbEndCombat":0,"hubris:TenFootPole":59,"Art of War":83,"REME_ComplimentaryCards":0,"Dota2Spire:Desolator":110}]},"card_choices":[{"not_picked":["Slimebound:Teamwork","Slimebound:OneTwoCombo"],"picked":"Slimebound:LeechLife","floor":0.0},{"not_picked":["Slimebound:LeechingTouch","Slimebound:PressTheAttack"],"picked":"Slimebound:SamplingLick","floor":3.0},{"not_picked":["Slimebound:LeechingTouch","Slimebound:GoopTackle"],"picked":"Slimebound:SplitMire","floor":4.0},{"not_picked":["Slimebound:Schlurp","Slimebound:TongueLash"],"picked":"Slimebound:LeechEnergy","floor":5.0},{"not_picked":["Slimebound:SamplingLick","Slimebound:RollThrough"],"picked":"Slimebound:GoopSpray","floor":6.0},{"not_picked":["Slimebound:BestDefense","Slimebound:SlimeSpikes"],"picked":"Slimebound:FormOfPuddle","floor":9.0},{"not_picked":["Slimebound:GoopTackle","Slimebound:ComboTackle"],"picked":"Slimebound:MinionMaster","floor":10.0},{"not_picked":["Slimebound:RejuvenatingLick","Slimebound:Schlurp"],"picked":"Slimebound:MegaLick","floor":12.0},{"not_picked":["Slimebound:ProtectTheBoss","Slimebound:SamplingLick"],"picked":"Slimebound:SplitLeeching","floor":14.0},{"not_picked":["Slimebound:FirmFortitude","Slimebound:SplitAcid","Slimebound:FormOfPuddle"],"picked":"SKIP","floor":15.0},{"not_picked":["Slimebound:DouseInSlime","Slimebound:OozeBath"],"picked":"Slimebound:RallyTheTroops","floor":16.0},{"not_picked":["Slimebound:Repurpose+1","Slimebound:Prepare","Slimebound:LeechEnergy"],"picked":"SKIP","floor":19.0},{"not_picked":["Slimebound:Prepare+1","Slimebound:RollThrough"],"picked":"Slimebound:SlimeBarrage","floor":21.0},{"not_picked":["Slimebound:GrowthPunch","Slimebound:SlimeSpikes+1","Slimebound:FinishingTackle"],"picked":"SKIP","floor":22.0},{"not_picked":["Slimebound:Equalize","Slimebound:FormOfPuddle+1"],"picked":"Slimebound:SlimeBarrage","floor":25.0},{"not_picked":["Slimebound:PressTheAttack","Slimebound:ViciousTackle","Slimebound:FirmFortitude"],"picked":"SKIP","floor":26.0},{"not_picked":["Slimebound:FinishingTackle","Slimebound:SlimeSpikes"],"picked":"Slimebound:OneTwoCombo","floor":27.0},{"not_picked":["Slimebound:SlimeSpikes","Slimebound:TongueLash"],"picked":"Slimebound:LeadByExample+1","floor":29.0},{"not_picked":["Slimebound:FinishingTackle","Slimebound:SpikyOuterGoop","Slimebound:Gluttony+1"],"picked":"SKIP","floor":30.0},{"not_picked":["Slimebound:Repurpose","Slimebound:HauntingLick","Slimebound:FinishingTackle+1"],"picked":"SKIP","floor":31.0},{"not_picked":["Slimebound:BestDefense","Slimebound:Equalize"],"picked":"Slimebound:SplitMire","floor":32},{"not_picked":["Slimebound:WasteNot","Slimebound:MassRepurpose"],"picked":"Slimebound:MassFeed","floor":33},{"not_picked":["Slimebound:SplitLeeching","Slimebound:ComboTackle"],"picked":"Slimebound:SplitBruiser+1","floor":36},{"not_picked":["Slimebound:Equalize","Slimebound:SamplingLick","Slimebound:PressTheAttack+1"],"picked":"SKIP","floor":37},{"not_picked":["Slimebound:GrowthPunch","Slimebound:RejuvenatingLick","Slimebound:LeechEnergy+1"],"picked":"SKIP","floor":38},{"not_picked":["Slimebound:Dissolve","Slimebound:Prepare","Slimebound:ComboTackle+1"],"picked":"SKIP","floor":39},{"not_picked":["Slimebound:SlimeBarrage+1","Slimebound:ItLooksTasty+1","Slimebound:Schlurp"],"picked":"SKIP","floor":44},{"not_picked":["Slimebound:Schlurp","Slimebound:LeechingTouch","Slimebound:GoopSpray"],"picked":"SKIP","floor":47},{"not_picked":["Slimebound:RollThrough","Slimebound:ComboTackle"],"picked":"Slimebound:RallyTheTroops","floor":48},{"not_picked":["Slimebound:SplitMire","Slimebound:FinishingTackle","Slimebound:Nibble"],"picked":"SKIP","floor":49}],"player_experience":1449734,"relics_obtained":[{"floor":7.0,"key":"Dota2Spire:EtherealBlade"},{"floor":12.0,"key":"Slimebound:AggressiveSlimeRelic"},{"floor":14.0,"key":"Ice Cream"},{"floor":18.0,"key":"Bag of Preparation"},{"floor":24.0,"key":"hubris:TenFootPole"},{"floor":27.0,"key":"MawBank"},{"floor":31.0,"key":"Art of War"},{"floor":32,"key":"wanderingMiniBosses:CarrionFlame"},{"floor":41,"key":"Dota2Spire:Desolator"},{"floor":47,"key":"infinitespire:Lychee Nut"}],"event_choices":[{"damage_healed":0.0,"max_hp_gain":0.0,"max_hp_loss":0.0,"gold_gain":20.0,"event_name":"Menagerie:CloudVision","player_choice":"Cunning","floor":2.0,"gold_loss":0.0,"damage_taken":0.0,"cards_upgraded":["Slimebound:Strike_Slimebound"]},{"damage_healed":0.0,"max_hp_gain":0.0,"max_hp_loss":0.0,"gold_gain":0.0,"event_name":"Elementarium:SculptureGarden","player_choice":"Meditate","floor":20.0,"gold_loss":0.0,"damage_taken":0.0,"cards_upgraded":["Slimebound:GoopSpray"]}],"is_beta":false,"boss_relics":[{"not_picked":["infinitespire:Cupcake","Ring of Chaos"],"picked":"Painkiller Herb"},{"not_picked":["Replay:Ancient Bell","Honey Jar"],"picked":"conspire:SlowCooker"}],"items_purged_floors":[10,39],"is_endless":false,"potions_floor_spawned":[4,9,12,14,26,29,30,32,36,38,44],"ascension_level":0}}