{"host":"sav7uxregyirlf69","time":1609330394,"event":{"mods":["AchievementEnabler","BaseMod","Colored Map","DeckTracker","Keyboard Shortcuts","Minty Spire (QoL Compilation)","READ ME - Guardian Mod","StSLib","SuperFastMode"],"gold_per_floor":[17,17,35,48,48,48,73,73,73,86,11,11,21,41,41,118,118,135,35,35,35,50,50,65,65,65,65,65,84,84,84,84,156,156,167,42,42,57,82,82,109,135,201,227,249,261,273,305,317,329,341,353,365,41,70,70],"floor_reached":57,"playtime":3377,"items_purged":["Strike_G","Sucker Punch","Dagger Spray","Riddle With Holes"],"score":3064,"play_id":"fd2f5c87-2837-444c-9dc0-5c4b99c11ff0","local_time":"20201230211314","is_ascension_mode":true,"campfire_choices":[{"data":"Venomology","floor":6,"key":"SMITH"},{"floor":8,"key":"REST"},{"data":"Noxious Fumes","floor":15,"key":"SMITH"},{"data":"Concentrate","floor":23,"key":"SMITH"},{"data":"Acrobatics","floor":27,"key":"SMITH"},{"data":"Reflex","floor":32,"key":"SMITH"},{"data":"Adrenaline","floor":40,"key":"SMITH"},{"data":"Panache","floor":47,"key":"SMITH"},{"floor":49,"key":"RECALL"},{"data":"Escape Plan","floor":53,"key":"SMITH"}],"circlet_count":0,"master_deck":["AscendersBane","Survivor","Neutralize","Venomology+1","Backflip","Backstab","PiercingWail","Dagger Throw","Acrobatics+1","Noxious Fumes+1","Concentrate+1","Wraith Form v2","After Image","Escape Plan","Reflex+1","Well Laid Plans","Adrenaline+1","Escape Plan+1","Finesse","Panache+1","Master of Strategy"],"relics":["Ring of the Snake","Thread and Needle","Tough Bandages","Anchor","Pandora\u0027s Box","MutagenicStrength","Bottled Lightning","Blue Candle","Coffee Dripper","TungstenRod","MawBank","Strawberry","Pear"],"acts_visited":["Exordium","TheCity","TheBeyond","TheEnding"],"potions_floor_usage":[3,7,10,10,10,14,16,16,22,24,29],"damage_taken":[{"damage":19,"enemies":"Jaw Worm","floor":1,"turns":10},{"damage":1,"enemies":"Cultist","floor":3,"turns":5},{"damage":3,"enemies":"2 Louse","floor":4,"turns":3},{"damage":31,"enemies":"3 Sentries","floor":7,"turns":21},{"damage":1,"enemies":"Gremlin Gang","floor":10,"turns":6},{"damage":0,"enemies":"Exordium Wildlife","floor":13,"turns":4},{"damage":0,"enemies":"Lots of Slimes","floor":14,"turns":5},{"damage":0,"enemies":"The Guardian","floor":16,"turns":10},{"damage":0,"enemies":"2 Thieves","floor":18,"turns":4},{"damage":0,"enemies":"Spheric Guardian","floor":22,"turns":3},{"damage":3,"enemies":"Chosen and Byrds","floor":24,"turns":6},{"damage":0,"enemies":"Snake Plant","floor":29,"turns":4},{"damage":0,"enemies":"Champ","floor":33,"turns":6},{"damage":0,"enemies":"Orb Walker","floor":35,"turns":3},{"damage":0,"enemies":"3 Shapes","floor":38,"turns":7},{"damage":0,"enemies":"Mind Bloom Boss Battle","floor":39,"turns":5},{"damage":0,"enemies":"Reptomancer","floor":41,"turns":5},{"damage":0,"enemies":"Sphere and 2 Shapes","floor":42,"turns":2},{"damage":0,"enemies":"Transient","floor":44,"turns":6},{"damage":0,"enemies":"Maw","floor":45,"turns":4},{"damage":0,"enemies":"Sphere and 2 Shapes","floor":48,"turns":3},{"damage":0,"enemies":"Awakened One","floor":50,"turns":4},{"damage":0,"enemies":"Donu and Deca","floor":51,"turns":1},{"damage":0,"enemies":"Shield and Spear","floor":55,"turns":1},{"damage":0,"enemies":"The Heart","floor":56,"turns":5}],"seed_played":"245819235110964063","potions_obtained":[{"floor":1,"key":"SkillPotion"},{"floor":7,"key":"EntropicBrew"},{"floor":14,"key":"BlessingOfTheForge"},{"floor":18,"key":"Strength Potion"},{"floor":24,"key":"LiquidMemories"}],"is_trial":false,"path_per_floor":["M","?","M","M","?","R","E","R","T","M","$","?","M","M","R","B",null,"M","$","?","?","M","R","M","T","T","R","?","M","T","?","R","B",null,"M","$","?","M","?","R","E","M","T","M","M","?","R","M","R","B","B",null,"R","$","E","B",null],"character_chosen":"THE_SILENT","items_purchased":["Master of Strategy"],"campfire_rested":1,"item_purchase_floors":[54],"current_hp_per_floor":[40,40,39,36,36,36,5,24,24,23,23,23,23,23,23,23,55,55,55,55,55,55,55,52,52,52,52,52,66,66,66,66,66,66,66,66,66,66,66,66,66,66,73,73,73,64,64,64,64,64,64,71,71,71,81,81],"gold":70,"neow_bonus":"THREE_RARE_CARDS","is_daily":false,"chose_seed":false,"campfire_upgraded":8,"win_rate":0.0,"timestamp":1609330394,"path_taken":["M","?","M","?","?","R","E","R","T","?","$","?","M","M","R","BOSS","M","?","?","?","M","R","M","?","T","R","?","?","?","?","R","BOSS","M","$","?","M","?","R","E","M","T","M","M","?","R","M","R","BOSS","BOSS","R","$","E","BOSS"],"items_purchased_type":["Card"],"build_version":"2020-12-22","purchased_purges":4,"victory":true,"max_hp_per_floor":[66,66,66,66,66,66,66,66,66,66,66,66,66,66,66,66,66,66,66,66,66,66,66,66,66,66,66,66,66,66,66,66,66,66,66,66,66,66,66,66,66,66,73,73,73,73,73,73,73,73,73,73,73,73,83,83],"card_choices":[{"not_picked":["Envenom","Tools of the Trade"],"picked":"Venomology","floor":0},{"not_picked":["Quick Slash","Flying Knee"],"picked":"Backflip","floor":1},{"not_picked":["Choke","Underhanded Strike"],"picked":"Backstab","floor":3},{"not_picked":["Deflect","Prepared","PiercingWail"],"picked":"SKIP","floor":4},{"not_picked":["Concentrate","Dagger Spray"],"picked":"Dagger Throw","floor":7},{"not_picked":["Deflect","Blade Dance"],"picked":"Acrobatics","floor":10},{"not_picked":["Dagger Spray","Footwork","PiercingWail"],"picked":"SKIP","floor":13},{"not_picked":["Wraith Form v2","Underhanded Strike"],"picked":"Noxious Fumes","floor":14},{"not_picked":["Backflip","Underhanded Strike","Crippling Poison"],"picked":"SKIP","floor":18},{"not_picked":["Deflect","Blade Dance"],"picked":"Well Laid Plans","floor":22},{"not_picked":["Flying Knee","Well Laid Plans+1","Deflect"],"picked":"SKIP","floor":24},{"not_picked":["Terror","Backstab+1","Outmaneuver"],"picked":"SKIP","floor":29},{"not_picked":["Tools of the Trade","A Thousand Cuts"],"picked":"Adrenaline","floor":33},{"not_picked":["Cloak And Dagger+1","Quick Slash","Concentrate"],"picked":"SKIP","floor":35},{"not_picked":["Finisher","Setup","Deadly Poison"],"picked":"SKIP","floor":38},{"not_picked":["Deadly Poison","Masterful Stab+1"],"picked":"Escape Plan","floor":41},{"not_picked":["Well Laid Plans","Poisoned Stab+1","Deflect"],"picked":"SKIP","floor":42},{"not_picked":["Prepared","Cloak And Dagger","Poisoned Stab"],"picked":"SKIP","floor":44},{"not_picked":["Underhanded Strike","Deflect","Deadly Poison"],"picked":"SKIP","floor":45},{"not_picked":["Forethought","HandOfGreed"],"picked":"Finesse","floor":46},{"not_picked":["Mind Blast","Chrysalis"],"picked":"Panache","floor":46},{"not_picked":["Bane","PiercingWail+1","Cloak And Dagger"],"picked":"SKIP","floor":48},{"not_picked":["Dagger Spray+1","Venomology","Predator+1"],"picked":"SKIP","floor":55}],"player_experience":1074375,"relics_obtained":[{"floor":7,"key":"Thread and Needle"},{"floor":9,"key":"Tough Bandages"},{"floor":25,"key":"Bottled Lightning"},{"floor":30,"key":"Blue Candle"},{"floor":39,"key":"TungstenRod"},{"floor":41,"key":"MawBank"},{"floor":43,"key":"Strawberry"},{"floor":55,"key":"Pear"}],"event_choices":[{"cards_removed":["Strike_G"],"damage_healed":0,"gold_gain":0,"player_choice":"Purged","damage_taken":0,"max_hp_gain":0,"max_hp_loss":0,"event_name":"Purifier","floor":2,"gold_loss":0},{"damage_healed":0,"gold_gain":0,"player_choice":"1 cards matched","damage_taken":0,"max_hp_gain":0,"max_hp_loss":0,"event_name":"Match and Keep!","floor":5,"gold_loss":0,"cards_obtained":["PiercingWail"]},{"damage_healed":0,"gold_gain":0,"player_choice":"Gave Potion","damage_taken":0,"relics_obtained":["Anchor"],"max_hp_gain":0,"max_hp_loss":0,"event_name":"WeMeetAgain","floor":12,"gold_loss":0},{"damage_healed":0,"gold_gain":0,"player_choice":"Ignored","damage_taken":0,"max_hp_gain":0,"max_hp_loss":0,"event_name":"Vampires","floor":20,"gold_loss":0},{"damage_healed":0,"gold_gain":0,"player_choice":"Inject Mutagens","damage_taken":0,"relics_obtained":["MutagenicStrength"],"max_hp_gain":0,"max_hp_loss":0,"event_name":"Drug Dealer","floor":21,"gold_loss":0},{"damage_healed":0,"gold_gain":0,"player_choice":"Ignored","damage_taken":0,"max_hp_gain":0,"max_hp_loss":0,"event_name":"Cursed Tome","floor":31,"gold_loss":0},{"damage_healed":0,"gold_gain":0,"player_choice":"Ignored","damage_taken":0,"max_hp_gain":0,"max_hp_loss":0,"event_name":"Mysterious Sphere","floor":37,"gold_loss":0},{"damage_healed":0,"gold_gain":0,"player_choice":"Fight","damage_taken":0,"max_hp_gain":0,"max_hp_loss":0,"event_name":"MindBloom","floor":39,"gold_loss":0},{"damage_healed":0,"gold_gain":0,"player_choice":"Memory 3","damage_taken":10,"max_hp_gain":0,"max_hp_loss":0,"event_name":"SensoryStone","floor":46,"gold_loss":0}],"is_beta":false,"boss_relics":[{"not_picked":["HoveringKite","Runic Pyramid"],"picked":"Pandora\u0027s Box"},{"not_picked":["Calling Bell","Snecko Eye"],"picked":"Coffee Dripper"}],"items_purged_floors":[11,19,36,54],"is_endless":false,"potions_floor_spawned":[1,7,14,18,24,39,41,42,45],"ascension_level":20}}