{"host":"m77rrhbqzv44va4v","time":1609330016,"event":{"mods":["AchievementEnabler","BaseMod","Colored Map","DeckTracker","Keyboard Shortcuts","Minty Spire (QoL Compilation)","StSLib","SuperFastMode","everything is the same but u backflip on backflip"],"gold_per_floor":[118,218,235,235,235,270,293,316,339,370,383,100,100,100,100,189,189,207,230,255,255,205,205,205],"floor_reached":23,"playtime":533,"items_purged":["Strike_R","Strike_R"],"score":396,"play_id":"318283e1-7321-48c0-b0f7-3b92b3d3639c","local_time":"20201230210656","is_ascension_mode":true,"campfire_choices":[{"data":"Inflame","floor":13.0,"key":"SMITH"},{"data":"Uppercut","floor":15.0,"key":"SMITH"}],"circlet_count":0,"master_deck":["AscendersBane","Strike_R","Strike_R","Strike_R","Defend_R","Defend_R","Defend_R","Defend_R","Bash","Inflame+1","Wild Strike","Power Through","Sword Boomerang","Carnage","Uppercut+1","Barricade","Armaments","Heavy Blade","True Grit"],"relics":["Burning Blood","NeowsBlessing","Golden Idol","Vajra","Smiling Mask","Omamori","OrangePellets","Sundial","Mark of Pain"],"acts_visited":["Exordium","TheCity"],"potions_floor_usage":[20,20],"damage_taken":[{"damage":0.0,"enemies":"2 Louse","floor":1.0,"turns":1.0},{"damage":0.0,"enemies":"Cultist","floor":3.0,"turns":1.0},{"damage":0.0,"enemies":"Lagavulin","floor":6.0,"turns":1.0},{"damage":10.0,"enemies":"Small Slimes","floor":7.0,"turns":3.0},{"damage":3.0,"enemies":"Blue Slaver","floor":8.0,"turns":3.0},{"damage":20.0,"enemies":"3 Sentries","floor":10.0,"turns":6.0},{"damage":0.0,"enemies":"Large Slime","floor":11.0,"turns":4.0},{"damage":54.0,"enemies":"The Guardian","floor":16.0,"turns":9.0},{"damage":6.0,"enemies":"Spheric Guardian","floor":18.0,"turns":3.0},{"damage":15.0,"enemies":"Chosen","floor":19.0,"turns":5.0},{"damage":40,"enemies":"Shelled Parasite and Fungi","floor":20,"turns":5},{"damage":29,"enemies":"Slavers","floor":23,"turns":1}],"seed_played":"198296926371874695","potions_obtained":[{"floor":3.0,"key":"FairyPotion"},{"floor":6.0,"key":"Fire Potion"},{"floor":11.0,"key":"DuplicationPotion"},{"floor":16.0,"key":"EssenceOfSteel"},{"floor":20,"key":"AttackPotion"}],"is_trial":false,"path_per_floor":["M","?","M","?","?","E","M","M","T","E","M","$","R","T","R","B",null,"M","M","M","?","$","E"],"character_chosen":"IRONCLAD","items_purchased":["Uppercut","OrangePellets"],"campfire_rested":0,"item_purchase_floors":[12,12],"current_hp_per_floor":[74,74,75,80,52,58,54,57,57,43,49,49,49,49,49,30,68,68,59,25,19,19,0,0],"gold":205,"neow_bonus":"THREE_ENEMY_KILL","is_daily":false,"chose_seed":false,"campfire_upgraded":2,"win_rate":0.0,"timestamp":1609330016,"path_taken":["M","?","?","?","?","E","M","M","T","E","M","$","R","?","R","BOSS","M","M","M","?","$","E"],"items_purchased_type":["Card","Relic"],"build_version":"2020-12-22","purchased_purges":2,"victory":false,"max_hp_per_floor":[75,75,75,80,80,80,80,80,80,80,80,80,80,80,80,80,80,80,80,80,80,80,80,80],"card_choices":[{"not_picked":["Havoc","Clothesline"],"picked":"Inflame","floor":1.0},{"not_picked":["Armaments","Rampage"],"picked":"Wild Strike","floor":3.0},{"not_picked":["Evolve","Anger"],"picked":"Power Through","floor":6.0},{"not_picked":["Twin Strike","Warcry"],"picked":"Sword Boomerang","floor":7.0},{"not_picked":["Evolve","Twin Strike"],"picked":"Carnage","floor":8.0},{"not_picked":["Flex","Havoc","Perfected Strike"],"picked":"SKIP","floor":10.0},{"not_picked":["Flex","Headbutt","Berserk"],"picked":"SKIP","floor":11.0},{"not_picked":["Brutality","Corruption"],"picked":"Barricade","floor":16.0},{"not_picked":["Hemokinesis","Rage"],"picked":"Armaments","floor":18.0},{"not_picked":["Anger","Searing Blow"],"picked":"Heavy Blade","floor":19},{"not_picked":["Warcry","Havoc+1"],"picked":"True Grit","floor":20}],"player_experience":837458,"relics_obtained":[{"floor":6.0,"key":"Vajra"},{"floor":9.0,"key":"Smiling Mask"},{"floor":10.0,"key":"Omamori"},{"floor":14.0,"key":"Sundial"}],"event_choices":[{"damage_healed":0.0,"max_hp_gain":0.0,"max_hp_loss":0.0,"gold_gain":100.0,"event_name":"Wheel of Change","player_choice":"Gold","floor":2.0,"gold_loss":0.0,"damage_taken":0.0},{"damage_healed":0.0,"max_hp_gain":5.0,"max_hp_loss":0.0,"gold_gain":0.0,"event_name":"Big Fish","player_choice":"Donut","floor":4.0,"gold_loss":0.0,"damage_taken":0.0},{"damage_healed":0.0,"max_hp_gain":0.0,"max_hp_loss":0.0,"gold_gain":0.0,"event_name":"Golden Idol","player_choice":"Take Damage","floor":5.0,"gold_loss":0.0,"damage_taken":28.0,"relics_obtained":["Golden Idol"]},{"damage_healed":0,"gold_gain":0,"player_choice":"","damage_taken":6,"max_hp_gain":0,"max_hp_loss":0,"event_name":"Knowing Skull","floor":21,"potions_obtained":[],"gold_loss":0,"cards_obtained":[]}],"is_beta":false,"boss_relics":[{"not_picked":["Black Star","Coffee Dripper"],"picked":"Mark of Pain"}],"items_purged_floors":[12,22],"is_endless":false,"potions_floor_spawned":[3,6,11,16,20],"killed_by":"Slavers","ascension_level":15}}