{"host":"slngz8sobihb8iwl","time":1609299000,"event":{"mods":["2.2 Compatiblity","Act Like it!","BaseMod","Colored Powertips","Elementarium","Gensokyo","GifTheSpireLib","Hallownest","Hermit","Marisa????????","Menagerie","Minty Spire (QoL Compilation)","Permanent Neow","Random Character Button","Rare Cards Sparkle","Relic Filter","Robot Space Explorer","StSLib","SuperFastMode","Td1madao Mod","The Bug Knight","The Gatherer","The Hierophant","The Marked","The Runesmith","The Servant 0.9.4","Unceasing Turn Reminder"],"gold_per_floor":[119,139,149,20,20,45,45,45,71,89,130,130,130,154,154,263,263,288,297,320,329,91,125,125,151,451,451,267,267,267,277,277,374,374,391,391,406,417,342,342,282,282,282,282,282,101,101,112,112,112],"floor_reached":51,"playtime":4897,"items_purged":["Gensokyo:AllTheWorldsEvil","Gatherer:Strike_Gatherer"],"score":863,"play_id":"2635e641-e736-4a11-90d5-cb7744c934f5","local_time":"20201229223000","is_ascension_mode":true,"metric_token":1745,"campfire_choices":[{"data":"Gatherer:EnergyBasket","floor":8.0,"key":"SMITH"},{"floor":12.0,"key":"REST"},{"floor":15.0,"key":"DIG"},{"floor":30.0,"key":"RECALL"},{"floor":32.0,"key":"DIG"},{"data":"CasketOfStar","floor":40,"key":"SMITH"},{"floor":42,"key":"DIG"},{"floor":45,"key":"DIG"},{"data":"Jack Of All Trades","floor":49,"key":"SMITH"}],"circlet_count":0,"master_deck":["Gatherer:Strike_Gatherer","Gatherer:Defend_Gatherer","Gatherer:Defend_Gatherer","Gatherer:Defend_Gatherer+1","Gatherer:Defend_Gatherer","Gatherer:Defend_Gatherer","Gatherer:Centralize","Gatherer:FlowerWhip","Gatherer:FruitForce","Gatherer:BambuSword","Gatherer:EnergyBasket+1","Gatherer:WitheringStrike","Gatherer:Overflowing+1","Gatherer:FragileHammer","Gatherer:MindSearch","Gatherer:BalancedGrowth","Gatherer:BigPouch","Gatherer:FragileHammer","Gatherer:ScentOfRosmari","Gatherer:DrugPower","Gatherer:TacticalStrike","CasketOfStar+1","Gatherer:RecoveryHerb","Gensokyo:CustomPotion","Jack Of All Trades+1"],"relics":["Gatherer:MiracleBag","Strawberry","Gensokyo:Mercy","Anchor","PreservedInsect","Vajra","Shovel","War Paint","White Beast Statue","Potion Belt","Old Coin","ClockworkSouvenir","Pocketwatch","Pen Nib","Coffee Dripper","Ice Cream","Gambling Chip","Mummified Hand","Gensokyo:EmptyGrave"],"acts_visited":["Exordium","Gensokyo:Gensokyo","Gensokyo:Gensokyoer"],"potions_floor_usage":[35,35,37,37,38,48,50,50,50,50,50],"damage_taken":[{"damage":0.0,"enemies":"Gensokyo:Python","floor":1.0,"turns":2.0},{"damage":0.0,"enemies":"Gensokyo:3_Fairies","floor":2.0,"turns":3.0},{"damage":0.0,"enemies":"Gensokyo:2_Kodama","floor":3.0,"turns":3.0},{"damage":15.0,"enemies":"Gensokyo:Mamizou","floor":6.0,"turns":8.0},{"damage":0.0,"enemies":"Gensokyo:VengefulSpirit","floor":10.0,"turns":5.0},{"damage":18.0,"enemies":"Gensokyo:Aya","floor":11.0,"turns":6.0},{"damage":8.0,"enemies":"Gensokyo:5_Fairies","floor":14.0,"turns":4.0},{"damage":42.0,"enemies":"Gensokyo:Reimu","floor":16.0,"turns":11.0},{"damage":0.0,"enemies":"Gensokyo:Chomper","floor":18.0,"turns":4.0},{"damage":9.0,"enemies":"Gensokyo:3_Dogs","floor":20.0,"turns":6.0},{"damage":19.0,"enemies":"Gensokyo:Reisen","floor":23.0,"turns":5.0},{"damage":0.0,"enemies":"Gensokyo:Wraith","floor":24.0,"turns":1.0},{"damage":9.0,"enemies":"Gensokyo:Slime_Group","floor":25.0,"turns":4.0},{"damage":9.0,"enemies":"Gensokyo:Chomper_and_Gloop","floor":31.0,"turns":6.0},{"damage":36.0,"enemies":"Gensokyo:Kaguya","floor":33.0,"turns":14.0},{"damage":21,"enemies":"Gensokyo:3_Boulders","floor":35,"turns":6},{"damage":0,"enemies":"Gensokyo:AncientGuardian","floor":37,"turns":5},{"damage":13,"enemies":"Gensokyo:Sharpion","floor":38,"turns":5},{"damage":0,"enemies":"Gensokyo:SeedOfUnknown","floor":48,"turns":3},{"damage":0,"enemies":"Gensokyo:Yuyuko","floor":50,"turns":4}],"seed_played":"-3354563935277947873","potions_obtained":[{"floor":1.0,"key":"SpeedPotion"},{"floor":2.0,"key":"SteroidPotion"},{"floor":10.0,"key":"Regen Potion"},{"floor":16.0,"key":"Poison Potion"},{"floor":23.0,"key":"Poison Potion"},{"floor":25.0,"key":"Poison Potion"},{"floor":31.0,"key":"LiquidMemories"},{"floor":33.0,"key":"Dexterity Potion"},{"floor":35,"key":"DistilledChaos"},{"floor":37,"key":"BloodPotion"},{"floor":38,"key":"Strength Potion"},{"floor":48,"key":"Energy Potion"}],"is_trial":false,"path_per_floor":["M","M","M","COS","?","E","$","R","T","M","E","R","?","M","R","B",null,"M","?","M","?","$","E","M","M","T","?","COS","?","R","M","R","B",null,"M","?","M","M","$","R","?","R","T","?","R","$","?","M","R","B",null],"character_chosen":"THE_GATHERER","items_purchased":["White Beast Statue","Jack Of All Trades"],"campfire_rested":1,"item_purchase_floors":[22,46],"current_hp_per_floor":[76,76,76,76,76,61,61,61,61,61,43,67,67,59,59,17,67,72,72,63,63,63,49,49,40,40,40,40,58,58,49,49,28,77,56,56,74,61,61,61,61,61,61,61,61,61,61,64,64,86],"gold":112,"neow_bonus":"RANDOM_COMMON_RELIC","is_daily":false,"chose_seed":false,"campfire_upgraded":3,"win_rate":0.0,"timestamp":1609299000,"path_taken":["M","M","M","COS","?","E","$","R","T","M","E","R","?","M","R","BOSS","M","?","M","?","$","E","M","?","T","?","COS","?","R","M","R","BOSS","M","?","M","?","?","R","?","R","T","?","R","$","?","M","R","BOSS"],"items_purchased_type":["Relic","Card"],"build_version":"2020-12-22","purchased_purges":2,"victory":true,"max_hp_per_floor":[83,83,83,83,83,83,83,83,83,83,83,83,83,83,83,83,83,88,88,88,88,88,93,93,93,93,93,93,93,93,93,93,93,93,93,93,93,93,93,93,93,93,93,93,93,93,86,86,86,86],"card_choices":[{"not_picked":["Gatherer:DrugPower","Gatherer:SealedBomb"],"picked":"Gatherer:FruitForce","floor":1.0},{"not_picked":["Gatherer:ScrollOfWall","Gatherer:SaveValuables"],"picked":"Gatherer:BambuSword","floor":2.0},{"not_picked":["Gatherer:CollectorsShot","Gatherer:SaveValuables"],"picked":"Gatherer:BambuSword","floor":3.0},{"not_picked":["Gatherer:Enchant","Gatherer:Frenzy"],"picked":"Gatherer:EnergyBasket","floor":6.0},{"not_picked":["Gatherer:FlowerShield","Gatherer:VenomBarrier"],"picked":"Gatherer:WitheringStrike","floor":10.0},{"not_picked":["Gatherer:Nutrients","Gatherer:CollectorsShot"],"picked":"Gatherer:Overflowing","floor":11.0},{"not_picked":["Gatherer:CarefulStrike","Gatherer:DrugPower"],"picked":"Gatherer:FragileHammer","floor":14.0},{"not_picked":["Gatherer:Examine","Gatherer:BlackTea"],"picked":"Gatherer:MindSearch","floor":16.0},{"not_picked":["Gatherer:PotentialSlash+1","Gatherer:FragileHammer+1"],"picked":"Gatherer:BalancedGrowth","floor":18.0},{"not_picked":["Gatherer:RottenStipe","Gatherer:SmartManeuver"],"picked":"Gatherer:FragileHammer","floor":20.0},{"not_picked":["Gatherer:AlchemyTrial+1","Gatherer:FlowerFalling"],"picked":"Gatherer:ScentOfRosmari","floor":23.0},{"not_picked":["Gatherer:GatherMaterial","Gatherer:OddSpoils+1"],"picked":"Gatherer:DrugPower","floor":25.0},{"not_picked":["Gatherer:AromaProtection","Gatherer:FragileHammer"],"picked":"Gatherer:TacticalStrike","floor":31.0},{"not_picked":["Gatherer:HeartToFruit","Gatherer:ScrollOfPurity"],"picked":"Gatherer:GrowBook","floor":33.0},{"not_picked":["Gatherer:ScherryThrow","Gatherer:AcidicSpray","Gatherer:Misfortune+1"],"picked":"SKIP","floor":35},{"not_picked":["Gatherer:ScherryThrow+1","Gatherer:BambuSword","Gatherer:BalancedGrowth"],"picked":"SKIP","floor":37},{"not_picked":["Gatherer:EnergyBasket","Gatherer:Duality"],"picked":"Gatherer:RecoveryHerb","floor":38},{"not_picked":["Gatherer:Convert","Gatherer:GlowingPlant","Gatherer:BambuSword+1"],"picked":"SKIP","floor":48}],"player_experience":362441,"relics_obtained":[{"floor":6.0,"key":"Anchor"},{"floor":9.0,"key":"PreservedInsect"},{"floor":11.0,"key":"CeramicFish"},{"floor":15.0,"key":"War Paint"},{"floor":23.0,"key":"Potion Belt"},{"floor":26.0,"key":"Old Coin"},{"floor":32.0,"key":"Pocketwatch"},{"floor":42,"key":"Ice Cream"},{"floor":43,"key":"Gambling Chip"},{"floor":45,"key":"Mummified Hand"}],"event_choices":[],"is_beta":false,"boss_relics":[{"not_picked":["Black Star","Busted Crown"],"picked":"Gatherer:MiracleBag"},{"not_picked":["Runic Dome","Pandora\u0027s Box"],"picked":"Coffee Dripper"}],"items_purged_floors":[39,46],"is_endless":false,"potions_floor_spawned":[1,2,10,16,23,24,25,31,33,35,37,38,48],"ascension_level":6}}