{"host":"i09pxcjttd31eh4q","time":1609323987,"event":{"mods":["AchievementEnabler","BaseMod","Colored Map","Keyboard Shortcuts","Minty Spire (QoL Compilation)","StSLib","SuperFastMode"],"gold_per_floor":[417,427,439,16,16,16,30,105,105,118,118,143,43,57,57,57,57],"floor_reached":16,"playtime":383,"items_purged":["Writhe","Strike_G"],"score":254,"play_id":"0527d2e1-276e-49bd-8d29-5e2874c0d434","local_time":"20201230192627","is_ascension_mode":true,"campfire_choices":[{"data":"Apotheosis","floor":6.0,"key":"SMITH"},{"floor":15.0,"key":"REST"}],"circlet_count":0,"master_deck":["AscendersBane","Strike_G","Strike_G","Strike_G","Strike_G","Defend_G","Defend_G","Defend_G","Defend_G","Defend_G","Survivor","Neutralize","Backflip","Bouncing Flask","Apotheosis+1","Catalyst","Backflip"],"relics":["Ring of the Snake","Old Coin","Lee\u0027s Waffle","Paper Crane","Ancient Tea Set","Bronze Scales"],"acts_visited":["Exordium"],"potions_floor_usage":[16],"damage_taken":[{"damage":12.0,"enemies":"Jaw Worm","floor":1.0,"turns":7.0},{"damage":3.0,"enemies":"Small Slimes","floor":2.0,"turns":5.0},{"damage":6.0,"enemies":"2 Louse","floor":3.0,"turns":2.0},{"damage":0.0,"enemies":"Blue Slaver","floor":7.0,"turns":5.0},{"damage":0.0,"enemies":"Exordium Wildlife","floor":10.0,"turns":7.0},{"damage":0.0,"enemies":"Lagavulin","floor":12.0,"turns":5.0},{"damage":10.0,"enemies":"Gremlin Gang","floor":14.0,"turns":6.0},{"damage":43,"enemies":"Slime Boss","floor":16,"turns":10}],"seed_played":"447106509987428466","potions_obtained":[{"floor":1.0,"key":"Dexterity Potion"},{"floor":2.0,"key":"Poison Potion"}],"is_trial":false,"path_per_floor":["M","M","M","$","?","R","M","?","T","M","?","E","$","M","R","B"],"character_chosen":"THE_SILENT","items_purchased":["Apotheosis","Lee\u0027s Waffle"],"campfire_rested":1,"item_purchase_floors":[4,4],"current_hp_per_floor":[47,44,38,73,47,47,47,36,36,36,36,36,36,26,47,4,4],"gold":57,"neow_bonus":"ONE_RARE_RELIC","is_daily":false,"chose_seed":false,"campfire_upgraded":1,"win_rate":0.0,"timestamp":1609323987,"path_taken":["M","M","M","$","?","R","M","?","T","M","?","E","$","M","R","BOSS"],"items_purchased_type":["Card","Relic"],"build_version":"2020-12-22","purchased_purges":2,"victory":false,"max_hp_per_floor":[66,66,66,73,73,73,73,73,73,73,73,73,73,73,73,73,73],"card_choices":[{"not_picked":["Sucker Punch","PiercingWail"],"picked":"Backflip","floor":1.0},{"not_picked":["Skewer","Poisoned Stab"],"picked":"Bouncing Flask","floor":2.0},{"not_picked":["Eviscerate","Skewer","Sucker Punch"],"picked":"SKIP","floor":3.0},{"not_picked":["Skewer","Deadly Poison"],"picked":"Catalyst","floor":7.0},{"not_picked":["Predator","Flying Knee"],"picked":"Backflip","floor":10.0},{"not_picked":["Accuracy","Dagger Throw","Heel Hook"],"picked":"SKIP","floor":12.0},{"not_picked":["Dagger Throw","Envenom","Eviscerate"],"picked":"SKIP","floor":14.0}],"player_experience":795354,"relics_obtained":[{"floor":9.0,"key":"Ancient Tea Set"},{"floor":12.0,"key":"Bronze Scales"}],"event_choices":[{"damage_healed":0.0,"max_hp_gain":0.0,"max_hp_loss":0.0,"gold_gain":0.0,"event_name":"Scrap Ooze","player_choice":"Success","floor":5.0,"gold_loss":0.0,"damage_taken":26.0,"relics_obtained":["Paper Crane"]},{"damage_healed":0.0,"max_hp_gain":0.0,"max_hp_loss":0.0,"gold_gain":75.0,"event_name":"World of Goop","player_choice":"Gather Gold","floor":8.0,"gold_loss":0.0,"damage_taken":11.0},{"damage_healed":0.0,"max_hp_gain":0.0,"max_hp_loss":0.0,"gold_gain":0.0,"event_name":"Shining Light","player_choice":"Ignored","floor":11.0,"gold_loss":0.0,"damage_taken":0.0}],"is_beta":false,"boss_relics":[],"items_purged_floors":[4,13],"is_endless":false,"potions_floor_spawned":[1,2,7],"killed_by":"Slime Boss","ascension_level":20}}