{"host":"i09pxcjttd31eh4q","time":1609303102,"event":{"mods":["AchievementEnabler","BaseMod","Colored Map","Keyboard Shortcuts","Minty Spire (QoL Compilation)","StSLib","SuperFastMode"],"gold_per_floor":[110,110,122,134,159,206,231,243,302,314,355,381,409,439,451,463,463],"floor_reached":16,"playtime":292,"items_purged":[],"score":274,"play_id":"34159a8b-5c52-4887-b551-81a202a0e13b","local_time":"20201230133822","is_ascension_mode":true,"campfire_choices":[{"data":"Bouncing Flask","floor":10,"key":"SMITH"},{"data":"Noxious Fumes","floor":15,"key":"SMITH"}],"circlet_count":0,"master_deck":["AscendersBane","Strike_G","Strike_G","Strike_G","Strike_G","Defend_G","Defend_G","Defend_G","Defend_G","Defend_G","Survivor","Neutralize","Bouncing Flask+1","Prepared","Noxious Fumes+1","Noxious Fumes","After Image","Noxious Fumes"],"relics":["Ring of the Snake","NeowsBlessing","MawBank","Bag of Marbles","Smiling Mask","Turnip"],"acts_visited":["Exordium"],"potions_floor_usage":[11,16],"damage_taken":[{"damage":0,"enemies":"Small Slimes","floor":1,"turns":2},{"damage":0,"enemies":"Jaw Worm","floor":5,"turns":1},{"damage":0,"enemies":"3 Sentries","floor":6,"turns":2},{"damage":0,"enemies":"Cultist","floor":7,"turns":3},{"damage":26,"enemies":"Gremlin Nob","floor":11,"turns":4},{"damage":17,"enemies":"3 Louse","floor":12,"turns":4},{"damage":8,"enemies":"Blue Slaver","floor":13,"turns":4},{"damage":4,"enemies":"Exordium Thugs","floor":14,"turns":4},{"damage":7,"enemies":"Hexaghost","floor":16,"turns":7}],"seed_played":"-7405148931801015624","potions_obtained":[{"floor":1,"key":"Weak Potion"},{"floor":6,"key":"Regen Potion"},{"floor":7,"key":"LiquidMemories"},{"floor":13,"key":"Explosive Potion"}],"is_trial":false,"path_per_floor":["M","?","?","$","M","E","M","?","T","R","E","M","M","M","R","B"],"character_chosen":"THE_SILENT","items_purchased":[],"campfire_rested":0,"item_purchase_floors":[],"current_hp_per_floor":[59,41,41,41,41,41,41,46,46,46,34,17,9,5,5,0,0],"gold":463,"neow_bonus":"THREE_ENEMY_KILL","is_daily":false,"chose_seed":false,"campfire_upgraded":2,"win_rate":0.0,"timestamp":1609303102,"path_taken":["M","?","?","?","M","E","?","?","T","R","E","M","M","M","R","BOSS"],"items_purchased_type":[],"build_version":"2020-12-22","purchased_purges":0,"victory":false,"max_hp_per_floor":[66,66,66,66,66,66,66,71,71,71,71,71,71,71,71,71,71],"card_choices":[{"not_picked":["Finisher","Concentrate","PiercingWail"],"picked":"SKIP","floor":1},{"not_picked":["Tactician","Expertise"],"picked":"Bouncing Flask","floor":5},{"not_picked":["Phantasmal Killer","Slice"],"picked":"Prepared","floor":6},{"not_picked":["Prepared","Quick Slash"],"picked":"Noxious Fumes","floor":7},{"not_picked":["Prepared","Slice"],"picked":"Noxious Fumes","floor":11},{"not_picked":["Prepared","Bane"],"picked":"After Image","floor":12},{"not_picked":["Blade Dance","Bane"],"picked":"Noxious Fumes","floor":13},{"not_picked":["Backstab","Slice","Envenom"],"picked":"SKIP","floor":14}],"player_experience":790396,"relics_obtained":[{"floor":6,"key":"Bag of Marbles"},{"floor":9,"key":"Smiling Mask"},{"floor":11,"key":"Turnip"}],"event_choices":[{"damage_healed":0,"gold_gain":0,"player_choice":"Success","damage_taken":18,"relics_obtained":["MawBank"],"max_hp_gain":0,"max_hp_loss":0,"event_name":"Scrap Ooze","floor":2,"gold_loss":0},{"cards_removed":["Strike_G"],"damage_healed":0,"gold_gain":0,"player_choice":"Forget","damage_taken":0,"max_hp_gain":0,"max_hp_loss":0,"event_name":"Living Wall","floor":3,"gold_loss":0},{"damage_healed":0,"gold_gain":0,"player_choice":"Donut","damage_taken":0,"max_hp_gain":5,"max_hp_loss":0,"event_name":"Big Fish","floor":8,"gold_loss":0}],"is_beta":false,"boss_relics":[],"items_purged_floors":[],"is_endless":false,"potions_floor_spawned":[1,6,7,13],"killed_by":"Hexaghost","ascension_level":20}}