{"host":"4sgoj70bvr8ov3jh","time":1609368428,"event":{"mods":["2.2 Compatiblity","AchievementEnabler","BaseMod","Chen","GifTheSpireLib","Hero for Fun","Marisa????????","Minty Spire (QoL Compilation)","Permanent Neow","Remilia_Scarlet Moed?????·?????3.3.5","StSLib","The Alterego","The Servant 0.9.4"],"gold_per_floor":[110,110,110,129,4650,4650,4666,4698,4724,4749,4761,4819,4819,4838,4838,4938,4938,4950,4875,4875,4885,4885,4885,4885,4885,4885,4905,4905,4905,4925,4935,4935,5038,5038,5057,5072,5072,5117,5117,5117,67,67,67,84,95,95,145,115,115,115],"floor_reached":51,"playtime":3446,"items_purged":[],"score":1186,"play_id":"2d18b859-8c50-4fd9-8979-c45612350a46","local_time":"20201230144708","is_ascension_mode":true,"campfire_choices":[{"data":"Endless Agony","floor":6.0,"key":"SMITH"},{"data":"Catalyst","floor":13.0,"key":"SMITH"},{"data":"Poisoned Stab","floor":15.0,"key":"SMITH"},{"data":"RemiliaMod:CMABianfuzhen+1","floor":23.0,"key":"SMITH"},{"data":"RemiliaMod:CMABianfuzhen+3","floor":25.0,"key":"SMITH"},{"data":"1","floor":28.0,"key":"LIFT"},{"data":"2","floor":32.0,"key":"LIFT"},{"data":"3","floor":40,"key":"LIFT"},{"data":"RemiliaMod:CMABianfuzhen+5","floor":42,"key":"SMITH"},{"floor":49,"key":"DIG"}],"circlet_count":2,"master_deck":["Strike_G","Strike_G+1","Defend_G","Defend_G+1","Defend_G","Defend_G","Survivor+1","Neutralize+1","Corpse Explosion+1","Corpse Explosion+1","Storm of Steel+1","Slice","Catalyst+1","Endless Agony+1","Poisoned Stab+1","Finesse+1","Secret Technique","Prepared+1","Panache+1","Mayhem+1","Deep Breath+1","DarkMatter+1","Coolheaded+1","Consecrate+1","Magnetism+1","Melter+1","A Thousand Cuts+1","RemiliaMod:CMABianfuzhen+6","Dagger Throw+1","Accuracy+1","Infernal Blade+1","alterego_mod:Cooking+1","Sucker Punch+1","Calculated Gamble+1","alterego_mod:Collar+1","alterego_mod:STier+1","Infinite Blades+1","Swift Strike+1","Terror+1","Discovery+1","RemiliaMod:CMABianfuzhen+6","Deflect+1","RemiliaMod:CXXSJ+1","Blind+1"],"relics":["Ring of the Snake","Vajra","Vajra","Vajra","Vajra","Vajra","Vajra","Vajra","Vajra","Vajra","Vajra","Vajra","Vajra","Vajra","Vajra","Vajra","Vajra","Oddly Smooth Stone","Oddly Smooth Stone","Oddly Smooth Stone","Oddly Smooth Stone","Oddly Smooth Stone","Oddly Smooth Stone","Oddly Smooth Stone","Oddly Smooth Stone","Oddly Smooth Stone","Oddly Smooth Stone","Oddly Smooth Stone","Oddly Smooth Stone","TungstenRod","TungstenRod","TungstenRod","TungstenRod","TungstenRod","TungstenRod","TungstenRod","TungstenRod","TungstenRod","TungstenRod","TungstenRod","TungstenRod","TungstenRod","TungstenRod","TungstenRod","TungstenRod","TungstenRod","TungstenRod","TungstenRod","TungstenRod","TungstenRod","TungstenRod","TungstenRod","TungstenRod","TungstenRod","TungstenRod","TungstenRod","TungstenRod","TungstenRod","TungstenRod","TungstenRod","TungstenRod","TungstenRod","TungstenRod","TungstenRod","TungstenRod","TungstenRod","TungstenRod","TungstenRod","TungstenRod","TungstenRod","TungstenRod","TungstenRod","TungstenRod","TungstenRod","TungstenRod","TungstenRod","TungstenRod","TungstenRod","TungstenRod","TungstenRod","TungstenRod","TungstenRod","TungstenRod","TungstenRod","TungstenRod","TungstenRod","TungstenRod","TungstenRod","TungstenRod","TungstenRod","TungstenRod","TungstenRod","TungstenRod","TungstenRod","TungstenRod","TungstenRod","TungstenRod","TungstenRod","TungstenRod","TungstenRod","TungstenRod","TungstenRod","Enchiridion","Enchiridion","Enchiridion","Enchiridion","Enchiridion","WristBlade","WristBlade","WristBlade","WristBlade","WristBlade","WristBlade","WristBlade","WristBlade","WristBlade","WristBlade","WristBlade","WristBlade","WristBlade","WristBlade","WristBlade","WristBlade","WristBlade","WristBlade","WristBlade","WristBlade","WristBlade","WristBlade","WristBlade","WristBlade","WristBlade","WristBlade","WristBlade","WristBlade","WristBlade","WristBlade","WristBlade","WristBlade","WristBlade","WristBlade","WristBlade","WristBlade","WristBlade","WristBlade","WristBlade","WristBlade","WristBlade","WristBlade","Smiling Mask","The Courier","Membership Card","PrismaticShard","Sundial","Art of War","Thread and Needle","Frozen Egg 2","Molten Egg 2","Toxic Egg 2","Orichalcum","Nunchaku","Black Star","Black Star","Black Star","Black Star","Black Star","Black Star","Black Star","Black Star","Turnip","Torii","Snake Skull","Dream Catcher","Bag of Marbles","Mummified Hand","Omamori","OrangePellets","CloakClasp","ClockworkSouvenir","Thread and Needle","Thread and Needle","Thread and Needle","Thread and Needle","Thread and Needle","Thread and Needle","Thread and Needle","Thread and Needle","Thread and Needle","Thread and Needle","Thread and Needle","Thread and Needle","Thread and Needle","Thread and Needle","Thread and Needle","Thread and Needle","Thread and Needle","Thread and Needle","Thread and Needle","Thread and Needle","Thread and Needle","Thread and Needle","Thread and Needle","Thread and Needle","Thread and Needle","Thread and Needle","Thread and Needle","Thread and Needle","Thread and Needle","Thread and Needle","Thread and Needle","Thread and Needle","Thread and Needle","Thread and Needle","Thread and Needle","Thread and Needle","ClockworkSouvenir","ClockworkSouvenir","Thread and Needle","Thread and Needle","Thread and Needle","Thread and Needle","Coffee Dripper","PrismaticShard","Necronomicon","Mercury Hourglass","Mercury Hourglass","Mercury Hourglass","PrismaticShard","Mercury Hourglass","Mercury Hourglass","Mercury Hourglass","Mercury Hourglass","Mercury Hourglass","Mercury Hourglass","Mercury Hourglass","Mercury Hourglass","Mercury Hourglass","Mercury Hourglass","Mercury Hourglass","Mercury Hourglass","Mercury Hourglass","Mercury Hourglass","Mercury Hourglass","Mercury Hourglass","Mercury Hourglass","Mercury Hourglass","Mercury Hourglass","Mercury Hourglass","Mercury Hourglass","Mercury Hourglass","Mercury Hourglass","Mercury Hourglass","Mercury Hourglass","Mercury Hourglass","Mercury Hourglass","Mercury Hourglass","Mercury Hourglass","Mercury Hourglass","Mercury Hourglass","Mercury Hourglass","Mercury Hourglass","Mercury Hourglass","Mercury Hourglass","Mercury Hourglass","Mercury Hourglass","Mercury Hourglass","Mercury Hourglass","Mercury Hourglass","Mercury Hourglass","Mercury Hourglass","Mercury Hourglass","Mercury Hourglass","Mercury Hourglass","Mercury Hourglass","Mercury Hourglass","Mercury Hourglass","Mercury Hourglass","Mercury Hourglass","Mercury Hourglass","Mercury Hourglass","Mercury Hourglass","Mercury Hourglass","Mercury Hourglass","Mercury Hourglass","Mercury Hourglass","Mercury Hourglass","Mercury Hourglass","Ginger","Turnip","Whetstone","Circlet","War Paint","Bronze Scales","Bronze Scales","Bronze Scales","Bronze Scales","Bronze Scales","Bronze Scales","Bronze Scales","Bronze Scales","Bronze Scales","Bronze Scales","Bronze Scales","Bronze Scales","Bronze Scales","Bronze Scales","Bronze Scales","Bronze Scales","Bronze Scales","Bronze Scales","Bronze Scales","Bronze Scales","Bronze Scales","Bronze Scales","Bronze Scales","Bronze Scales","Bronze Scales","Bronze Scales","Bronze Scales","Bronze Scales","Bronze Scales","Bronze Scales","Bronze Scales","Bronze Scales","Bronze Scales","Bronze Scales","Bronze Scales","Bronze Scales","Bronze Scales","Bronze Scales","Bronze Scales","Bronze Scales","Bronze Scales","Bronze Scales","Bronze Scales","Bronze Scales","Bronze Scales","Bronze Scales","Bronze Scales","Bronze Scales","Bronze Scales","Bronze Scales","Girya","SlaversCollar","CatCart","DollysMirror","Toxic Egg 2","Vajra","The Specimen","Pen Nib","Lantern","Gremlin Horn","Question Card","Anchor","Shuriken","PreservedInsect","War Paint","Bag of Preparation","Blood Vial","Ancient Tea Set","Bronze Scales","Paper Crane","Mercury Hourglass","Calipers","Bottled Lightning","Singing Bowl","White Beast Statue","Potion Belt","Letter Opener","Centennial Puzzle","Regal Pillow","Meat on the Bone","Kunai","Toy Ornithopter","Whetstone","Ginger","Ice Cream","Happy Flower","Strawberry","Pear","HornCleat","MealTicket","Oddly Smooth Stone","Frozen Egg 2","Ornamental Fan","Blue Candle","Ninja Scroll","Lizard Tail","InkBottle","CaptainsWheel","Eternal Feather","Darkstone Periapt","Molten Egg 2","Bottled Tornado","Tingsha","FossilizedHelix","Tough Bandages","StoneCalendar","Pantograph","Unceasing Top","Du-Vu Doll","WingedGreaves","Shovel","Incense Burner"],"acts_visited":["Exordium","TheCity","TheBeyond"],"potions_floor_usage":[44],"damage_taken":[{"damage":0.0,"enemies":"Cultist","floor":1.0,"turns":2.0},{"damage":0.0,"enemies":"Jaw Worm","floor":4.0,"turns":2.0},{"damage":0.0,"enemies":"Small Slimes","floor":7.0,"turns":2.0},{"damage":0.0,"enemies":"Gremlin Nob","floor":8.0,"turns":1.0},{"damage":0.0,"enemies":"Lagavulin","floor":10.0,"turns":1.0},{"damage":0.0,"enemies":"Looter","floor":11.0,"turns":1.0},{"damage":0.0,"enemies":"Gremlin Nob","floor":12.0,"turns":1.0},{"damage":0.0,"enemies":"Exordium Thugs","floor":14.0,"turns":1.0},{"damage":0.0,"enemies":"Slime Boss","floor":16.0,"turns":1.0},{"damage":0.0,"enemies":"Shell Parasite","floor":18.0,"turns":1.0},{"damage":0.0,"enemies":"3 Byrds","floor":21.0,"turns":2.0},{"damage":0.0,"enemies":"Snake Plant","floor":24.0,"turns":1.0},{"damage":0.0,"enemies":"Snecko","floor":27.0,"turns":1.0},{"damage":0.0,"enemies":"Centurion and Healer","floor":30.0,"turns":1.0},{"damage":0.0,"enemies":"Sentry and Sphere","floor":31.0,"turns":1.0},{"damage":0.0,"enemies":"Automaton","floor":33.0,"turns":1.0},{"damage":0,"enemies":"Orb Walker","floor":35,"turns":1},{"damage":0,"enemies":"3 Darklings","floor":36,"turns":1},{"damage":0,"enemies":"Orin","floor":38,"turns":2},{"damage":0,"enemies":"Transient","floor":44,"turns":1},{"damage":0,"enemies":"Maw","floor":45,"turns":1},{"damage":0,"enemies":"Mind Bloom Boss Battle","floor":47,"turns":1},{"damage":0,"enemies":"Donu and Deca","floor":50,"turns":1}],"seed_played":"-4950892853978692216","potions_obtained":[{"floor":1.0,"key":"Ancient Potion"},{"floor":4.0,"key":"Fruit Juice"},{"floor":10.0,"key":"Strength Potion"},{"floor":11.0,"key":"SpeedPotion"},{"floor":27.0,"key":"BlessingOfTheForge"},{"floor":44,"key":"Fruit Juice"},{"floor":48,"key":"EntropicBrew"},{"floor":48,"key":"Dexterity Potion"}],"is_trial":false,"path_per_floor":["M","?","?","M","$","R","M","E","T","E","M","E","R","M","R","B",null,"M","?","?","M","?","R","M","R","T","M","R","?","M","M","R","B",null,"M","M","?","?","?","R","$","R","T","M","M","?","?","?","R","B",null],"character_chosen":"THE_SILENT","items_purchased":["Endless Agony","Poisoned Stab","Finesse","Secret Technique","PrismaticShard","Sundial","Art of War","Thread and Needle","Prepared","HandOfGreed","Panache","Mayhem+1","Orichalcum","Nunchaku","Deep Breath+1","Infinite Blades+1","Swift Strike+1","Terror+1","Discovery+1","DollysMirror","Toxic Egg 2","Vajra","The Specimen","Pen Nib","Lantern","Gremlin Horn","Question Card","Anchor","Shuriken","PreservedInsect","War Paint","Bag of Preparation","Blood Vial","Ancient Tea Set","Bronze Scales","Paper Crane","Mercury Hourglass","Calipers","Bottled Lightning","Singing Bowl","White Beast Statue","Potion Belt","Letter Opener","Centennial Puzzle","Regal Pillow","Meat on the Bone","Kunai","Toy Ornithopter","Whetstone","Ginger","Ice Cream","Happy Flower","Strawberry","Pear","HornCleat","MealTicket","Oddly Smooth Stone","Frozen Egg 2","Ornamental Fan","Blue Candle","Ninja Scroll","Lizard Tail","InkBottle","CaptainsWheel","Eternal Feather","Darkstone Periapt","Molten Egg 2","Bottled Tornado","Tingsha","FossilizedHelix","Tough Bandages","StoneCalendar","Pantograph","Unceasing Top"],"campfire_rested":0,"item_purchase_floors":[5,5,5,5,5,5,5,5,5,5,5,5,5,5,5,41,41,41,41,41,41,41,41,41,41,41,41,41,41,41,41,41,41,41,41,41,41,41,41,41,41,41,41,41,41,41,41,41,41,41,41,41,41,41,41,41,41,41,41,41,41,41,41,41,41,41,41,41,41,41,41,41,41,41],"current_hp_per_floor":[70,70,70,75,75,75,75,75,75,75,75,75,75,75,75,75,75,75,75,75,75,75,75,75,75,75,75,75,75,75,75,75,75,75,75,75,75,75,75,75,92,92,92,97,97,97,99,99,99,99],"gold":115,"neow_bonus":"ONE_RANDOM_RARE_CARD","is_daily":false,"chose_seed":false,"campfire_upgraded":6,"win_rate":0.0,"timestamp":1609368428,"path_taken":["M","?","?","M","$","R","?","E","T","E","M","E","R","M","R","BOSS","M","?","?","?","?","R","M","R","T","M","R","?","M","?","R","BOSS","M","M","?","?","?","R","$","R","T","M","?","?","?","?","R","BOSS"],"items_purchased_type":["Card","Card","Card","Card","Relic","Relic","Relic","Relic","Card","Card","Card","Card","Relic","Relic","Card","Card","Card","Card","Card","Relic","Relic","Relic","Relic","Relic","Relic","Relic","Relic","Relic","Relic","Relic","Relic","Relic","Relic","Relic","Relic","Relic","Relic","Relic","Relic","Relic","Relic","Relic","Relic","Relic","Relic","Relic","Relic","Relic","Relic","Relic","Relic","Relic","Relic","Relic","Relic","Relic","Relic","Relic","Relic","Relic","Relic","Relic","Relic","Relic","Relic","Relic","Relic","Relic","Relic","Relic","Relic","Relic","Relic","Relic"],"build_version":"2020-12-22","purchased_purges":0,"victory":true,"max_hp_per_floor":[70,70,70,75,75,75,75,75,75,75,75,75,75,75,75,75,75,75,75,75,75,75,75,75,75,75,75,75,75,75,75,75,75,75,75,75,75,75,75,75,92,92,92,97,97,97,99,99,99,99],"card_choices":[{"not_picked":["Accuracy","Setup"],"picked":"Slice","floor":1.0},{"not_picked":["Footwork","Catalyst","Acrobatics"],"picked":"SKIP","floor":4.0},{"not_picked":["Wallop+1","Ricochet+1","True Grit+1"],"picked":"SKIP","floor":7.0},{"not_picked":["Reset+1","Rebound+1"],"picked":"DarkMatter+1","floor":8.0},{"not_picked":["Mind Blast+1","Yawn+1"],"picked":"Coolheaded+1","floor":10.0},{"not_picked":["alterego_mod:Cycle+1","Orbital+1"],"picked":"Consecrate+1","floor":11.0},{"not_picked":["Turbo+1","Endless Agony+1"],"picked":"Magnetism+1","floor":12.0},{"not_picked":["Thunderclap+1","Backflip+1"],"picked":"Melter+1","floor":14.0},{"not_picked":["Unload+1","BlazingStar+1"],"picked":"A Thousand Cuts+1","floor":16.0},{"not_picked":["StarBarrage+1","Clothesline+1"],"picked":"RemiliaMod:CMABianfuzhen+1","floor":18.0},{"not_picked":["RemiliaMod:CJNGSYD+1","OpenUniverse+1","alterego_mod:Complex+1"],"picked":"SKIP","floor":21.0},{"not_picked":["Fasting2+1","Dagger Throw+1"],"picked":"Infernal Blade+1","floor":24.0},{"not_picked":["alterego_mod:Table+1","InnerPeace+1"],"picked":"alterego_mod:Cooking+1","floor":27.0},{"not_picked":["Rewind+1","MysteriousBeam+1"],"picked":"alterego_mod:Collar+1","floor":30.0},{"not_picked":["Twin Strike+1","Wild Strike+1","Compile Driver+1"],"picked":"SKIP","floor":31.0},{"not_picked":["Serious_Side_Hops+1","Burst+1"],"picked":"alterego_mod:STier+1","floor":33.0},{"not_picked":["Shockwave+1","Recycle+1","Acrobatics+1"],"picked":"SKIP","floor":35},{"not_picked":["Conserve Battery+1","BowlingBash+1","Metallicize+1"],"picked":"SKIP","floor":36},{"not_picked":["Rebound+1","Fission+1","alterego_mod:Pet+1"],"picked":"Deflect+1","floor":44},{"not_picked":["RemiliaMod:CFPLL+1","RemiliaMod:CJNXRFZ+1","Hop+1"],"picked":"RemiliaMod:CXXSJ+1","floor":45},{"not_picked":["Dramatic Entrance+1","Dark Shackles+1","Impatience+1"],"picked":"Blind+1","floor":46},{"not_picked":["RemiliaMod:CXXSJ+1","Enlightenment+1","RemiliaMod:CJDB+1","Poisoned Stab+1"],"picked":"Singing Bowl","floor":47}],"player_experience":183424,"relics_obtained":[{"floor":8.0,"key":"Turnip"},{"floor":8.0,"key":"Torii"},{"floor":9.0,"key":"Snake Skull"},{"floor":10.0,"key":"Dream Catcher"},{"floor":10.0,"key":"Bag of Marbles"},{"floor":12.0,"key":"Mummified Hand"},{"floor":12.0,"key":"Omamori"},{"floor":20.0,"key":"Necronomicon"},{"floor":26.0,"key":"Girya"},{"floor":38,"key":"CatCart"},{"floor":43,"key":"Du-Vu Doll"},{"floor":47,"key":"Shovel"},{"floor":49,"key":"Incense Burner"}],"event_choices":[{"damage_healed":0.0,"max_hp_gain":0.0,"max_hp_loss":0.0,"gold_gain":0.0,"cards_transformed":["Strike_G"],"event_name":"Living Wall","player_choice":"Change","floor":2.0,"gold_loss":0.0,"damage_taken":0.0,"cards_obtained":["Catalyst"]},{"damage_healed":0.0,"max_hp_gain":0.0,"max_hp_loss":0.0,"gold_gain":0.0,"event_name":"Scrap Ooze","player_choice":"Success","floor":3.0,"gold_loss":0.0,"damage_taken":3.0,"relics_obtained":["Smiling Mask"]},{"cards_removed":["HandOfGreed"],"damage_healed":0.0,"max_hp_gain":0.0,"max_hp_loss":0.0,"gold_gain":0.0,"event_name":"Beggar","player_choice":"Gave Gold","floor":19.0,"gold_loss":75.0,"damage_taken":0.0},{"damage_healed":0.0,"max_hp_gain":0.0,"max_hp_loss":0.0,"gold_gain":0.0,"event_name":"Cursed Tome","player_choice":"Obtained Book","floor":20.0,"gold_loss":0.0,"damage_taken":16.0},{"damage_healed":0.0,"max_hp_gain":0.0,"max_hp_loss":0.0,"gold_gain":0.0,"cards_transformed":["Defend_G","Strike_G"],"event_name":"Drug Dealer","player_choice":"Became Test Subject","floor":22.0,"gold_loss":0.0,"damage_taken":0.0,"cards_obtained":["Dagger Throw","Accuracy"]},{"damage_healed":0.0,"max_hp_gain":0.0,"max_hp_loss":0.0,"gold_gain":0.0,"event_name":"Match and Keep!","player_choice":"2 cards matched","floor":29.0,"gold_loss":0.0,"damage_taken":0.0,"cards_obtained":["Sucker Punch","Calculated Gamble"]},{"cards_removed":["Strike_G"],"damage_healed":0,"gold_gain":0,"player_choice":"Removed Attack","damage_taken":0,"max_hp_gain":0,"max_hp_loss":0,"event_name":"Falling","floor":37,"gold_loss":0},{"damage_healed":0,"gold_gain":0,"player_choice":"Fight","damage_taken":0,"max_hp_gain":0,"max_hp_loss":0,"event_name":"OrinTheCat","floor":38,"gold_loss":0},{"damage_healed":0,"gold_gain":0,"player_choice":"Upgraded","damage_taken":0,"max_hp_gain":0,"max_hp_loss":0,"event_name":"Upgrade Shrine","floor":39,"gold_loss":0,"cards_upgraded":["RemiliaMod:CMABianfuzhen"]},{"damage_healed":0,"gold_gain":0,"player_choice":"Memory 1","damage_taken":0,"max_hp_gain":0,"max_hp_loss":0,"event_name":"SensoryStone","floor":46,"gold_loss":0},{"damage_healed":0,"gold_gain":0,"player_choice":"Fight","damage_taken":0,"max_hp_gain":0,"max_hp_loss":0,"event_name":"MindBloom","floor":47,"gold_loss":0},{"damage_healed":0,"gold_gain":0,"player_choice":"Bought 2 Potions","damage_taken":0,"max_hp_gain":0,"max_hp_loss":0,"event_name":"The Woman in Blue","floor":48,"gold_loss":0}],"is_beta":false,"boss_relics":[{"not_picked":["Astrolabe","Black Star"],"picked":"Coffee Dripper"},{"not_picked":["Runic Pyramid","Empty Cage"],"picked":"SlaversCollar"}],"items_purged_floors":[],"is_endless":false,"potions_floor_spawned":[1,4,10,11,14,21,27,30,33,36,38,44,45,47],"ascension_level":1}}