{"host":"43ljbksi7ebmxfn8","time":1609343280,"event":{"mods":["Act Like it!","BaseMod","Gensokyo","Minty Spire (QoL Compilation)","MostiFishMod","Pale of the Ancients","Quick Restart","Shop Mod","Spicy Shops","StSLib","TestMod","篝火指南"],"gold_per_floor":[117,117,197,211,211,211,844,862,889,1507,1347,1360,1393,1393,445,517,517,535,546,215,215,228,228,262,881,930,930,1180,1200,1233,1233,180,1107,1107,1118,1118,1128,1285,1303,1335,1380,1392,1416,1416,1435,1435,861,891,415,415,429,441,455,337,337,351,282,57,57,57],"floor_reached":61,"playtime":3413,"items_purged":["Clumsy","Zap","Strike_B+1","Dualcast","Defend_B","MostiFishMod:FluxCapactior","Lockon+1","MostiFishMod:TalkingToTheRain"],"score":2969,"play_id":"23af6106-ac64-460f-bfeb-5ab0a1c98278","local_time":"20201230234800","is_ascension_mode":true,"campfire_choices":[{"data":"MostiFishMod:Hijack","floor":6.0,"key":"SMITH"},{"floor":23,"key":"RECALL"},{"data":"Heatsinks","floor":55,"key":"SMITH"}],"circlet_count":0,"master_deck":["AscendersBane","MostiFishMod:Hijack+1","Storm","MostiFishMod:Impulse","Coolheaded","Meteor Strike","Sweeping Beam+1","White Noise","MostiFishMod:ReadyAimFire+1","Heatsinks+1","MostiFishMod:Overload","Multi-Cast","Fission+1","MostiFishMod:FluxCapactior+1","MostiFishMod:StarOceanB+1","Skim","Capacitor+1","Echo Form+1","MostiFishMod:TalkingToTheRain+1","MostiFishMod:Impulse+1","testmod-Reverberation+1"],"relics":["Cracked Core","DaveBox","testmod-TestBox","BirthdayGift-Icosahedron","testmod-GiftOfSatan","SynthV:TestCard","Gensokyo:NagashiBinaDoll","Pen Nib","Nilry\u0027s Codex","SynthV:C4","Gensokyo:CelestialsFlawlessClothing","MerchantsRug","Medical Kit","Omamori","Vajra","Chemical X","Bag of Preparation","Smiling Mask","White Beast Statue","testmod-CasingShield","BionicSphere","PreservedInsect","Centennial Puzzle","Bottled Lightning","DianDianMeat","BrkXgEgg","Boot","testmod-AssaultLearning","Sundial","Cauldron","Mummified Hand","OrangePellets","Happy Flower","Lantern","Membership Card","Art of War","Cables","SentryEyes","Sling","paleoftheancients:Timepiece","paleoftheancients:KeyRelic","Ice Cream","Gremlin Horn","paleoftheancients:SoulOfTheCollector","paleoftheancients:BlurryLens","War Paint","testmod-IndustrialRevolution","ClockworkSouvenir","Pantograph","ImprovedEquipment","Runic Capacitor"],"acts_visited":["Exordium","Gensokyo:Gensokyo","TheBeyond","TheBeyond"],"potions_floor_usage":[32,32,49],"damage_taken":[{"damage":0.0,"enemies":"Gensokyo:Python","floor":1.0,"turns":1.0},{"damage":0.0,"enemies":"Gensokyo:2_Kodama","floor":4.0,"turns":1.0},{"damage":0.0,"enemies":"Gensokyo:Aya","floor":7.0,"turns":2.0},{"damage":0.0,"enemies":"Gensokyo:3_Fairies","floor":8.0,"turns":2.0},{"damage":0.0,"enemies":"Gensokyo:Kitsune","floor":10.0,"turns":1.0},{"damage":0.0,"enemies":"Gensokyo:3_Kodama","floor":12.0,"turns":2.0},{"damage":0.0,"enemies":"Gensokyo:Mamizou","floor":13.0,"turns":5.0},{"damage":0.0,"enemies":"Gensokyo:Reimu","floor":16.0,"turns":3.0},{"damage":0,"enemies":"Gensokyo:CosmicMonolith","floor":18,"turns":2},{"damage":0,"enemies":"Gensokyo:AngelMirror","floor":19,"turns":2},{"damage":0,"enemies":"Gensokyo:Swordslinger","floor":22,"turns":2},{"damage":16,"enemies":"Gensokyo:Koishi","floor":24,"turns":3},{"damage":0,"enemies":"Gensokyo:Slime_Group","floor":25,"turns":2},{"damage":0,"enemies":"Gensokyo:Slime_Group","floor":28,"turns":3},{"damage":0,"enemies":"Gensokyo:Wraith","floor":29,"turns":1},{"damage":0,"enemies":"Gensokyo:Reisen","floor":30,"turns":1},{"damage":0,"enemies":"Gensokyo:Eternal_Rivals","floor":33,"turns":1},{"damage":0,"enemies":"3 Darklings","floor":35,"turns":1},{"damage":0,"enemies":"Orb Walker","floor":37,"turns":1},{"damage":0,"enemies":"3 Darklings","floor":39,"turns":1},{"damage":0,"enemies":"Nemesis","floor":40,"turns":1},{"damage":0,"enemies":"2 Orb Walkers","floor":41,"turns":1},{"damage":0,"enemies":"Maw","floor":42,"turns":1},{"damage":0,"enemies":"Sphere and 2 Shapes","floor":45,"turns":1},{"damage":0,"enemies":"Giant Head","floor":48,"turns":1},{"damage":0,"enemies":"Donu and Deca","floor":50,"turns":1},{"damage":0,"enemies":"Donu and Deca","floor":51,"turns":1},{"damage":0,"enemies":"Donu and Deca","floor":52,"turns":1},{"damage":0,"enemies":"paleoftheancients:BASlime2","floor":53,"turns":1},{"damage":0,"enemies":"paleoftheancients:BASlime2","floor":56,"turns":1},{"damage":0,"enemies":"paleoftheancients:N","floor":60,"turns":2}],"seed_played":"2261265947925901914","potions_obtained":[{"floor":4.0,"key":"EssenceOfDarkness"},{"floor":7.0,"key":"Dexterity Potion"},{"floor":19,"key":"EntropicBrew"},{"floor":24,"key":"Energy Potion"},{"floor":33,"key":"Block Potion"},{"floor":35,"key":"PowerPotion"},{"floor":37,"key":"Weak Potion"},{"floor":38,"key":"DistilledChaos"},{"floor":38,"key":"EssenceOfDarkness"},{"floor":38,"key":"Dexterity Potion"},{"floor":39,"key":"Regen Potion"},{"floor":40,"key":"FocusPotion"},{"floor":41,"key":"Block Potion"},{"floor":45,"key":"FearPotion"},{"floor":48,"key":"Regen Potion"},{"floor":51,"key":"Dexterity Potion"},{"floor":52,"key":"FocusPotion"},{"floor":53,"key":"AttackPotion"},{"floor":56,"key":"Weak Potion"}],"is_trial":false,"path_per_floor":["M","?","?","M","?","R","E","M","T","M","?","M","E","?","R","B",null,"M","M","COS","?","M","R","E","M","T","T","?","M","E","?","R","B",null,"M","?","M","$","M","E","?","M","T","?","M","T","R","E","R","B","M","M","M","$","R","M","R","$","?","B",null],"character_chosen":"DEFECT","items_purchased":["MerchantsRug","Fruit Juice","Medical Kit","Omamori","Vajra","Whetstone","PreservedInsect","Centennial Puzzle","Bottled Lightning","DianDianMeat","Orrery","Fission","BrkXgEgg","Boot","testmod-AssaultLearning","Sundial","Cauldron","DistilledChaos","SkillPotion","Block Potion","LiquidBronze","TheAbacus","Ornamental Fan","OrangePellets","Happy Flower","Membership Card","Art of War","Cables","SentryEyes","Sling","Fruit Juice","War Paint","testmod-IndustrialRevolution","ClockworkSouvenir","Pantograph","ImprovedEquipment","Runic Capacitor","testmod-Reverberation+1"],"campfire_rested":0,"item_purchase_floors":[15,15,15,15,15,15,32,32,32,32,32,38,38,38,38,38,38,38,38,38,38,47,47,47,47,49,49,49,49,49,49,54,54,54,57,58,58,58],"current_hp_per_floor":[64,64,64,64,64,64,64,64,64,64,64,69,69,49,54,62,71,72,73,73,73,74,74,59,60,60,60,61,62,63,63,63,65,73,74,74,75,77,77,80,84,96,96,96,102,112,112,119,124,124,124,132,141,141,141,141,141,151,151,151],"gold":57,"neow_bonus":"TRANSFORM_TWO_CARDS","is_daily":false,"chose_seed":false,"campfire_upgraded":2,"win_rate":0.0,"timestamp":1609343280,"path_taken":["M","?","?","M","?","R","E","M","T","M","?","?","E","?","R","BOSS","M","M","COS","?","M","R","E","?","T","?","?","M","E","?","R","BOSS","M","?","M","$","M","E","?","M","T","?","M","?","R","E","R","BOSS","M","M","?","$","R","M","R","$","?","BOSS"],"items_purchased_type":["Relic","Potion","Relic","Relic","Relic","Relic","Relic","Relic","Relic","Relic","Relic","Card","Relic","Relic","Relic","Relic","Relic","Potion","Potion","Potion","Potion","Relic","Relic","Relic","Relic","Relic","Relic","Relic","Relic","Relic","Potion","Relic","Relic","Relic","Relic","Relic","Relic","Card"],"build_version":"2020-12-22","purchased_purges":8,"victory":true,"max_hp_per_floor":[64,64,64,64,64,64,64,64,64,64,64,69,69,69,74,74,74,74,74,74,74,74,74,74,74,74,74,74,74,74,74,74,75,75,75,75,75,77,77,80,84,96,96,96,102,112,112,119,124,124,124,132,141,141,141,141,141,151,151,151],"card_choices":[{"not_picked":["Beam Cell","Turbo","Sweeping Beam"],"picked":"SKIP","floor":1.0},{"not_picked":["MostiFishMod:PushDownKick","Aggregate","Defragment","Turbo"],"picked":"Storm","floor":2.0},{"not_picked":["Gash","Barrage","Rip and Tear","Redo","Sweeping Beam"],"picked":"SKIP","floor":4.0},{"not_picked":["FTL","Go for the Eyes","Scrape","Gash"],"picked":"MostiFishMod:FluxCapactior","floor":7.0},{"not_picked":["Hologram","MostiFishMod:Hijack","Streamline","Consume"],"picked":"MostiFishMod:Impulse","floor":8.0},{"not_picked":["Steam","Defragment","MostiFishMod:PushDownKick","Stack","Leap"],"picked":"SKIP","floor":10.0},{"not_picked":["Blizzard","Stack","Rip and Tear","Turbo"],"picked":"Coolheaded","floor":12.0},{"not_picked":["Compile Driver","MostiFishMod:FluxCapactior","Glacier","Rainbow","Sweeping Beam"],"picked":"SKIP","floor":13.0},{"not_picked":["All For One","MostiFishMod:IceShield","MostiFishMod:InterfaceCompatibility","Hyperbeam"],"picked":"Meteor Strike","floor":16.0},{"not_picked":["Compile Driver","Genetic Algorithm","Undo","Hologram","Sweeping Beam"],"picked":"SKIP","floor":18},{"not_picked":["Reprogram","Storm","Hologram+1","MostiFishMod:PushDownKick"],"picked":"White Noise","floor":19},{"not_picked":["Streamline","Coolheaded","Stack","Ball Lightning","Gash+1"],"picked":"SKIP","floor":22},{"not_picked":["Hologram","Coolheaded","Chill","Redo+1","Rebound"],"picked":"SKIP","floor":24},{"not_picked":["Coolheaded","Ball Lightning","Turbo","Defragment+1"],"picked":"Heatsinks","floor":25},{"not_picked":["MostiFishMod:SeaWaves","MostiFishMod:InterfaceCompatibility","MostiFishMod:ActiveDefenseSystem","Hyperbeam"],"picked":"MostiFishMod:Overload","floor":28},{"not_picked":["Barrage","Cold Snap","Turbo","Sweeping Beam+1","Stack"],"picked":"SKIP","floor":29},{"not_picked":["Genetic Algorithm","Turbo","Sunder","Loop+1"],"picked":"MostiFishMod:TalkingToTheRain","floor":30},{"not_picked":["Core Surge","Hyperbeam","MostiFishMod:Hijack","Rainbow"],"picked":"Multi-Cast","floor":33},{"not_picked":["Cold Snap","Barrage","Aggregate","Turbo+1","Streamline"],"picked":"SKIP","floor":35},{"not_picked":["Conserve Battery","Turbo","Rebound+1","Storm","Gash"],"picked":"SKIP","floor":37},{"not_picked":["Hologram+1","Redo","Amplify+1","MostiFishMod:PushDownKick+1","Scrape"],"picked":"SKIP","floor":39},{"not_picked":["Sweeping Beam","Scrape","Rip and Tear","Go for the Eyes"],"picked":"MostiFishMod:FluxCapactior+1","floor":40},{"not_picked":["Steam","Stack","Cold Snap","Turbo"],"picked":"MostiFishMod:StarOceanB+1","floor":41},{"not_picked":["Coolheaded","Static Discharge","Turbo+1","FTL+1"],"picked":"Skim","floor":42},{"not_picked":["Redo","Steam","Streamline","MostiFishMod:ReprogramOld"],"picked":"Capacitor+1","floor":45},{"not_picked":["Heatsinks","Fusion","Cold Snap","Stack"],"picked":"Echo Form+1","floor":48},{"not_picked":["Turbo","Gash","Aggregate","Coolheaded+1","Ball Lightning"],"picked":"SKIP","floor":51},{"not_picked":["Leap+1","Go for the Eyes+1","Conserve Battery","Compile Driver"],"picked":"MostiFishMod:TalkingToTheRain+1","floor":52},{"not_picked":["Cold Snap","MostiFishMod:PushDownKick","MostiFishMod:Prepare+1","Barrage+1"],"picked":"MostiFishMod:Impulse+1","floor":53},{"not_picked":["White Noise","Leap+1","Auto Shields+1","Turbo","Darkness"],"picked":"SKIP","floor":56}],"player_experience":370518,"relics_obtained":[{"floor":1.0,"key":"SynthV:TestCard"},{"floor":7.0,"key":"Pen Nib"},{"floor":13.0,"key":"SynthV:C4"},{"floor":24,"key":"Bag of Preparation"},{"floor":26,"key":"Smiling Mask"},{"floor":27,"key":"White Beast Statue"},{"floor":28,"key":"testmod-IntensifyImprint"},{"floor":28,"key":"testmod-CasingShield"},{"floor":30,"key":"Anchor"},{"floor":40,"key":"Mummified Hand"},{"floor":41,"key":"CombinedTypeHook"},{"floor":43,"key":"Potion Belt"},{"floor":46,"key":"Pear"},{"floor":48,"key":"Lantern"},{"floor":51,"key":"paleoftheancients:SoulOfTheCollector"},{"floor":53,"key":"paleoftheancients:BlurryLens"}],"event_choices":[{"damage_healed":0,"gold_gain":0,"player_choice":"Ignored","damage_taken":0,"max_hp_gain":0,"max_hp_loss":0,"event_name":"给自己的盒子","floor":36,"gold_loss":0},{"damage_healed":0,"gold_gain":0,"player_choice":"Fight","damage_taken":0,"max_hp_gain":0,"max_hp_loss":0,"event_name":"Mysterious Sphere","floor":41,"gold_loss":0},{"damage_healed":0,"gold_gain":0,"player_choice":"Ignored","damage_taken":0,"max_hp_gain":0,"max_hp_loss":0,"event_name":"Tomb of Lord Red Mask","floor":44,"gold_loss":0}],"is_beta":false,"boss_relics":[{"not_picked":["Empty Cage","Ectoplasm"],"picked":"Astrolabe"},{"not_picked":["ShadowXiaoBlade","OneHitWonderSystem"],"picked":"DiscerningMonocle"}],"items_purged_floors":[15,32,32,38,47,49,49,54],"is_endless":false,"potions_floor_spawned":[4,7,10,13,19,24,25,29,30,33,35,37,39,40,41,42,45,48,51,52,53,56],"ascension_level":17}}