{"host":"bnl7o5cb2omwu7ka","time":1609319256,"event":{"mods":["AchievementEnabler","Alarm Clock","BaseMod","BetterRewards","Block Reminder","Colored Map","Colored Powertips","Conspire","Curses Come First","Defective Defect","Downfall","Energized Spire","Googly Eyes","Highlight Path","Hyrulean Relics","Infinite Spire","Ironclad Rager","Jedi Mod","Jess\u0027s Bottle","Mimic Mod","Minty Spire (QoL Compilation)","Permanent Neow","Quick Restart","Rare Cards Sparkle","Relic Stats","Replay The Spire","Spicy Shops","Spikes Relics","Spire Birthday Party","StSLib","The IronCluck","Wandering Minibosses","egg","everything is the same but u backflip on backflip","slay the spire mod where everything is the same but ironclad has a cowboy hat"],"gold_per_floor":[99,99,99,141,41,41,41,41,74,92,77,93,93,125,143,143,143,143],"floor_reached":16,"playtime":2873,"items_purged":["champ:Strike"],"score":106,"play_id":"af14d56b-4bec-4681-80c3-972d38c923d6","local_time":"20201230040736","is_ascension_mode":false,"campfire_choices":[{"data":"champ:Taunt","floor":1,"key":"SMITH"},{"data":"champ:Improvising","floor":8,"key":"SMITH"},{"data":"champ:Riposte","floor":13,"key":"SMITH"}],"circlet_count":0,"master_deck":["champ:Strike","champ:Strike","champ:Strike","champ:Defend","champ:Defend","champ:Defend","champ:Defend","champ:Execute","champ:Taunt+1","champ:GutPunch","champ:BringItOn","champ:GladiatorsShout","champ:FlashCut","champ:Circumvent","champ:Improvising+1","champ:Riposte+1","champ:Backstep","champ:Haymaker","champ:CrookedStrike","champ:AdrenalArmor+1","champ:SteelEdge"],"relics":["champ:ChampionCrown","downfall:HeartsMalice","Gremlin Horn","Chameleon Ring","conspire:BottledYoYo","Toxic Egg 2"],"acts_visited":["Exordium"],"potions_floor_usage":[],"damage_taken":[{"damage":0,"enemies":"Jaw Worm","floor":2,"turns":1},{"damage":0,"enemies":"downfall:FleeingMerchant","floor":5,"turns":1},{"damage":0,"enemies":"2 Louse","floor":6,"turns":1},{"damage":23,"enemies":"Gremlin Nob","floor":9,"turns":5},{"damage":9,"enemies":"Small Slimes","floor":10,"turns":3},{"damage":0,"enemies":"downfall:FleeingMerchant","floor":11,"turns":4},{"damage":14,"enemies":"Gremlin Gang","floor":12,"turns":6},{"damage":33,"enemies":"3 Sentries","floor":14,"turns":10},{"damage":22,"enemies":"Exordium Thugs","floor":15,"turns":5},{"damage":36,"enemies":"downfall:Defect","floor":16,"turns":6}],"seed_played":"5402616428944761746","potions_obtained":[{"floor":9,"key":"ColorlessPotion"},{"floor":10,"key":"Milkshake"},{"floor":14,"key":"GamblersBrew"}],"is_trial":false,"path_per_floor":["R","M","?","?","$","M","T","R","E","M","$","M","R","E","M","B"],"character_chosen":"THE_CHAMP","items_purchased":["champ:Circumvent"],"campfire_rested":0,"item_purchase_floors":[5],"current_hp_per_floor":[90,90,90,90,90,90,90,90,72,68,68,59,59,36,23,0,0,0],"gold":143,"neow_bonus":"THREE_ENEMY_KILL","is_daily":false,"chose_seed":false,"campfire_upgraded":3,"win_rate":0.0,"timestamp":1609319256,"path_taken":["R","M","?","?","$","M","T","R","E","M","$","?","R","E","M","BOSS"],"items_purchased_type":["Card"],"build_version":"2020-12-22","purchased_purges":1,"victory":false,"max_hp_per_floor":[90,90,90,90,90,90,90,90,90,90,90,90,90,90,90,90,90,90],"relic_stats":{"Gremlin Horn":[7,7],"counters":[10,39],"obtain_stats":[{"Chameleon Ring":7,"Gremlin Horn":4,"champ:ChampionCrown":0,"downfall:HeartsMalice":0,"conspire:BottledYoYo":9,"Toxic Egg 2":14},{"Chameleon Ring":3,"Gremlin Horn":1,"champ:ChampionCrown":0,"downfall:HeartsMalice":0,"conspire:BottledYoYo":4,"Toxic Egg 2":8},{"Chameleon Ring":0,"Gremlin Horn":0,"champ:ChampionCrown":0,"downfall:HeartsMalice":0,"conspire:BottledYoYo":5,"Toxic Egg 2":28}]},"card_choices":[{"not_picked":["champ:Encircle","champ:PerfectedStrike"],"picked":"champ:GutPunch","floor":2},{"not_picked":["champ:FlashCut","champ:TornadoPunch"],"picked":"champ:BringItOn","floor":4},{"not_picked":["champ:BerserkersShout","champ:EndlessRage"],"picked":"champ:GladiatorsShout","floor":4},{"not_picked":["champ:Haymaker","champ:CrookedStrike"],"picked":"champ:FlashCut","floor":5},{"not_picked":["champ:BringItOn","champ:EnGarde"],"picked":"champ:Improvising","floor":6},{"not_picked":["champ:PerfectedStrike","champ:BladeFlurry"],"picked":"champ:Riposte","floor":9},{"not_picked":["champ:CrookedStrike","champ:FanOfKnives"],"picked":"champ:Backstep","floor":10},{"not_picked":["champ:DefensiveShout","champ:ShieldWall"],"picked":"champ:Haymaker","floor":11},{"not_picked":["champ:GutPunch","champ:GladiatorsShout"],"picked":"champ:CrookedStrike","floor":12},{"not_picked":["champ:DefensiveShout+1","champ:Circumvent+1"],"picked":"champ:AdrenalArmor+1","floor":14},{"not_picked":["champ:FaceSlap","champ:PerfectedStrike"],"picked":"champ:SteelEdge","floor":15}],"player_experience":191559,"relics_obtained":[{"floor":4,"key":"Gremlin Horn"},{"floor":7,"key":"Chameleon Ring"},{"floor":9,"key":"conspire:BottledYoYo"},{"floor":14,"key":"Toxic Egg 2"}],"event_choices":[],"is_beta":false,"boss_relics":[],"items_purged_floors":[5],"is_endless":false,"potions_floor_spawned":[9,10,14,15],"killed_by":"downfall:Defect","ascension_level":0}}