{"host":"pf47v7h0307523iy","time":1609358509,"event":{"mods":["BaseMod","Minty Spire (QoL Compilation)"],"gold_per_floor":[116,130,144,156,175,175,205,205,232,250,260,34,34,59,59,59,59],"floor_reached":16,"playtime":803,"items_purged":["Strike_G"],"score":278,"play_id":"60cbd9b5-abd7-4d59-968e-d5e0c380ff2e","local_time":"20201230220149","is_ascension_mode":true,"campfire_choices":[{"data":"1","floor":6.0,"key":"LIFT"},{"data":"2","floor":8.0,"key":"LIFT"},{"floor":13.0,"key":"REST"},{"data":"3","floor":15.0,"key":"LIFT"}],"circlet_count":0,"master_deck":["AscendersBane","Strike_G","Strike_G","Strike_G","Strike_G","Defend_G","Defend_G","Defend_G","Defend_G","Defend_G","Survivor","Neutralize","Blade Dance","Cloak And Dagger","Dash","After Image","Blade Dance","Deflect","Dagger Spray"],"relics":["Ring of the Snake","Girya","Mummified Hand","Membership Card","Anchor"],"acts_visited":["Exordium"],"potions_floor_usage":[16],"damage_taken":[{"damage":3.0,"enemies":"Cultist","floor":1.0,"turns":4.0},{"damage":2.0,"enemies":"Jaw Worm","floor":2.0,"turns":5.0},{"damage":0.0,"enemies":"2 Louse","floor":3.0,"turns":3.0},{"damage":0.0,"enemies":"2 Fungi Beasts","floor":4.0,"turns":4.0},{"damage":11.0,"enemies":"Blue Slaver","floor":5.0,"turns":4.0},{"damage":21.0,"enemies":"Lagavulin","floor":7.0,"turns":9.0},{"damage":2.0,"enemies":"Looter","floor":10.0,"turns":4.0},{"damage":0.0,"enemies":"2 Fungi Beasts","floor":11.0,"turns":2.0},{"damage":0.0,"enemies":"Gremlin Nob","floor":14.0,"turns":3.0},{"damage":39,"enemies":"Hexaghost","floor":16,"turns":9}],"seed_played":"5786294941921843401","potions_obtained":[{"floor":4.0,"key":"SteroidPotion"},{"floor":5.0,"key":"Energy Potion"},{"floor":10.0,"key":"Strength Potion"},{"floor":14.0,"key":"Weak Potion"}],"is_trial":false,"path_per_floor":["M","M","M","M","M","R","E","R","T","M","M","$","R","E","R","B"],"character_chosen":"THE_SILENT","items_purchased":["Membership Card","Dagger Spray"],"campfire_rested":1,"item_purchase_floors":[12,12],"current_hp_per_floor":[56,54,54,54,43,43,22,22,22,20,20,20,38,38,38,0,0],"gold":59,"neow_bonus":"ONE_RARE_RELIC","is_daily":false,"chose_seed":false,"campfire_upgraded":0,"win_rate":0.0,"timestamp":1609358509,"path_taken":["M","M","?","M","M","R","E","R","T","M","M","$","R","E","R","BOSS"],"items_purchased_type":["Relic","Card"],"build_version":"2020-12-22","purchased_purges":1,"victory":false,"max_hp_per_floor":[60,60,60,60,60,60,60,60,60,60,60,60,60,60,60,60,60],"card_choices":[{"not_picked":["Bane","Dodge and Roll"],"picked":"Blade Dance","floor":1.0},{"not_picked":["Quick Slash","Underhanded Strike"],"picked":"Cloak And Dagger","floor":2.0},{"not_picked":["Choke","Outmaneuver"],"picked":"Dash","floor":3.0},{"not_picked":["Well Laid Plans","Backflip"],"picked":"After Image","floor":4.0},{"not_picked":["Dagger Throw","Slice"],"picked":"Blade Dance","floor":5.0},{"not_picked":["Masterful Stab","All Out Attack"],"picked":"Deflect","floor":7.0},{"not_picked":["Eviscerate","Choke","Expertise"],"picked":"SKIP","floor":10.0},{"not_picked":["Bane","Sucker Punch","Phantasmal Killer"],"picked":"SKIP","floor":11.0},{"not_picked":["Underhanded Strike","Reflex","Backstab"],"picked":"SKIP","floor":14.0}],"player_experience":1545158,"relics_obtained":[{"floor":7.0,"key":"Mummified Hand"},{"floor":14.0,"key":"Anchor"}],"event_choices":[],"is_beta":false,"boss_relics":[],"items_purged_floors":[12],"is_endless":false,"potions_floor_spawned":[4,5,10,14],"killed_by":"Hexaghost","ascension_level":20}}