{"host":"tr12w2fixbnujl15","time":1609344262,"event":{"mods":["2.2 Compatiblity","BaseMod","Better Skull","BetterRewards","CatGirl Mod","Colored Powertips","Hubris","Infinite Spire","Jorbs\u0027s Wanderer Trilogy","Luminous","Minty Spire (QoL Compilation)","Quick Restart","Reimu??????","Replay The Spire","StSLib","SuperFastMode","Td1madao Mod","The Animator","The Sage","The Spell Scribe","WarShipGirlsR/????R mod"],"gold_per_floor":[111,111,111,130,130,130,165,165,165,90,90,123,143,162,162,263,263,275,275,300,300,300,300,4,22,48,48,48],"floor_reached":27,"playtime":592,"items_purged":["Pain"],"score":267,"play_id":"3b489dd6-844c-4968-9038-620c83f63d52","local_time":"20201230110422","is_ascension_mode":false,"campfire_choices":[{"data":"Zap","floor":6,"key":"SMITH"},{"data":"Loop","floor":11,"key":"SMITH"},{"floor":15,"key":"REST"},{"floor":23,"key":"REST"}],"circlet_count":0,"master_deck":["Strike_B","Strike_B","Strike_B","Strike_B","Defend_B","Defend_B","Defend_B","Defend_B","Zap+1","Dualcast","Coolheaded","Doom and Gloom","Ball Lightning","Loop+1","Cold Snap","Compile Driver","Static Discharge","Amplify","Streamline","infinitespire:UltimateForm","infinitespire:FutureSight","Storm","Sweeping Beam","ReplayUltimateDefense","Melter"],"relics":["Cracked Core","NeowsBlessing","Nunchaku","WarpedTongs","Quantum Egg","Toy Ornithopter","Pear","Tea:ReiMu","Replay:Bronze Core","sagemod:Creepy_Carousel","Vajra","Potion Belt"],"acts_visited":["Exordium","TheCity"],"potions_floor_usage":[16,16],"damage_taken":[{"damage":0,"enemies":"Small Slimes","floor":1,"turns":1},{"damage":0,"enemies":"Cultist","floor":4,"turns":1},{"damage":1,"enemies":"Lagavulin","floor":7,"turns":1},{"damage":16,"enemies":"Gremlin Nob","floor":12,"turns":3},{"damage":7,"enemies":"2 Louse","floor":13,"turns":2},{"damage":2,"enemies":"2 Fungi Beasts","floor":14,"turns":2},{"damage":20,"enemies":"Hexaghost","floor":16,"turns":6},{"damage":33,"enemies":"2 Thieves","floor":18,"turns":4},{"damage":24,"enemies":"Shell Parasite","floor":25,"turns":6},{"damage":40,"enemies":"Book of Stabbing","floor":27,"turns":5}],"seed_played":"-1160183616142072839","potions_obtained":[{"floor":1,"key":"FocusPotion"},{"floor":7,"key":"FearPotion"},{"floor":14,"key":"Energy Potion"}],"is_trial":false,"path_per_floor":["M","?","?","M","?","R","E","?","T","$","R","E","M","M","R","B",null,"M","AVR","T","?","?","R","$","M","T","E"],"character_chosen":"DEFECT","items_purchased":["Storm","Sweeping Beam","ReplayUltimateDefense"],"campfire_rested":2,"item_purchase_floors":[24,24,24],"current_hp_per_floor":[75,72,72,72,72,72,71,71,81,81,81,65,58,56,81,65,85,52,52,52,36,36,63,63,39,39,0,0],"gold":48,"neow_bonus":"THREE_ENEMY_KILL","is_daily":false,"chose_seed":false,"campfire_upgraded":2,"win_rate":0.0,"timestamp":1609344262,"path_taken":["M","?","?","?","?","R","E","?","T","$","R","E","M","M","R","BOSS","M","AVR","?","?","?","R","$","M","T","E"],"items_purchased_type":["Card","Card","Card"],"build_version":"2020-12-22","purchased_purges":1,"victory":false,"max_hp_per_floor":[75,75,75,75,75,75,75,75,85,85,85,85,85,85,85,85,85,85,85,85,90,90,90,90,90,90,90,90],"card_choices":[{"not_picked":["ReplayTheSpireMod:System Scan","ReplayTheSpireMod:Reroute Power"],"picked":"Coolheaded","floor":1},{"not_picked":["Conserve Battery","Go for the Eyes"],"picked":"Doom and Gloom","floor":4},{"not_picked":["Force Field","hubris:SpecializedCircuitry"],"picked":"Loop","floor":7},{"not_picked":["Beam Cell","Streamline"],"picked":"Cold Snap","floor":12},{"not_picked":["Redo","Reinforced Body"],"picked":"Compile Driver","floor":13},{"not_picked":["Streamline","Barrage"],"picked":"Static Discharge","floor":14},{"not_picked":["Machine Learning","Reboot"],"picked":"Amplify","floor":16},{"not_picked":["Hologram","Leap"],"picked":"Streamline","floor":18},{"not_picked":["Gash","Leap"],"picked":"Melter","floor":25}],"player_experience":9565,"relics_obtained":[{"floor":7,"key":"Quantum Egg"},{"floor":9,"key":"Pear"},{"floor":12,"key":"Tea:ReiMu"},{"floor":20,"key":"Vajra"},{"floor":26,"key":"Potion Belt"}],"event_choices":[{"damage_healed":0,"gold_gain":0,"player_choice":"Success","damage_taken":3,"relics_obtained":["Nunchaku"],"max_hp_gain":0,"max_hp_loss":0,"event_name":"Scrap Ooze","floor":2,"gold_loss":0},{"damage_healed":0,"gold_gain":0,"player_choice":"Rummage","damage_taken":0,"relics_obtained":["WarpedTongs"],"max_hp_gain":0,"max_hp_loss":0,"event_name":"Accursed Blacksmith","floor":3,"gold_loss":0,"cards_obtained":["Pain"]},{"damage_healed":0,"gold_gain":0,"player_choice":"Gave Potion","damage_taken":0,"relics_obtained":["Toy Ornithopter"],"max_hp_gain":0,"max_hp_loss":0,"event_name":"WeMeetAgain","floor":8,"gold_loss":0},{"damage_healed":0,"gold_gain":0,"player_choice":"Shed Blood","damage_taken":21,"max_hp_gain":5,"max_hp_loss":0,"event_name":"Forgotten Altar","floor":21,"gold_loss":0},{"damage_healed":0,"gold_gain":0,"player_choice":"Ignored","damage_taken":0,"max_hp_gain":0,"max_hp_loss":0,"event_name":"Vampires","floor":22,"gold_loss":0}],"is_beta":false,"boss_relics":[{"not_picked":["SlaversCollar","Black Star"],"picked":"Replay:Bronze Core"}],"items_purged_floors":[10],"is_endless":false,"potions_floor_spawned":[1,7,14],"killed_by":"Book of Stabbing","ascension_level":0}}