{"host":"dh4nu8nelr2izibb","time":1609306985,"event":{"mods":["Act Like it!","BaseMod","Better Third Choice","Card Forge","Curses Come First","Displayed Cursed Tome","Evolution","HololiveMod","Marisa????????","Minty Spire (QoL Compilation)","Puzzle Mod","Quick Restart","Relic Filter","StSLib","The Marked","The Poker Player","The Servant 0.9.4","WarShipGirlsR/????R mod","Yakumo Yukari mod"],"gold_per_floor":[116,116,135,145,160,176,176,10,10,37,54,68,68,93,93,169,169,181,207,207,223,14,14,28,28,28,41,41,73,73,85,85,159,159,177,177,177,23,71,71,103,123,123,157,157,157,168,179,179,179,179],"floor_reached":50,"playtime":1919,"items_purged":["Strike_G","Strike_G"],"score":1464,"play_id":"59a879d3-5fdf-4ed0-95c1-f88964a5d567","local_time":"20201230004305","is_ascension_mode":true,"campfire_choices":[{"data":"Cloak And Dagger","floor":7.0,"key":"SMITH"},{"data":"Terror","floor":15.0,"key":"SMITH"},{"floor":23.0,"key":"REST"},{"floor":28.0,"key":"REST"},{"floor":30.0,"key":"REST"},{"floor":32.0,"key":"RECALL"},{"floor":40,"key":"REST"},{"floor":45,"key":"REST"},{"floor":49,"key":"REST"}],"circlet_count":0,"master_deck":["AscendersBane","Strike_G","Defend_G","Defend_G+1","Defend_G","Defend_G+1","Survivor","Neutralize+1","Eviscerate+1","After Image","Dagger Spray","PiercingWail","Cloak And Dagger+1","Underhanded Strike","Leg Sweep","Dagger Throw","Blade Dance","Prepared","Terror+1","Unload","Flying Knee+1","Escape Plan","Tools of the Trade","Dash","Finisher+1","Acrobatics+1","Adrenaline+1","Malaise","Panache","Backflip","Deflect","Slice"],"relics":["Ring of the Snake","Hammer of Thor","Seething Fire","Anvil of the Gods","EVO:Axolotl","Orichalcum","Letter Opener","Lizard Tail","Gremlin Horn","Fusion Hammer","Red Mask","Membership Card","MutagenicStrength","Paper Crane","Ninja Scroll","Philosopher\u0027s Stone","War Paint","Prayer Wheel","Bottled Lightning","Vajra","Potion Belt"],"acts_visited":["Exordium","TheCity","TheBeyond"],"potions_floor_usage":[33,35,39,42,50],"damage_taken":[{"damage":2.0,"enemies":"Cultist","floor":1.0,"turns":4.0},{"damage":4.0,"enemies":"Small Slimes","floor":3.0,"turns":3.0},{"damage":1.0,"enemies":"Jaw Worm","floor":4.0,"turns":3.0},{"damage":0.0,"enemies":"Blue Slaver","floor":5.0,"turns":5.0},{"damage":7.0,"enemies":"2 Fungi Beasts","floor":6.0,"turns":4.0},{"damage":19.0,"enemies":"3 Sentries","floor":10.0,"turns":5.0},{"damage":5.0,"enemies":"Exordium Thugs","floor":11.0,"turns":6.0},{"damage":2.0,"enemies":"Blue Slaver","floor":12.0,"turns":3.0},{"damage":0.0,"enemies":"Gremlin Nob","floor":14.0,"turns":3.0},{"damage":7.0,"enemies":"Hexaghost","floor":16.0,"turns":10.0},{"damage":8.0,"enemies":"2 Thieves","floor":18.0,"turns":4.0},{"damage":11.0,"enemies":"Masked Bandits","floor":19.0,"turns":4.0},{"damage":17.0,"enemies":"Spheric Guardian","floor":21.0,"turns":4.0},{"damage":5.0,"enemies":"Snake Plant","floor":24.0,"turns":2.0},{"damage":3.0,"enemies":"Snecko","floor":27.0,"turns":3.0},{"damage":0.0,"enemies":"Gremlin Leader","floor":29.0,"turns":4.0},{"damage":0.0,"enemies":"Centurion and Healer","floor":31.0,"turns":2.0},{"damage":11,"enemies":"Automaton","floor":33,"turns":7},{"damage":14,"enemies":"3 Darklings","floor":35,"turns":4},{"damage":0,"enemies":"2 Orb Walkers","floor":39,"turns":5},{"damage":1,"enemies":"Reptomancer","floor":41,"turns":6},{"damage":0,"enemies":"Orb Walker","floor":42,"turns":1},{"damage":9,"enemies":"Nemesis","floor":44,"turns":5},{"damage":0,"enemies":"Maw","floor":47,"turns":1},{"damage":3,"enemies":"4 Shapes","floor":48,"turns":2},{"damage":128,"enemies":"Time Eater","floor":50,"turns":14}],"seed_played":"-1773134923826618460","potions_obtained":[{"floor":3.0,"key":"CultistPotion"},{"floor":4.0,"key":"BlessingOfTheForge"},{"floor":5.0,"key":"Fruit Juice"},{"floor":11.0,"key":"CunningPotion"},{"floor":16.0,"key":"Swift Potion"},{"floor":19.0,"key":"PowerPotion"},{"floor":21.0,"key":"SneckoOil"},{"floor":27.0,"key":"PowerPotion"},{"floor":33,"key":"Weak Potion"},{"floor":35,"key":"Weak Potion"},{"floor":42,"key":"Fruit Juice"},{"floor":47,"key":"Block Potion"},{"floor":48,"key":"Energy Potion"}],"is_trial":false,"path_per_floor":["M","?","M","M","M","M","R","$","T","E","M","M","?","E","R","B",null,"M","?","?","M","$","R","M","?","T","M","R","E","R","M","R","B",null,"M","?","?","$","?","R","E","M","T","E","R","?","M","M","R","B"],"character_chosen":"THE_SILENT","items_purchased":["Leg Sweep","Dagger Throw","Membership Card","Finisher","Backflip","War Paint"],"campfire_rested":6,"item_purchase_floors":[8,8,22,22,38,38],"current_hp_per_floor":[57,57,53,52,57,50,50,50,50,31,26,24,24,24,24,17,58,50,39,39,22,22,43,38,38,38,35,56,56,71,71,71,60,68,54,54,54,54,54,71,70,75,75,66,76,76,76,73,76,0,0],"gold":179,"neow_bonus":"RANDOM_COMMON_RELIC","is_daily":false,"chose_seed":false,"campfire_upgraded":2,"win_rate":0.0,"timestamp":1609306985,"path_taken":["M","?","M","M","M","M","R","$","T","E","M","?","?","E","R","BOSS","M","?","?","M","$","R","M","?","T","M","R","E","R","?","R","BOSS","M","?","?","$","?","R","E","?","T","E","R","?","M","M","R","BOSS"],"items_purchased_type":["Card","Card","Relic","Card","Card","Relic"],"build_version":"2020-12-22","purchased_purges":2,"victory":false,"max_hp_per_floor":[66,66,66,66,71,71,71,71,71,71,71,71,71,71,71,71,71,71,71,71,71,71,71,71,71,71,71,71,71,71,71,71,71,71,71,71,71,71,71,71,71,76,76,76,76,76,76,76,76,76,76],"card_choices":[{"not_picked":["Prepared","Acrobatics"],"picked":"Eviscerate","floor":1.0},{"not_picked":["Well Laid Plans","Deadly Poison"],"picked":"Dagger Spray","floor":3.0},{"not_picked":["Poisoned Stab","Choke"],"picked":"PiercingWail","floor":4.0},{"not_picked":["Wraith Form v2","Underhanded Strike"],"picked":"Cloak And Dagger","floor":5.0},{"not_picked":["Tactician","Accuracy"],"picked":"Underhanded Strike","floor":6.0},{"not_picked":["Noxious Fumes","Caltrops","Deadly Poison"],"picked":"SKIP","floor":10.0},{"not_picked":["Sucker Punch","Prepared"],"picked":"Blade Dance","floor":11.0},{"not_picked":["Calculated Gamble","Crippling Poison"],"picked":"Prepared","floor":12.0},{"not_picked":["Bullet Time","Prepared"],"picked":"Terror","floor":14.0},{"not_picked":["Storm of Steel","Night Terror"],"picked":"Unload","floor":16.0},{"not_picked":["Skewer+1","Dodge and Roll"],"picked":"Flying Knee+1","floor":18.0},{"not_picked":["Deadly Poison","Outmaneuver"],"picked":"Escape Plan","floor":19.0},{"not_picked":["Eviscerate","Poisoned Stab"],"picked":"Dash","floor":21.0},{"not_picked":["Flying Knee","Masterful Stab","Bouncing Flask"],"picked":"SKIP","floor":24.0},{"not_picked":["Underhanded Strike","Sucker Punch"],"picked":"Acrobatics","floor":27.0},{"not_picked":["Poisoned Stab","Caltrops","Setup"],"picked":"SKIP","floor":29.0},{"not_picked":["Sucker Punch","Dagger Throw"],"picked":"Adrenaline","floor":31.0},{"not_picked":["After Image","Phantasmal Killer"],"picked":"Malaise","floor":33},{"not_picked":["PiercingWail","Poisoned Stab","Dodge and Roll"],"picked":"SKIP","floor":35},{"not_picked":["Swift Strike","Madness"],"picked":"Panache","floor":37},{"not_picked":["Bouncing Flask","Poisoned Stab"],"picked":"Deflect","floor":39},{"not_picked":["Dagger Throw+1","Poisoned Stab","Sucker Punch+1"],"picked":"SKIP","floor":41},{"not_picked":["Bane","Calculated Gamble"],"picked":"Slice","floor":42},{"not_picked":["Dodge and Roll","Deadly Poison","Setup+1"],"picked":"SKIP","floor":42},{"not_picked":["Dodge and Roll","Flechettes","Poisoned Stab+1"],"picked":"SKIP","floor":44},{"not_picked":["Flying Knee","Quick Slash","Deflect+1"],"picked":"SKIP","floor":47},{"not_picked":["Infinite Blades","Cloak And Dagger","Well Laid Plans"],"picked":"SKIP","floor":47},{"not_picked":["Masterful Stab+1","Dodge and Roll","Poisoned Stab"],"picked":"SKIP","floor":48},{"not_picked":["Flechettes+1","Predator","Riddle With Holes+1"],"picked":"SKIP","floor":48}],"player_experience":1131685,"relics_obtained":[{"floor":9.0,"key":"Letter Opener"},{"floor":10.0,"key":"Lizard Tail"},{"floor":14.0,"key":"Gremlin Horn"},{"floor":19.0,"key":"Red Mask"},{"floor":26.0,"key":"Paper Crane"},{"floor":29.0,"key":"Ninja Scroll"},{"floor":39,"key":"Prayer Wheel"},{"floor":41,"key":"Bottled Lightning"},{"floor":43,"key":"Vajra"},{"floor":44,"key":"Potion Belt"}],"event_choices":[{"damage_healed":0.0,"max_hp_gain":0.0,"max_hp_loss":0.0,"gold_gain":0.0,"event_name":"Match and Keep!","player_choice":"2 cards matched","floor":2.0,"gold_loss":0.0,"damage_taken":0.0,"cards_obtained":["Injury","After Image"]},{"damage_healed":0.0,"max_hp_gain":0.0,"max_hp_loss":0.0,"gold_gain":0.0,"event_name":"betterThird:BetterSerpent","player_choice":"Ignored","floor":13.0,"gold_loss":0.0,"damage_taken":68.0},{"damage_healed":0.0,"max_hp_gain":0.0,"max_hp_loss":0.0,"gold_gain":0.0,"event_name":"Masked Bandits","player_choice":"Fought Bandits","floor":19.0,"gold_loss":0.0,"damage_taken":0.0},{"damage_healed":0.0,"max_hp_gain":0.0,"max_hp_loss":0.0,"gold_gain":0.0,"event_name":"The Library","player_choice":"Read","floor":20.0,"gold_loss":0.0,"damage_taken":0.0,"cards_obtained":["Tools of the Trade"]},{"damage_healed":0.0,"max_hp_gain":0.0,"max_hp_loss":0.0,"gold_gain":0.0,"event_name":"Drug Dealer","player_choice":"Inject Mutagens","floor":25.0,"gold_loss":0.0,"damage_taken":0.0,"relics_obtained":["MutagenicStrength"]},{"damage_healed":0,"gold_gain":0,"player_choice":"Memory 1","damage_taken":0,"max_hp_gain":0,"max_hp_loss":0,"event_name":"SensoryStone","floor":37,"gold_loss":0},{"damage_healed":0,"gold_gain":0,"player_choice":"Fight","damage_taken":0,"max_hp_gain":0,"max_hp_loss":0,"event_name":"Mysterious Sphere","floor":39,"gold_loss":0},{"damage_healed":0,"gold_gain":0,"player_choice":"Ignored","damage_taken":0,"max_hp_gain":0,"max_hp_loss":0,"event_name":"OrinTheCat","floor":46,"gold_loss":0}],"is_beta":false,"boss_relics":[{"not_picked":["Black Star","Snecko Eye"],"picked":"Fusion Hammer"},{"not_picked":["Runic Dome","Hololive_Finger"],"picked":"Philosopher\u0027s Stone"}],"items_purged_floors":[8,38],"is_endless":false,"potions_floor_spawned":[3,4,5,11,16,19,21,27,33,35,42,47,48],"killed_by":"Time Eater","ascension_level":20}}