{"host":"hig8qfi5vzbgudte","time":1609368701,"event":{"mods":["BaseMod","Colored Map","Downfall","Hubris","Minty Spire (QoL Compilation)","Quick Restart","StSLib","The Cursed","The Marked","The Servant 0.9.4"],"gold_per_floor":[119,136,147,35,52,52,52,79,114,126,156,168,180,210,222,234,234],"floor_reached":16,"playtime":1113,"items_purged":[],"score":94,"play_id":"d2385ee5-87ee-473f-a328-08d0b969e4e6","local_time":"20201230165141","is_ascension_mode":false,"campfire_choices":[{"data":"theMarked:Polarize","floor":6,"key":"SMITH"},{"data":"theMarked:Indomitable","floor":10,"key":"SMITH"},{"floor":15,"key":"REST"}],"circlet_count":0,"master_deck":["theMarked:Strike","theMarked:Strike","theMarked:Strike","theMarked:Strike","theMarked:Strike","theMarked:Defend","theMarked:Defend","theMarked:Defend","theMarked:Defend","theMarked:SoldierOfQuellstein+1","theMarked:EnhanceMovement+1","theMarked:Polarize+1","theMarked:Indomitable+1","theMarked:ReduceFriction+1","theMarked:ContemptForTheProud","theMarked:HeightenedSenses","theMarked:CreepingChasm","theMarked:EmpowerWeapon","theMarked:Indomitable"],"relics":["theMarked:ArtifactOfAir","NeowsBlessing","MawBank","War Paint"],"acts_visited":["Exordium"],"potions_floor_usage":[16,16,16],"damage_taken":[{"damage":0,"enemies":"2 Louse","floor":1,"turns":1},{"damage":0,"enemies":"Jaw Worm","floor":2,"turns":1},{"damage":0,"enemies":"Small Slimes","floor":3,"turns":1},{"damage":8,"enemies":"2 Fungi Beasts","floor":5,"turns":3},{"damage":14,"enemies":"Red Slaver","floor":8,"turns":4},{"damage":9,"enemies":"Blue Slaver","floor":11,"turns":3},{"damage":0,"enemies":"Large Slime","floor":14,"turns":5},{"damage":61,"enemies":"The Guardian","floor":16,"turns":8}],"seed_played":"4823492177639429423","potions_obtained":[{"floor":3,"key":"Block Potion"},{"floor":8,"key":"Strength Potion"},{"floor":11,"key":"Dexterity Potion"},{"floor":14,"key":"SpeedPotion"}],"is_trial":false,"path_per_floor":["M","M","M","$","M","R","?","M","T","R","M","?","?","M","R","B"],"character_chosen":"THE_DEFAULT","items_purchased":["theMarked:ReduceFriction","theMarked:ContemptForTheProud"],"campfire_rested":1,"item_purchase_floors":[4,4],"current_hp_per_floor":[70,70,70,70,62,62,59,45,45,45,36,36,36,36,57,0,0],"gold":234,"neow_bonus":"THREE_ENEMY_KILL","is_daily":false,"chose_seed":false,"campfire_upgraded":2,"win_rate":0.0,"timestamp":1609368701,"path_taken":["M","M","M","$","M","R","?","M","T","R","M","?","?","M","R","BOSS"],"items_purchased_type":["Card","Card"],"build_version":"2020-12-22","purchased_purges":0,"victory":false,"max_hp_per_floor":[70,70,70,70,70,70,70,70,70,70,70,70,70,70,70,70,70],"card_choices":[{"not_picked":["theMarked:Improvise","theMarked:Parkour"],"picked":"theMarked:EnhanceMovement","floor":1},{"not_picked":["theMarked:ResourceFulStrike","theMarked:ParalyzingBlade"],"picked":"theMarked:Polarize","floor":2},{"not_picked":["theMarked:EnhancedHearing","theMarked:Improvise"],"picked":"theMarked:Indomitable","floor":3},{"not_picked":["theMarked:TunnelVision","theMarked:BanishingStrike"],"picked":"theMarked:HeightenedSenses","floor":5},{"not_picked":["theMarked:TwofoldDefense","theMarked:Frustration"],"picked":"theMarked:CreepingChasm","floor":8},{"not_picked":["theMarked:Improvise","theMarked:TunnelVision"],"picked":"theMarked:EmpowerWeapon","floor":11},{"not_picked":["theMarked:TunnelVision","theMarked:Parkour"],"picked":"theMarked:Indomitable","floor":14}],"player_experience":16706,"relics_obtained":[{"floor":9,"key":"War Paint"}],"event_choices":[{"damage_healed":0,"gold_gain":0,"player_choice":"Success","damage_taken":3,"relics_obtained":["MawBank"],"max_hp_gain":0,"max_hp_loss":0,"event_name":"Scrap Ooze","floor":7,"gold_loss":0},{"damage_healed":0,"gold_gain":0,"player_choice":"Ignored","damage_taken":0,"max_hp_gain":0,"max_hp_loss":0,"event_name":"Liars Game","floor":12,"gold_loss":0},{"damage_healed":0,"gold_gain":0,"player_choice":"Grow","damage_taken":0,"max_hp_gain":0,"max_hp_loss":0,"event_name":"Living Wall","floor":13,"gold_loss":0,"cards_upgraded":["theMarked:SoldierOfQuellstein"]}],"is_beta":false,"boss_relics":[],"items_purged_floors":[],"is_endless":false,"potions_floor_spawned":[3,8,11,14],"killed_by":"The Guardian","ascension_level":0}}