{"host":"0dvp4uxbao5ucv2j","time":1609318280,"event":{"mods":["AchievementEnabler","Act Like it!","Aspiration","BaseMod","Beaked The Cultist","BetterRewards","DNKmod","DNKmod Update","Downfall","Friendly Minions","GifTheSpireLib","Hallownest","Hubris","Infinite Spire","Minty Spire (QoL Compilation)","Replay The Spire","StSLib","???Mod??????Boss"],"gold_per_floor":[10011,10025,10040,9329,9329,9356,9372,9372,9372,9387,9404,8426,8426,8426,8426,8525,8525,8538,8538,8553,7808,7850,7850,7850,7870,7946,7960,7972,7986,7986,7986],"floor_reached":30,"playtime":2369,"items_purged":["Defend_P","Strike_P"],"score":360,"play_id":"ef962bb5-3e87-4984-8995-f83b5d2153ba","local_time":"20201230095120","is_ascension_mode":true,"campfire_choices":[{"floor":8,"key":"RECALL"},{"floor":13,"key":"REST"},{"data":"Vault","floor":15,"key":"SMITH"},{"floor":23,"key":"REST"}],"circlet_count":0,"master_deck":["Strike_P","Strike_P","Strike_P","Defend_P","Defend_P","Defend_P","Eruption","Vigilance","Protect","Replay:BluntJabs","ThirdEye","LikeWater","ClearTheMind","Evaluate","FlurryOfBlows","Replay:Fractal Strike","Weave","FlurryOfBlows","Collect","Vault+1","Nirvana","Perseverance","FlurryOfBlows","Panache","Blasphemy","hubris:Rewind","Nirvana","expansioncontent:Flail","PanicButton","Evaluate","Nirvana","Weave","Perseverance","Perseverance","CutThroughFate","ThirdEye+1","Collect+1","DevaForm","Replay:Vibes+1","BattleHymn","Pain","BattleHymn+1","Prostrate","Judgement","Replay:DivineShield+1"],"relics":["PureWater","NeowsBlessing","aspiration:HiddenCompartment","aspiration:TomeofQuesting","Toolbox","aspiration:ChemicalBlood","Replay:Rubber Ducky","Meat on the Bone","Melange","beaked:SacredDeck","Tiny Chest","Orrery","Bottled Lightning","infinitespire:Lucky Rock","WarpedTongs","hubris:DeckOfHolding"],"acts_visited":["Exordium","TheCity"],"potions_floor_usage":[16,18,27,27,30,30,30],"damage_taken":[{"damage":0,"enemies":"Cultist","floor":1,"turns":1},{"damage":0,"enemies":"Small Slimes","floor":2,"turns":1},{"damage":0,"enemies":"2 Louse","floor":3,"turns":2},{"damage":26,"enemies":"Lagavulin","floor":6,"turns":6},{"damage":6,"enemies":"Large Slime","floor":7,"turns":4},{"damage":0,"enemies":"Lots of Slimes","floor":10,"turns":1},{"damage":11,"enemies":"Exordium Wildlife","floor":11,"turns":6},{"damage":9,"enemies":"The Guardian","floor":16,"turns":7},{"damage":20,"enemies":"3 Byrds","floor":18,"turns":5},{"damage":16,"enemies":"Spheric Guardian","floor":20,"turns":4},{"damage":6,"enemies":"Snake Plant","floor":25,"turns":6},{"damage":33,"enemies":"Centurion and Healer","floor":27,"turns":4},{"damage":8,"enemies":"Shelled Parasite and Fungi","floor":28,"turns":5},{"damage":0,"enemies":"Snecko","floor":29,"turns":2},{"damage":69,"enemies":"Slavers","floor":30,"turns":4}],"seed_played":"-7182777494574281344","potions_obtained":[{"floor":3,"key":"LiquidMemories"},{"floor":7,"key":"PowerPotion"},{"floor":10,"key":"SteroidPotion"},{"floor":16,"key":"Strength Potion"},{"floor":18,"key":"Dexterity Potion"},{"floor":20,"key":"Languid Potion"},{"floor":20,"key":"BlessingOfTheForge"},{"floor":27,"key":"AttackPotion"}],"is_trial":false,"path_per_floor":["M","M","M","$","?","E","M","R","T","M","M","$","R","?","R","B",null,"M","?","M","$","?","R","?","M","T","M","M","M","E"],"character_chosen":"WATCHER","items_purchased":["aspiration:HiddenCompartment","aspiration:TomeofQuesting","Toolbox","LikeWater","ClearTheMind","Evaluate","FlurryOfBlows","Replay:Rubber Ducky","Meat on the Bone","Melange","Nirvana","Perseverance","FlurryOfBlows","Panache","Nirvana","Weave","Perseverance","Tiny Chest","Orrery","Bottled Lightning"],"campfire_rested":2,"item_purchase_floors":[4,4,4,4,4,4,4,12,12,12,12,12,12,12,21,21,21,21,21,21],"current_hp_per_floor":[120,120,120,120,89,63,57,57,57,57,46,46,82,82,82,73,120,100,81,65,65,65,101,101,95,95,62,66,66,0,0],"gold":7986,"neow_bonus":"THREE_ENEMY_KILL","is_daily":false,"chose_seed":false,"campfire_upgraded":1,"win_rate":0.0,"timestamp":1609318280,"path_taken":["M","M","?","$","?","E","M","R","T","M","M","$","R","?","R","BOSS","M","?","?","$","?","R","?","M","T","M","M","M","E"],"items_purchased_type":["Relic","Relic","Relic","Card","Card","Card","Card","Relic","Relic","Relic","Card","Card","Card","Card","Card","Card","Card","Relic","Relic","Relic"],"build_version":"2020-12-22","purchased_purges":2,"victory":false,"max_hp_per_floor":[120,120,120,120,120,120,120,120,120,120,120,120,120,120,120,120,120,120,120,120,120,120,120,120,120,120,120,120,120,120,120],"card_choices":[{"not_picked":["Prostrate","Crescendo"],"picked":"Protect","floor":1},{"not_picked":["EmptyBody","Replay:AtTheReady"],"picked":"Replay:BluntJabs","floor":2},{"not_picked":["WaveOfTheHand","PathToVictory"],"picked":"ThirdEye","floor":3},{"not_picked":["infinitespire:DeathsTouch","ReplayTheSpireMod:Haul"],"picked":"Replay:Fractal Strike","floor":5},{"not_picked":["BowlingBash","WreathOfFlame"],"picked":"Weave","floor":6},{"not_picked":["EmptyBody","PathToVictory"],"picked":"FlurryOfBlows","floor":7},{"not_picked":["ClearTheMind","Pray"],"picked":"Collect","floor":10},{"not_picked":["Study","EmptyFist"],"picked":"Vault","floor":11},{"not_picked":["Judgement","Ragnarok"],"picked":"Blasphemy","floor":16},{"not_picked":["Protect","Conclude"],"picked":"Nirvana","floor":18},{"not_picked":["PathToVictory","Swivel"],"picked":"Evaluate","floor":20},{"not_picked":["FlurryOfBlows+1","SashWhip+1"],"picked":"CutThroughFate","floor":21},{"not_picked":["Blasphemy","FollowUp+1"],"picked":"ThirdEye+1","floor":21},{"not_picked":["SashWhip","Perseverance+1"],"picked":"Collect+1","floor":21},{"not_picked":["ForeignInfluence","FollowUp"],"picked":"DevaForm","floor":21},{"not_picked":["Prostrate","FollowUp"],"picked":"Replay:Vibes+1","floor":22},{"not_picked":["Replay:Battleflow+1","Meditate"],"picked":"BattleHymn","floor":22},{"not_picked":["Replay:Vibes","PathToVictory"],"picked":"BattleHymn+1","floor":25},{"not_picked":["ClearTheMind","FlyingSleeves"],"picked":"Prostrate","floor":27},{"not_picked":["SignatureMove","Pray"],"picked":"Judgement","floor":28},{"not_picked":["ReachHeaven","EmptyMind"],"picked":"Replay:DivineShield+1","floor":29}],"player_experience":109125,"relics_obtained":[{"floor":6,"key":"aspiration:ChemicalBlood"},{"floor":22,"key":"infinitespire:Lucky Rock"},{"floor":26,"key":"hubris:DeckOfHolding"}],"event_choices":[{"damage_healed":0,"gold_gain":0,"player_choice":"Ignored","damage_taken":0,"max_hp_gain":0,"max_hp_loss":0,"event_name":"Liars Game","floor":14,"gold_loss":0},{"damage_healed":0,"gold_gain":0,"player_choice":"CARD CARD ","damage_taken":19,"max_hp_gain":0,"max_hp_loss":0,"event_name":"Knowing Skull","floor":19,"potions_obtained":[],"gold_loss":0,"cards_obtained":["expansioncontent:Flail","PanicButton"]},{"damage_healed":0,"gold_gain":0,"player_choice":"Rummage","damage_taken":0,"relics_obtained":["WarpedTongs"],"max_hp_gain":0,"max_hp_loss":0,"event_name":"Accursed Blacksmith","floor":24,"gold_loss":0,"cards_obtained":["Pain"]}],"is_beta":false,"boss_relics":[{"not_picked":["beaked:MawFillet","aspiration:BeakedSkillbook"],"picked":"beaked:SacredDeck"}],"items_purged_floors":[4,12],"is_endless":false,"potions_floor_spawned":[3,7,10,16,20,28,29],"killed_by":"Slavers","ascension_level":2}}