{"host":"hdafziggwnbzqpcb","time":1609304058,"event":{"mods":["BaseMod","Better Vampires","Colored Map","Colored Powertips","Curses Come First","Duelist Mod","GifTheSpireLib","Hero for Fun","Minty Spire (QoL Compilation)","Quick Restart","Rare Cards Sparkle","Relic Stats","Spicy Shops","StSLib","The Bug Knight","The Cursed","The Marked","The Senshi","The Wild Card","TheHero"],"gold_per_floor":[212,98,98,109,128,128,28,28,53,71,91,91,91,104,104,207,207,222,222,222,222,3,3,20,54,54,68,68,0,11,29,29,29,29],"floor_reached":33,"playtime":1555,"items_purged":["theWildCard:BasicDefend","theWildCard:BasicStrike","theWildCard:BasicStrike"],"score":257,"play_id":"a696e1d4-52e5-4da5-a834-f9f4a34267ee","local_time":"20201229205418","is_ascension_mode":false,"campfire_choices":[{"data":"theWildCard:SeveringSlash","floor":6,"key":"SMITH"},{"data":"theWildCard:BasicDefend","floor":8,"key":"SMITH"},{"data":"theWildCard:CallToAdventure","floor":12,"key":"SMITH"},{"floor":15,"key":"REST"},{"data":"Flash of Steel","floor":23,"key":"SMITH"},{"floor":28,"key":"REST"},{"floor":32,"key":"REST"}],"circlet_count":0,"master_deck":["theWildCard:BasicStrike","theWildCard:BasicStrike","theWildCard:BasicDefend+1","theWildCard:BasicDefend+1","theWildCard:CallToAdventure+1","theWildCard:Arsene","theWildCard:StingingStrike+1","theWildCard:Metatron","theWildCard:SeveringSlash+1","theWildCard:TheArcanaUnleashed","theWildCard:SeveringSlash","Flash of Steel+1","theWildCard:SeveringSlash"],"relics":["theWildCard:VelvetContract","theWildCard:FigureOfDeath","theSenshi:SpiralHeartMoonRodRelic","HollowMod:LifeEnderRelic"],"acts_visited":["Exordium","TheCity"],"potions_floor_usage":[16,16,16,25,25,33],"damage_taken":[{"damage":8,"enemies":"Small Slimes","floor":1,"turns":3},{"damage":6,"enemies":"2 Louse","floor":4,"turns":3},{"damage":6,"enemies":"Jaw Worm","floor":5,"turns":3},{"damage":1,"enemies":"Blue Slaver","floor":10,"turns":2},{"damage":0,"enemies":"3 Louse","floor":11,"turns":3},{"damage":1,"enemies":"Looter","floor":14,"turns":2},{"damage":40,"enemies":"Hexaghost","floor":16,"turns":11},{"damage":0,"enemies":"3 Byrds","floor":18,"turns":2},{"damage":15,"enemies":"Spheric Guardian","floor":24,"turns":3},{"damage":31,"enemies":"Slavers","floor":25,"turns":2},{"damage":12,"enemies":"Centurion and Healer","floor":27,"turns":2},{"damage":1,"enemies":"Snecko","floor":30,"turns":3},{"damage":19,"enemies":"Snake Plant","floor":31,"turns":3},{"damage":74,"enemies":"Automaton","floor":33,"turns":6}],"seed_played":"363650428860382075","potions_obtained":[{"floor":5,"key":"SkillPotion"},{"floor":11,"key":"Explosive Potion"},{"floor":14,"key":"LiquidMemories"},{"floor":16,"key":"LiquidBronze"},{"floor":18,"key":"ColorlessPotion"},{"floor":30,"key":"Fire Potion"}],"is_trial":false,"path_per_floor":["M","$","?","M","M","R","$","R","T","M","M","R","?","M","R","B",null,"M","?","?","?","$","R","M","E","T","M","R","?","M","M","R","B"],"character_chosen":"THE_WILD_CARD","items_purchased":["theWildCard:Metatron","Flash of Steel"],"campfire_rested":3,"item_purchase_floors":[2,22],"current_hp_per_floor":[52,52,40,34,28,28,28,28,28,27,27,27,27,26,44,4,60,60,60,60,60,60,60,45,14,14,6,24,24,25,8,26,0,0],"gold":29,"neow_bonus":"HUNDRED_GOLD","is_daily":false,"chose_seed":false,"campfire_upgraded":4,"win_rate":0.0,"timestamp":1609304058,"path_taken":["M","$","?","M","M","R","$","R","T","M","M","R","?","M","R","BOSS","M","?","?","?","?","R","M","E","T","?","R","?","M","M","R","BOSS"],"items_purchased_type":["Card","Card"],"build_version":"2020-12-22","purchased_purges":3,"victory":false,"max_hp_per_floor":[60,60,60,60,60,60,60,60,60,60,60,60,60,60,60,60,60,60,60,60,60,60,60,60,60,60,60,60,60,60,60,60,60,60],"relic_stats":{"counters":[14,48],"obtain_stats":[{"theWildCard:VelvetContract":0,"HollowMod:LifeEnderRelic":26,"theWildCard:FigureOfDeath":17,"theSenshi:SpiralHeartMoonRodRelic":25},{"theWildCard:VelvetContract":0,"HollowMod:LifeEnderRelic":10,"theWildCard:FigureOfDeath":7,"theSenshi:SpiralHeartMoonRodRelic":10},{"theWildCard:VelvetContract":0,"HollowMod:LifeEnderRelic":34,"theWildCard:FigureOfDeath":27,"theSenshi:SpiralHeartMoonRodRelic":34}]},"card_choices":[{"not_picked":["theWildCard:Unburden","theWildCard:SacrificialStroke"],"picked":"theWildCard:StingingStrike","floor":1},{"not_picked":["theWildCard:ArcaneArts","theWildCard:StingingStrike","theWildCard:FuelForTheFire"],"picked":"SKIP","floor":4},{"not_picked":["theWildCard:BladeOfGenerations","theWildCard:Loki"],"picked":"theWildCard:SeveringSlash","floor":5},{"not_picked":["theWildCard:BladeOfGenerations","theWildCard:ArcaneArts","theWildCard:PowerOfTheArcana"],"picked":"SKIP","floor":10},{"not_picked":["theWildCard:MagicalMight","theWildCard:UnendingRitual","theWildCard:Michael"],"picked":"SKIP","floor":11},{"not_picked":["theWildCard:StingingStrike","theWildCard:ArcanaArtistry","theWildCard:Michael"],"picked":"SKIP","floor":14},{"not_picked":["theWildCard:Amaterasu","theWildCard:TheUniverse"],"picked":"theWildCard:TheArcanaUnleashed","floor":16},{"not_picked":["theWildCard:ArcanaArtistry","theWildCard:StingingStrike","theWildCard:Loki+1"],"picked":"SKIP","floor":18},{"not_picked":["theWildCard:ArcaneArts","theWildCard:EnergizedStroke","theWildCard:Scathach+1"],"picked":"SKIP","floor":24},{"not_picked":["theWildCard:SacrificialStroke+1","theWildCard:Sakuya"],"picked":"theWildCard:SeveringSlash","floor":25},{"not_picked":["theWildCard:MagicMettle","theWildCard:Unburden","theWildCard:ArcaneArts"],"picked":"SKIP","floor":27},{"not_picked":["theWildCard:MaskChange","theWildCard:Salvation","theWildCard:EnergizedStroke+1"],"picked":"SKIP","floor":30},{"not_picked":["theWildCard:FinalHour","theWildCard:Proficiency","theWildCard:SacrificialStroke"],"picked":"SKIP","floor":31}],"player_experience":692308,"relics_obtained":[{"floor":25,"key":"theSenshi:SpiralHeartMoonRodRelic"},{"floor":26,"key":"HollowMod:LifeEnderRelic"}],"event_choices":[{"damage_healed":0,"gold_gain":0,"player_choice":"Entered Light","damage_taken":12,"max_hp_gain":0,"max_hp_loss":0,"event_name":"Shining Light","floor":3,"gold_loss":0,"cards_upgraded":["theWildCard:BasicDefend","theWildCard:StingingStrike"]},{"damage_healed":0,"gold_gain":0,"player_choice":"Ignored","damage_taken":0,"max_hp_gain":0,"max_hp_loss":0,"event_name":"Vampires","floor":19,"gold_loss":0},{"cards_removed":["theWildCard:BasicDefend"],"damage_healed":0,"gold_gain":0,"player_choice":"Elegance","damage_taken":0,"max_hp_gain":0,"max_hp_loss":0,"event_name":"Back to Basics","floor":20,"gold_loss":0},{"damage_healed":0,"gold_gain":0,"player_choice":"Read","damage_taken":0,"max_hp_gain":0,"max_hp_loss":0,"event_name":"The Library","floor":21,"gold_loss":0,"cards_obtained":["theWildCard:SeveringSlash"]},{"damage_healed":0,"gold_gain":0,"player_choice":"Paid Fearfully","damage_taken":0,"max_hp_gain":0,"max_hp_loss":0,"event_name":"Masked Bandits","floor":29,"gold_loss":68}],"is_beta":false,"boss_relics":[{"not_picked":["Busted Crown","Ectoplasm"],"picked":"theWildCard:FigureOfDeath"}],"items_purged_floors":[2,7,22],"is_endless":false,"potions_floor_spawned":[5,11,14,16,18,30],"killed_by":"Automaton","ascension_level":0}}