{"host":"ymw71f7rc9ndansy","time":1609320414,"event":{"mods":["ATMod(°¢èªMod)","Act Like it!","Aspiration","BaseMod","DeckTracker","Hubris","Library of Ruina","Library of Ruina Extra","Lobotomy","LobotomyExtend","Minty Spire (QoL Compilation)","MostiFishMod","Remove Card Discount Mod","Replay The Spire","StSLib","TestMod","¡¾ÒÅÎï¿¨ÅÆ¡¿REMEMod"],"gold_per_floor":[109,109,126,145,44,79,91,91,91,83,158,158,187,198,198,271,271,289,117,137,137,157,186,186,211,211,211,211,237,237,249,249,322,322,338,338,349,349,226,257,272,304,351,351,366,381,411,53,53,53,53,53,53,53,53,80,80],"floor_reached":58,"playtime":1023,"items_purged":["Strike_P","Defend_P","Defend_P","Strike_P","FlyingSleeves","Eruption","Strike_P","Defend_P","Overencumbered","Doubt","Regret","Strike_P","hubris:Despair","Defend_P+1","Vigilance+1","MostiFishMod:Speedup+1"],"score":3576,"play_id":"e9c48921-c369-4a66-bfe4-747e1a2471e9","local_time":"20201230172654","is_ascension_mode":true,"campfire_choices":[{"data":"Tantrum","floor":8.0,"key":"SMITH"},{"data":"testmod-Reverberation","floor":15,"key":"SMITH"},{"floor":24,"key":"REST"},{"data":"AT_MachinaRedman","floor":30,"key":"SMITH"},{"data":"AT_MachinaRedman","floor":32,"key":"SMITH"},{"floor":44,"key":"RECALL"},{"data":"AT_IrregularMenstruation","floor":49,"key":"SMITH"},{"data":"Wallop","floor":54,"key":"SMITH"}],"circlet_count":0,"master_deck":["AscendersBane","AT_MachinaRedman+1","testmod-Reverberation+1","Tantrum+1","AT_MachinaRedman+1","AT_MachinaRedman+1","ForeignInfluence+1","AT_IrregularMenstruation+1","Wallop+1","Alpha"],"relics":["PureWater","testmod-TestBox","DaveBox","REME_ComplimentaryCards","AT_ATBox","SacredBark","testmod-TurbochargingSystem","SynthV:TestCard","testmod-Laevatain","aspiration:StickyExplosives","testmod-D¨¦j¨¤vu","RhineCircuit","Bag of Preparation","DaCapo","Gremlin Horn","Bottled Lightning","hubris:BlackHole","PageOfLittleHelper","ReplayTheSpireMod:CursedCoin","Orichalcum","Replay:Mystery Machine","testmod-ArcanaOfDestiny","AT_BladeRuinedKing"],"acts_visited":["Exordium","TheCity","TheBeyond","TheEnding"],"potions_floor_usage":[16],"damage_taken":[{"damage":0.0,"enemies":"2 Louse","floor":1.0,"turns":2.0},{"damage":12.0,"enemies":"Cultist","floor":3.0,"turns":3.0},{"damage":10.0,"enemies":"Small Slimes","floor":4.0,"turns":2.0},{"damage":0.0,"enemies":"Lagavulin","floor":6.0,"turns":3.0},{"damage":3.0,"enemies":"Exordium Thugs","floor":7.0,"turns":2.0},{"damage":10,"enemies":"3 Sentries","floor":13,"turns":3},{"damage":0,"enemies":"Lots of Slimes","floor":14,"turns":2},{"damage":0,"enemies":"Hexaghost","floor":16,"turns":2},{"damage":0,"enemies":"3 Byrds","floor":18,"turns":2},{"damage":0,"enemies":"2 Thieves","floor":20,"turns":1},{"damage":0,"enemies":"Cultist and Chosen","floor":22,"turns":2},{"damage":20,"enemies":"Gremlin Leader","floor":23,"turns":2},{"damage":0,"enemies":"Book of Stabbing","floor":25,"turns":1},{"damage":0,"enemies":"Gremlin Leader","floor":29,"turns":1},{"damage":0,"enemies":"Centurion and Healer","floor":31,"turns":1},{"damage":0,"enemies":"KingOfGreed","floor":33,"turns":2},{"damage":0,"enemies":"3 Darklings","floor":35,"turns":1},{"damage":0,"enemies":"Orb Walker","floor":37,"turns":1},{"damage":0,"enemies":"Reptomancer","floor":40,"turns":1},{"damage":14,"enemies":"4 Shapes","floor":41,"turns":1},{"damage":0,"enemies":"R_Hoarder","floor":42,"turns":1},{"damage":0,"enemies":"Maw","floor":45,"turns":1},{"damage":0,"enemies":"Sphere and 2 Shapes","floor":46,"turns":1},{"damage":14,"enemies":"Giant Head","floor":47,"turns":1},{"damage":0,"enemies":"hubris:GrandSnecko","floor":50,"turns":1},{"damage":0,"enemies":"Time Eater","floor":51,"turns":1},{"damage":0,"enemies":"Shield and Spear","floor":56,"turns":1},{"damage":12,"enemies":"The Heart","floor":57,"turns":3}],"seed_played":"2895857169674516486","potions_obtained":[{"floor":0.0,"key":"Milkshake"},{"floor":0.0,"key":"Milkshake"},{"floor":2.0,"key":"Flashbang"},{"floor":2.0,"key":"Elixir"},{"floor":4.0,"key":"ColorlessPotion"},{"floor":6.0,"key":"Strength Potion"},{"floor":16,"key":"Energy Potion"},{"floor":22,"key":"BottledMiracle"},{"floor":31,"key":"SteroidPotion"},{"floor":37,"key":"DuplicationPotion"},{"floor":56,"key":"AttackPotion"}],"is_trial":false,"path_per_floor":["M","?","M","M","$","E","M","R","T","$","?","$","E","M","R","B",null,"M","$","M","?","M","E","R","E","T","?","?","E","R","M","R","B",null,"M","?","M","?","$","E","M","E","T","R","M","M","E","$","R","B","B",null,null,"R","$","E","B",null],"character_chosen":"WATCHER","items_purchased":["testmod-SpacePotion","Bag of Preparation","PageOfLittleHelper","ReplayTheSpireMod:CursedCoin","testmod-ArcanaOfDestiny","Wallop"],"campfire_rested":1,"item_purchase_floors":[5,19,39,39,48,48],"current_hp_per_floor":[61,61,49,39,39,39,36,36,36,36,25,25,15,15,15,15,55,55,55,55,55,55,35,55,55,55,55,55,55,55,55,55,55,65,65,65,65,65,65,65,51,51,51,51,51,51,37,37,37,37,37,37,60,60,60,60,48],"gold":80,"neow_bonus":"THREE_SMALL_POTIONS","is_daily":false,"chose_seed":false,"campfire_upgraded":6,"win_rate":0.0,"timestamp":1609320414,"path_taken":["M","?","M","?","$","E","M","R","T","$","?","$","E","M","R","BOSS","M","$","M","?","M","E","R","E","T","?","?","E","R","M","R","BOSS","M","?","?","?","?","E","?","E","T","R","?","M","E","$","R","BOSS","BOSS","R","$","E","BOSS"],"items_purchased_type":["Potion","Relic","Relic","Relic","Relic","Card"],"build_version":"2020-12-22","purchased_purges":16,"victory":true,"max_hp_per_floor":[68,68,68,68,68,68,68,68,68,68,68,68,68,68,68,68,68,68,68,68,68,68,68,68,68,68,68,68,68,68,68,68,68,68,68,68,68,68,68,68,68,68,68,68,68,68,68,68,68,68,68,68,68,68,68,68,68],"card_choices":[{"not_picked":["Halt","Crescendo"],"picked":"FlyingSleeves","floor":1.0},{"not_picked":["Replay:DivineShield","Evaluate","EmptyBody","ClearTheMind"],"picked":"Tantrum","floor":4.0},{"not_picked":["InnerPeace","DeceiveReality","FollowUp","Evaluate","EmptyMind"],"picked":"SKIP","floor":6.0},{"not_picked":["Sanctity","CutThroughFate","SashWhip","ThirdEye","Worship"],"picked":"SKIP","floor":7.0},{"not_picked":["Replay:AtTheReady","FollowUp","BattleHymn","Conclude","AT_RealFormLess"],"picked":"SKIP","floor":13},{"not_picked":["Replay:AtTheReady","FearNoEvil","Vengeance","PathToVictory","ClearTheMind"],"picked":"SKIP","floor":14},{"not_picked":["MostiFishMod:StarLaLaLa","REME_EmptyShield","Replay:LoomingThreat","SpiritShield"],"picked":"AT_MachinaRedman","floor":16},{"not_picked":["REME_Repentance","Consecrate","EmptyBody","Prostrate","FollowUp"],"picked":"SKIP","floor":18},{"not_picked":["Prostrate","Replay:ManipulateFuture","Replay:DivineShield+1","Perseverance","CrushJoints"],"picked":"SKIP","floor":20},{"not_picked":["EmptyBody","ClearTheMind","Halt+1","SandsOfTime","AT_SoftenMuscles"],"picked":"SKIP","floor":22},{"not_picked":["CrushJoints","Worship","Consecrate","Swivel","Devotion"],"picked":"SKIP","floor":23},{"not_picked":["Halt","ThirdEye","Replay:BluntJabs","ClearTheMind","PathToVictory+1"],"picked":"SKIP","floor":25},{"not_picked":["Prostrate","AT_SoftenMuscles","Halt","AT_RealFormLess+1"],"picked":"MostiFishMod:Speedup+1","floor":29},{"not_picked":["ThirdEye","Replay:ManipulateFuture","PathToVictory","InnerPeace","Crescendo"],"picked":"SKIP","floor":31},{"not_picked":["Vault","MostiFishMod:StarLaLaLa","REME_WorshipGod","Brilliance"],"picked":"AT_MachinaRedman","floor":33},{"not_picked":["ClearTheMind","Replay:ManipulateFuture","CrushJoints+1","BowlingBash","EmptyBody+1"],"picked":"SKIP","floor":35},{"not_picked":["Replay:Vibes","FlurryOfBlows","DeusExMachina","Halt","WaveOfTheHand"],"picked":"SKIP","floor":37},{"not_picked":["MostiFishMod:Speedup","SashWhip","SandsOfTime","MentalFortress","Pray"],"picked":"SKIP","floor":40},{"not_picked":["Replay:AtTheReady","EmptyBody+1","Replay:ManipulateFuture","MostiFishMod:LegendTransform","Sanctity+1"],"picked":"SKIP","floor":41},{"not_picked":["Pray","Adaptation","MostiFishMod:LegendTransform+1","PathToVictory"],"picked":"ForeignInfluence+1","floor":42},{"not_picked":["FlyingSleeves","Halt+1","CrushJoints+1","ClearTheMind"],"picked":"AT_IrregularMenstruation","floor":45},{"not_picked":["Replay:ManipulateFuture","FlurryOfBlows+1","ClearTheMind","ThirdEye+1","BowlingBash"],"picked":"SKIP","floor":46},{"not_picked":["EmptyMind","Halt","Wireheading","Swivel","Protect"],"picked":"SKIP","floor":47},{"not_picked":["AT_ChampionStep","CutThroughFate","Collect","Worship"],"picked":"Alpha","floor":56}],"player_experience":1060440,"relics_obtained":[{"floor":1.0,"key":"SynthV:TestCard"},{"floor":6.0,"key":"testmod-Laevatain"},{"floor":9.0,"key":"aspiration:StickyExplosives"},{"floor":13,"key":"testmod-D¨¦j¨¤vu"},{"floor":23,"key":"DaCapo"},{"floor":25,"key":"Gremlin Horn"},{"floor":29,"key":"Bottled Lightning"},{"floor":40,"key":"Orichalcum"},{"floor":47,"key":"Replay:Mystery Machine"},{"floor":56,"key":"AT_BladeRuinedKing"}],"event_choices":[{"damage_healed":0.0,"max_hp_gain":0.0,"max_hp_loss":0.0,"gold_gain":0.0,"event_name":"Lab","player_choice":"Got Potions","floor":2.0,"gold_loss":0.0,"damage_taken":0.0},{"damage_healed":0.0,"max_hp_gain":0.0,"max_hp_loss":0.0,"gold_gain":75.0,"event_name":"World of Goop","player_choice":"Gather Gold","floor":11.0,"gold_loss":0.0,"damage_taken":11.0},{"damage_healed":0,"gold_gain":0,"player_choice":"Ignored","damage_taken":0,"max_hp_gain":0,"max_hp_loss":0,"event_name":"Ghosts","floor":21,"gold_loss":0},{"damage_healed":0,"gold_gain":0,"player_choice":"Ignored","damage_taken":0,"max_hp_gain":0,"max_hp_loss":0,"event_name":"Beggar","floor":27,"gold_loss":0},{"damage_healed":0,"gold_gain":0,"player_choice":"Simplicity","damage_taken":0,"max_hp_gain":0,"max_hp_loss":0,"event_name":"Back to Basics","floor":28,"gold_loss":0,"cards_upgraded":["Defend_P"]},{"damage_healed":0,"gold_gain":0,"player_choice":"Forge","damage_taken":0,"max_hp_gain":0,"max_hp_loss":0,"event_name":"Accursed Blacksmith","floor":36,"gold_loss":0,"cards_upgraded":["AT_MachinaRedman"]}],"is_beta":false,"boss_relics":[{"not_picked":["Philosopher\u0027s Stone","REME_DuelDisc"],"picked":"RhineCircuit"},{"not_picked":["aspiration:RitualDagger","Velvet Choker"],"picked":"hubris:BlackHole"}],"items_purged_floors":[5,5,5,5,5,5,5,5,10,10,10,10,39,39,39,39],"is_endless":false,"potions_floor_spawned":[4,6,16,22,23,31,33,35,37,41,42,56],"ascension_level":20}}