{"host":"1zjc08c6hob33401","time":1609361266,"event":{"mods":["AchievementEnabler","Act Like it!","Aspiration","BaseMod","Downfall","Energized Spire","Evolution","GifTheSpireLib","Hubris","Infinite Spire","Jedi Mod","Minty Spire (QoL Compilation)","Pale of the Ancients","Quick Restart","Replay The Spire","Retaliation","Shop Mod","StSLib","Stuff the Spire","The Blue Laboratory","Wandering Minibosses","vexMod"],"gold_per_floor":[114,128,128,149,74,74,74,74,100,134,134,150,150,150,150,273,273,287,407,427,427,427,427,466,466,547,567,482,503,503,503],"floor_reached":30,"playtime":1329,"items_purged":["Defend_R"],"score":320,"play_id":"5e1433d2-0ac0-49d5-a79f-dff27befa07b","local_time":"20201230224746","is_ascension_mode":true,"campfire_choices":[{"data":"Perfected Strike","floor":6,"key":"SMITH"},{"data":"StuffTheSpire:Slingshot","floor":8,"key":"SMITH"},{"data":"Blood for Blood","floor":11,"key":"SMITH"},{"data":"Pummel","floor":13,"key":"SMITH"},{"floor":15,"key":"REST"},{"data":"J.A.X.","floor":23,"key":"SMITH"},{"data":"ReplayTheSpireMod:LeadingStrike","floor":25,"key":"SMITH"}],"circlet_count":0,"master_deck":["Strike_R","Strike_R+1","Strike_R","Strike_R+1","Strike_R","Defend_R","Defend_R","Defend_R","Bash","Perfected Strike+1","Pummel+1","StuffTheSpire:Slingshot+1","Blood for Blood+1","Sword Boomerang","Demon Form+1","ReplayTheSpireMod:Stacked","ReplayTheSpireMod:LeadingStrike+1","Heavy Blade","J.A.X.+1","Twin Strike+1","Battle Trance+1","DDmod:RapidStrikeAttack"],"relics":["Burning Blood","EVO:Axolotl","aspiration:Nostalgia","Sizzling Blood","Golden Idol","Gremlin Food","infinitespire:Beetle Shell","Snecko Eye","Replay:Baseball","StuffTheSpire:Experiment12","jedi:leech","MealTicket"],"acts_visited":["Exordium","TheCity"],"potions_floor_usage":[16,16,30,30,30],"damage_taken":[{"damage":0,"enemies":"Small Slimes","floor":1,"turns":3},{"damage":7,"enemies":"2 Louse","floor":2,"turns":2},{"damage":10,"enemies":"infinitespire:Voidling","floor":4,"turns":4},{"damage":29,"enemies":"Gremlin Nob","floor":10,"turns":4},{"damage":11,"enemies":"2 Fungi Beasts","floor":12,"turns":3},{"damage":26,"enemies":"Slime Boss","floor":16,"turns":10},{"damage":12,"enemies":"Chosen","floor":18,"turns":3},{"damage":24,"enemies":"3 Byrds","floor":20,"turns":5},{"damage":13,"enemies":"Replay:Snechameleon","floor":24,"turns":3},{"damage":14,"enemies":"Cultist and Chosen","floor":27,"turns":3},{"damage":25,"enemies":"Snake Plant","floor":29,"turns":2},{"damage":41,"enemies":"Nightmare","floor":30,"turns":4}],"seed_played":"-5666282854404202288","potions_obtained":[{"floor":2,"key":"Dexterity Potion"},{"floor":4,"key":"Ancient Potion"},{"floor":12,"key":"blueLaboratory:LouseDecoction"},{"floor":24,"key":"blueLaboratory:Moonshine"},{"floor":29,"key":"ElixirPotion"}],"is_trial":false,"path_per_floor":["M","M","?","M","$","R","?","R","T","E","R","M","R","?","R","B",null,"M","?","M","?","?","R","E","R","T","M","?","M","NM"],"character_chosen":"IRONCLAD","items_purchased":[],"campfire_rested":1,"item_purchase_floors":[],"current_hp_per_floor":[84,84,63,63,63,63,63,63,63,44,44,43,43,43,68,52,76,74,74,60,60,60,60,57,57,57,53,53,38,0,0],"gold":503,"neow_bonus":"NOSTALGIA","is_daily":false,"chose_seed":false,"campfire_upgraded":6,"win_rate":0.0,"timestamp":1609361266,"path_taken":["M","M","?","M","$","R","?","R","T","E","R","M","R","?","R","BOSS","M","?","M","?","?","R","E","R","T","M","?","M","NM"],"items_purchased_type":[],"build_version":"2020-12-22","purchased_purges":1,"victory":false,"max_hp_per_floor":[84,84,84,84,84,84,84,84,84,84,84,84,84,84,84,84,84,84,84,84,84,84,84,84,84,84,84,84,84,84,84],"card_choices":[{"not_picked":["Disarm","DDmod:UnstoppableAttack"],"picked":"Perfected Strike","floor":1},{"not_picked":["DDmod:EasePowerCard","Headbutt"],"picked":"Pummel","floor":2},{"not_picked":["Shrug It Off","Run Through"],"picked":"StuffTheSpire:Slingshot","floor":4},{"not_picked":["Replay:Undeath\u0027s Touch","Body Slam"],"picked":"Blood for Blood","floor":10},{"not_picked":["Cleave","Iron Wave"],"picked":"Sword Boomerang","floor":12},{"not_picked":["Limit Break","jedi:harder"],"picked":"Demon Form","floor":16},{"not_picked":["True Grit","Body Slam"],"picked":"ReplayTheSpireMod:Stacked","floor":18},{"not_picked":["Evolve","DDmod:PokeAttack"],"picked":"ReplayTheSpireMod:LeadingStrike","floor":19},{"not_picked":["Anger","Iron Wave"],"picked":"Heavy Blade","floor":20},{"not_picked":["Feel No Pain","DDmod:SpikeInjectionSkill+1"],"picked":"Twin Strike+1","floor":24},{"not_picked":["Cleave+1","Flame Barrier"],"picked":"Battle Trance+1","floor":27},{"not_picked":["Thunderclap+1","jedi:fear"],"picked":"DDmod:RapidStrikeAttack","floor":29}],"player_experience":412694,"relics_obtained":[{"floor":9,"key":"Gremlin Food"},{"floor":10,"key":"infinitespire:Beetle Shell"},{"floor":19,"key":"Replay:Baseball"},{"floor":24,"key":"StuffTheSpire:Experiment12"},{"floor":26,"key":"jedi:leech"}],"event_choices":[{"damage_healed":0,"gold_gain":0,"player_choice":"Take Damage","damage_taken":21,"relics_obtained":["Golden Idol"],"max_hp_gain":0,"max_hp_loss":0,"event_name":"Golden Idol","floor":3,"gold_loss":0},{"damage_healed":0,"gold_gain":0,"player_choice":"Fled","damage_taken":0,"max_hp_gain":0,"max_hp_loss":0,"event_name":"Scrap Ooze","floor":14,"gold_loss":0},{"damage_healed":0,"gold_gain":0,"player_choice":"Obtain J.A.X.","damage_taken":0,"max_hp_gain":0,"max_hp_loss":0,"event_name":"Drug Dealer","floor":22,"gold_loss":0,"cards_obtained":["J.A.X."]},{"damage_healed":0,"gold_gain":0,"player_choice":"Obtained Relic","damage_taken":0,"relics_obtained":["MealTicket"],"max_hp_gain":0,"max_hp_loss":0,"event_name":"Addict","floor":28,"gold_loss":85}],"is_beta":false,"boss_relics":[{"not_picked":["Pandora\u0027s Box","hubris:Backtick"],"picked":"Snecko Eye"}],"items_purged_floors":[5],"is_endless":false,"potions_floor_spawned":[2,4,12,24,29],"killed_by":"Nightmare","ascension_level":6}}