{"host":"kh6fvhxn285ncg0o","time":1609291391,"event":{"mods":["Act Like it!","BaseMod","Colored Map","Friendly Minions","Keyboard Shortcuts","Minty Spire (QoL Compilation)","Quick Restart","Relic Stats","StSLib","SuperFastMode"],"gold_per_floor":[112,129,129,149,165,200,213,255,310,332,332,369,397,440,440,440,440],"floor_reached":16,"playtime":449,"items_purged":[],"score":318,"play_id":"f2b42f21-c105-4c08-8543-619f9c37cc68","local_time":"20201230102311","is_ascension_mode":true,"campfire_choices":[{"floor":11.0,"key":"REST"},{"data":"Fire Breathing","floor":15,"key":"SMITH"}],"circlet_count":0,"master_deck":["AscendersBane","Strike_R","Strike_R","Strike_R","Strike_R","Defend_R","Defend_R+1","Defend_R+1","Defend_R","Bash","Corruption","Hemokinesis","Shrug It Off","Blood for Blood","Power Through","Shrug It Off","Shockwave","Fire Breathing+1","Burning Pact"],"relics":["Burning Blood","War Paint","CeramicFish","Shuriken","Bag of Preparation","Tiny Chest","Boot"],"acts_visited":["Exordium"],"potions_floor_usage":[14],"damage_taken":[{"damage":9.0,"enemies":"2 Louse","floor":1.0,"turns":4.0},{"damage":6.0,"enemies":"Cultist","floor":2.0,"turns":4.0},{"damage":14.0,"enemies":"Jaw Worm","floor":4.0,"turns":3.0},{"damage":14.0,"enemies":"Looter","floor":5.0,"turns":4.0},{"damage":2.0,"enemies":"Gremlin Nob","floor":6.0,"turns":3.0},{"damage":14.0,"enemies":"Exordium Thugs","floor":7.0,"turns":4.0},{"damage":34.0,"enemies":"3 Sentries","floor":8.0,"turns":9.0},{"damage":8.0,"enemies":"Lots of Slimes","floor":10.0,"turns":6.0},{"damage":21.0,"enemies":"Lagavulin","floor":12.0,"turns":8.0},{"damage":2.0,"enemies":"Exordium Wildlife","floor":13.0,"turns":6.0},{"damage":8,"enemies":"3 Sentries","floor":14,"turns":7},{"damage":26,"enemies":"Hexaghost","floor":16,"turns":7}],"seed_played":"-576281078599508940","potions_obtained":[{"floor":1.0,"key":"Weak Potion"},{"floor":5.0,"key":"AttackPotion"},{"floor":6.0,"key":"Block Potion"},{"floor":8.0,"key":"PowerPotion"},{"floor":13.0,"key":"Fire Potion"},{"floor":14,"key":"Fire Potion"}],"is_trial":false,"path_per_floor":["M","M","?","M","M","E","M","E","T","M","R","E","M","E","R","B"],"character_chosen":"IRONCLAD","items_purchased":[],"campfire_rested":1,"item_purchase_floors":[],"current_hp_per_floor":[65,65,65,57,49,53,45,17,17,15,37,22,26,24,24,0,0],"gold":440,"neow_bonus":"TRANSFORM_CARD","is_daily":false,"chose_seed":false,"campfire_upgraded":1,"win_rate":0.0,"timestamp":1609291391,"path_taken":["M","M","?","M","M","E","M","E","T","M","R","E","?","E","R","BOSS"],"items_purchased_type":[],"build_version":"2020-12-22","purchased_purges":0,"victory":false,"max_hp_per_floor":[75,75,75,75,75,75,75,75,75,75,75,75,75,75,75,75,75],"relic_stats":{"counters":[12,65],"Shuriken":[0],"CeramicFish":54,"Tiny Chest":0,"Bag of Preparation":[10],"War Paint":["Defend_R","Defend_R"],"Boot":[0],"obtain_stats":[{"Shuriken":8,"CeramicFish":6,"Tiny Chest":12,"Bag of Preparation":9,"War Paint":3,"Boot":14,"Burning Blood":0},{"Shuriken":7,"CeramicFish":5,"Tiny Chest":9,"Bag of Preparation":7,"War Paint":2,"Boot":11,"Burning Blood":0},{"Shuriken":31,"CeramicFish":18,"Tiny Chest":45,"Bag of Preparation":31,"War Paint":8,"Boot":58,"Burning Blood":0}],"Burning Blood":66},"card_choices":[{"not_picked":["Reckless Charge","Armaments"],"picked":"Spot Weakness","floor":1.0},{"not_picked":["Sentinel","Combust"],"picked":"Hemokinesis","floor":2.0},{"not_picked":["Pommel Strike","Flex"],"picked":"Shrug It Off","floor":5.0},{"not_picked":["Exhume","Clothesline"],"picked":"Blood for Blood","floor":6.0},{"not_picked":["Warcry","Havoc","Headbutt"],"picked":"SKIP","floor":7.0},{"not_picked":["Anger","Seeing Red"],"picked":"Power Through","floor":8.0},{"not_picked":["Sentinel","Metallicize"],"picked":"Shrug It Off","floor":10.0},{"not_picked":["Twin Strike","Armaments"],"picked":"Shockwave","floor":12.0},{"not_picked":["Searing Blow","Power Through"],"picked":"Fire Breathing","floor":13.0},{"not_picked":["Corruption","Carnage"],"picked":"Burning Pact","floor":14}],"player_experience":3315933,"relics_obtained":[{"floor":6.0,"key":"CeramicFish"},{"floor":8.0,"key":"Shuriken"},{"floor":9.0,"key":"Bag of Preparation"},{"floor":12.0,"key":"Tiny Chest"},{"floor":14,"key":"Boot"}],"event_choices":[{"cards_removed":["Spot Weakness"],"damage_healed":0.0,"max_hp_gain":0.0,"max_hp_loss":0.0,"gold_gain":0.0,"event_name":"WeMeetAgain","player_choice":"Gave Card","floor":3.0,"gold_loss":0.0,"damage_taken":0.0,"relics_obtained":["War Paint"]}],"is_beta":false,"boss_relics":[],"items_purged_floors":[],"is_endless":false,"potions_floor_spawned":[1,5,6,8,13,14],"killed_by":"Hexaghost","ascension_level":20}}