{"host":"b4asi0laiv85suj9","time":1609329712,"event":{"mods":["ATMod(°¢èªMod)","BaseMod","Minty Spire (QoL Compilation)","MostiFishMod","Relic Stats","StSLib","TestMod","noobMod"],"gold_per_floor":[119,131,131,149,169,224,239,265,311,69,69,19,59,75,75,166,166,187,211,236,251,65,96,96,132,132,170,220,220,220,620,620,713,713,729,760,442,775,785,785,812,854,854,854,869,945,387,401,401,426,426,426,98,156,156],"floor_reached":56,"playtime":2544,"items_purged":["Eruption","Strike_P","Defend_P","Strike_P","Decay"],"score":2663,"play_id":"c239d915-992c-46d3-93bc-eb6cc3d6f6d9","local_time":"20201230200152","is_ascension_mode":true,"campfire_choices":[{"data":"TalkToTheHand","floor":15.0,"key":"SMITH"},{"data":"AT_FamilyPortrait","floor":24.0,"key":"SMITH"},{"data":"WheelKick","floor":29.0,"key":"SMITH"},{"data":"Tantrum","floor":32.0,"key":"SMITH"},{"data":"Omniscience","floor":40.0,"key":"SMITH"},{"floor":49,"key":"RECALL"},{"data":"MostiFishMod:MusicBox","floor":52,"key":"SMITH"}],"circlet_count":0,"master_deck":["AscendersBane","Strike_P","Strike_P","Defend_P+1","Defend_P+1","Defend_P","Vigilance","AT_FamilyPortrait+1","BowlingBash","MentalFortress+1","PathToVictory","Indignation","InnerPeace","FlurryOfBlows","MostiFishMod:Pointsdynamics","Tantrum+1","TalkToTheHand+1","InnerPeace","DevaForm","WheelKick+1","EmptyMind+1","Establishment","FearNoEvil","Fasting2+1","Worship","TalkToTheHand+1","Omniscience+1","Crescendo+1","CutThroughFate","Wish","MostiFishMod:LegendTransform+1","LessonLearned","MostiFishMod:MusicBox+1","MostiFishMod:Adaptation","Ragnarok","MostiFishMod:Adaptation"],"relics":["DaveBox","ice","AT_ATBox","testmod-TimeTraveler","testmod-CardMagician","ShadowXiaoBlade","SynthV:TestCard","Question Card","White Beast Statue","Art of War","Membership Card","Singing Bowl","RhineSuit","AT_BladeRuinedKing","Potion Belt","Bag of Preparation","BionicSphere","HornCleat","testmod-IncinerationGenerator","DianDianMeat","Damaru","ChiLing","Chi","Ling","Ancient Tea Set","testmod-Nyarlathotep","Unceasing Top","TimeFreeze","testmod-Fortitude","testmod-LifeArmor","OrangePellets","Ice Cream","Anchor"],"acts_visited":["Exordium","TheCity","TheBeyond","TheEnding"],"potions_floor_usage":[55],"damage_taken":[{"damage":4.0,"enemies":"Jaw Worm","floor":1.0,"turns":2.0},{"damage":0.0,"enemies":"Small Slimes","floor":2.0,"turns":3.0},{"damage":0.0,"enemies":"2 Louse","floor":4.0,"turns":2.0},{"damage":15.0,"enemies":"Exordium Wildlife","floor":5.0,"turns":2.0},{"damage":2.0,"enemies":"3 Sentries","floor":6.0,"turns":5.0},{"damage":0.0,"enemies":"Large Slime","floor":7.0,"turns":2.0},{"damage":0.0,"enemies":"Lagavulin","floor":8.0,"turns":4.0},{"damage":15.0,"enemies":"3 Sentries","floor":13.0,"turns":4.0},{"damage":0.0,"enemies":"3 Louse","floor":14.0,"turns":2.0},{"damage":1.0,"enemies":"The Guardian","floor":16.0,"turns":4.0},{"damage":0.0,"enemies":"Chosen","floor":18.0,"turns":2.0},{"damage":0.0,"enemies":"Spheric Guardian","floor":19.0,"turns":2.0},{"damage":22.0,"enemies":"Centurion and Healer","floor":20.0,"turns":4.0},{"damage":11.0,"enemies":"Shelled Parasite and Fungi","floor":21.0,"turns":4.0},{"damage":13.0,"enemies":"Slavers","floor":23.0,"turns":5.0},{"damage":0.0,"enemies":"Gremlin Leader","floor":25.0,"turns":2.0},{"damage":10.0,"enemies":"Slavers","floor":27.0,"turns":5.0},{"damage":0.0,"enemies":"Champ","floor":33.0,"turns":4.0},{"damage":0.0,"enemies":"Orb Walker","floor":35.0,"turns":2.0},{"damage":0.0,"enemies":"Mind Bloom Boss Battle","floor":36.0,"turns":6.0},{"damage":1.0,"enemies":"3 Darklings","floor":39.0,"turns":2.0},{"damage":1.0,"enemies":"Nemesis","floor":41.0,"turns":3.0},{"damage":1,"enemies":"Sphere and 2 Shapes","floor":42,"turns":2},{"damage":1,"enemies":"Writhing Mass","floor":45,"turns":1},{"damage":24,"enemies":"Reptomancer","floor":46,"turns":3},{"damage":1,"enemies":"Spire Growth","floor":48,"turns":1},{"damage":29,"enemies":"Awakened One","floor":50,"turns":6},{"damage":12,"enemies":"Shield and Spear","floor":54,"turns":3},{"damage":4,"enemies":"The Heart","floor":55,"turns":5}],"seed_played":"1607566854208595851","potions_obtained":[{"floor":5.0,"key":"Block Potion"},{"floor":6.0,"key":"Weak Potion"},{"floor":14.0,"key":"PowerPotion"},{"floor":19.0,"key":"SkillPotion"},{"floor":23.0,"key":"Energy Potion"},{"floor":25.0,"key":"testmod-SpacePotion"},{"floor":27.0,"key":"DistilledChaos"},{"floor":33.0,"key":"DuplicationPotion"},{"floor":42,"key":"LiquidMemories"}],"is_trial":false,"path_per_floor":["M","M","?","M","M","E","M","E","T","$","?","$","E","M","R","B",null,"M","M","M","M","$","E","R","E","T","E","?","R","?","?","R","B",null,"M","?","$","?","M","R","E","M","T","?","M","E","$","M","R","B",null,"R","$","E","B",null],"character_chosen":"WATCHER","items_purchased":["Membership Card","Tantrum","AT_BladeRuinedKing","Fasting2","Damaru","ChiLing","Ancient Tea Set","LessonLearned","MostiFishMod:MusicBox","TimeFreeze","testmod-Fortitude","testmod-LifeArmor","OrangePellets","Ragnarok","Ice Cream"],"campfire_rested":0,"item_purchase_floors":[10,10,22,22,37,37,37,47,47,47,47,47,53,53,53],"current_hp_per_floor":[57,57,37,37,22,20,20,20,20,20,20,20,5,5,5,4,48,48,48,26,15,15,64,64,64,64,54,54,54,36,36,36,36,62,62,64,64,64,64,64,65,66,66,69,70,50,61,67,67,38,88,88,96,93,89],"gold":156,"neow_bonus":"BOSS_RELIC","is_daily":false,"chose_seed":false,"campfire_upgraded":6,"win_rate":0.0,"timestamp":1609329712,"path_taken":["M","M","?","M","M","E","M","E","T","$","?","$","E","M","R","BOSS","M","M","M","M","$","E","R","E","T","E","?","R","?","?","R","BOSS","M","?","$","?","M","R","E","M","T","?","M","E","$","?","R","BOSS","R","$","E","BOSS"],"items_purchased_type":["Relic","Card","Relic","Card","Relic","Relic","Relic","Card","Card","Relic","Relic","Relic","Relic","Card","Relic"],"build_version":"2020-12-22","purchased_purges":5,"victory":true,"max_hp_per_floor":[68,68,68,68,68,68,68,68,68,68,62,62,62,62,62,62,62,62,62,62,62,62,65,65,65,65,65,65,65,70,70,70,70,70,70,72,72,72,73,73,75,77,77,80,82,86,97,104,104,104,104,104,112,121,121],"relic_stats":{"OrangePellets":[2],"Singing Bowl":8,"counters":[29,92],"Art of War":[6],"Bag of Preparation":[26],"Question Card":23,"obtain_stats":[{"Ice Cream":53,"AT_ATBox":0,"DaveBox":0,"Singing Bowl":13,"Chi":37,"RhineSuit":17,"testmod-IncinerationGenerator":34,"testmod-LifeArmor":47,"ice":0,"Bag of Preparation":25,"testmod-Nyarlathotep":41,"Ancient Tea Set":37,"HornCleat":27,"Potion Belt":23,"DianDianMeat":36,"testmod-TestBox":0,"testmod-TimeTraveler":0,"Golden Idol":11,"Damaru":37,"testmod-CardMagician":0,"ShadowXiaoBlade":0,"AT_BladeRuinedKing":22,"Question Card":6,"TimeFreeze":47,"White Beast Statue":8,"testmod-Fortitude":47,"OrangePellets":53,"Ling":37,"Anchor":54,"SynthV:TestCard":1,"BionicSphere":26,"Art of War":9,"Membership Card":10,"PureWater":0,"Unceasing Top":46,"ChiLing":37},{"Ice Cream":27,"AT_ATBox":0,"DaveBox":0,"Singing Bowl":8,"Chi":20,"RhineSuit":10,"testmod-IncinerationGenerator":18,"testmod-LifeArmor":25,"ice":0,"Bag of Preparation":16,"testmod-Nyarlathotep":22,"Ancient Tea Set":20,"HornCleat":17,"Potion Belt":15,"DianDianMeat":20,"testmod-TestBox":0,"testmod-TimeTraveler":0,"Golden Idol":7,"Damaru":20,"testmod-CardMagician":0,"ShadowXiaoBlade":0,"AT_BladeRuinedKing":14,"Question Card":5,"TimeFreeze":25,"White Beast Statue":7,"testmod-Fortitude":25,"OrangePellets":27,"Ling":20,"Anchor":28,"SynthV:TestCard":1,"BionicSphere":16,"Art of War":7,"Membership Card":7,"PureWater":0,"Unceasing Top":25,"ChiLing":20},{"Ice Cream":84,"AT_ATBox":0,"DaveBox":0,"Singing Bowl":24,"Chi":66,"RhineSuit":30,"testmod-IncinerationGenerator":58,"testmod-LifeArmor":77,"ice":0,"Bag of Preparation":49,"testmod-Nyarlathotep":71,"Ancient Tea Set":66,"HornCleat":54,"Potion Belt":47,"DianDianMeat":66,"testmod-TestBox":0,"testmod-TimeTraveler":0,"Golden Idol":20,"Damaru":66,"testmod-CardMagician":0,"ShadowXiaoBlade":0,"AT_BladeRuinedKing":42,"Question Card":14,"TimeFreeze":77,"White Beast Statue":20,"testmod-Fortitude":77,"OrangePellets":84,"Ling":66,"Anchor":87,"SynthV:TestCard":2,"BionicSphere":49,"Art of War":20,"Membership Card":20,"PureWater":0,"Unceasing Top":77,"ChiLing":66}],"Unceasing Top":[1]},"card_choices":[{"not_picked":["FollowUp","MostiFishMod:Speedup"],"picked":"BowlingBash","floor":1.0},{"not_picked":["JustLucky","Sanctity","ClearTheMind","BowlingBash"],"picked":"MentalFortress","floor":2.0},{"not_picked":["Crescendo","Worship","Halt","WindmillStrike"],"picked":"PathToVictory","floor":4.0},{"not_picked":["MostiFishMod:ScryFuture","Consecrate","BowlingBash","EmptyFist"],"picked":"Indignation","floor":5.0},{"not_picked":["ClearTheMind","AT_RealFormLess","Indignation","CrushJoints"],"picked":"InnerPeace","floor":6.0},{"not_picked":["Protect","Vengeance","EmptyBody","Crescendo","CutThroughFate"],"picked":"FlurryOfBlows","floor":7.0},{"not_picked":["Worship","Prostrate","Halt","MostiFishMod:FlowState","SashWhip"],"picked":"MostiFishMod:Pointsdynamics","floor":8.0},{"not_picked":["PathToVictory","Crescendo","FollowUp","ThirdEye","BowlingBash"],"picked":"TalkToTheHand","floor":13.0},{"not_picked":["Meditate","SashWhip","FlurryOfBlows","EmptyFist","Wireheading"],"picked":"InnerPeace","floor":14.0},{"not_picked":["Wish","MostiFishMod:StarOceanP","Ragnarok","MostiFishMod:Unraveling","DeusExMachina"],"picked":"DevaForm","floor":16.0},{"not_picked":["Conclude+1","CrushJoints","EmptyBody","Prostrate","BattleHymn"],"picked":"WheelKick","floor":18.0},{"not_picked":["ThirdEye","MentalFortress","CarveReality","Conclude","MostiFishMod:Clarity"],"picked":"EmptyMind+1","floor":19.0},{"not_picked":["Crescendo","EmptyBody","PathToVictory+1","Prostrate","FlyingSleeves"],"picked":"Establishment","floor":20.0},{"not_picked":["Collect+1","SignatureMove","FlyingSleeves","FlurryOfBlows","PathToVictory+1"],"picked":"FearNoEvil","floor":21.0},{"not_picked":["BowlingBash","PathToVictory","EmptyFist","Wireheading","FlurryOfBlows+1","Halt"],"picked":"Singing Bowl","floor":23.0},{"not_picked":["EmptyBody","MostiFishMod:LegendTransform","Nirvana","Judgement","Perseverance"],"picked":"Worship","floor":25.0},{"not_picked":["Halt+1","Pray","Crescendo","FearNoEvil","BowlingBash"],"picked":"TalkToTheHand","floor":27.0},{"not_picked":["AT_ChampionKick","Devotion","MostiFishMod:Moonprays","SpiritShield","MostiFishMod:ScryFuture"],"picked":"Omniscience","floor":33.0},{"not_picked":["Tantrum+1","JustLucky","BowlingBash+1","FlurryOfBlows+1","PathToVictory"],"picked":"Crescendo+1","floor":35.0},{"not_picked":["JustLucky+1","Worship","ClearTheMind","CutThroughFate","FlurryOfBlows","FearNoEvil"],"picked":"Singing Bowl","floor":36.0},{"not_picked":["DeceiveReality","ThirdEye","EmptyFist","WreathOfFlame","Prostrate"],"picked":"CutThroughFate","floor":39.0},{"not_picked":["CrushJoints","LikeWater","Indignation","SignatureMove+1","EmptyBody+1"],"picked":"Wish","floor":41},{"not_picked":["BowlingBash","FollowUp+1","Crescendo","ReachHeaven","WheelKick","InnerPeace"],"picked":"Singing Bowl","floor":42},{"not_picked":["EmptyBody+1","BowlingBash","PathToVictory","ThirdEye","Halt","FlurryOfBlows"],"picked":"Singing Bowl","floor":45},{"not_picked":["AT_RealFormLess+1","PathToVictory","EmptyBody+1","Crescendo+1","Swivel"],"picked":"MostiFishMod:LegendTransform+1","floor":46},{"not_picked":["CarveReality","MostiFishMod:LegendTransform","CrushJoints+1","EmptyBody+1","JustLucky+1"],"picked":"MostiFishMod:Adaptation","floor":48},{"not_picked":["BowlingBash+1","CutThroughFate","MentalFortress","CrushJoints","Swivel"],"picked":"MostiFishMod:Adaptation","floor":54}],"player_experience":270227,"relics_obtained":[{"floor":1.0,"key":"SynthV:TestCard"},{"floor":6.0,"key":"Question Card"},{"floor":8.0,"key":"White Beast Statue"},{"floor":9.0,"key":"Art of War"},{"floor":13.0,"key":"Singing Bowl"},{"floor":23.0,"key":"Potion Belt"},{"floor":25.0,"key":"Bag of Preparation"},{"floor":26.0,"key":"BionicSphere"},{"floor":27.0,"key":"HornCleat"},{"floor":36.0,"key":"DianDianMeat"},{"floor":41,"key":"testmod-Nyarlathotep"},{"floor":46,"key":"Unceasing Top"},{"floor":54,"key":"Anchor"}],"event_choices":[{"damage_healed":0.0,"max_hp_gain":0.0,"max_hp_loss":0.0,"gold_gain":0.0,"event_name":"Shining Light","player_choice":"Entered Light","floor":3.0,"gold_loss":0.0,"damage_taken":20.0,"cards_upgraded":["MentalFortress","Defend_P"]},{"damage_healed":0.0,"max_hp_gain":0.0,"max_hp_loss":6.0,"gold_gain":0.0,"event_name":"Golden Idol","player_choice":"Lose Max HP","floor":11.0,"gold_loss":0.0,"damage_taken":0.0,"relics_obtained":["Golden Idol"]},{"damage_healed":0.0,"max_hp_gain":0.0,"max_hp_loss":0.0,"gold_gain":50.0,"event_name":"Nest","player_choice":"Stole From Cult","floor":28.0,"gold_loss":0.0,"damage_taken":0.0},{"damage_healed":0.0,"max_hp_gain":5.0,"max_hp_loss":0.0,"gold_gain":0.0,"event_name":"Forgotten Altar","player_choice":"Shed Blood","floor":30.0,"gold_loss":0.0,"damage_taken":23.0},{"damage_healed":0.0,"max_hp_gain":0.0,"max_hp_loss":0.0,"gold_gain":400.0,"event_name":"¶÷ÂåË¹µÄÅÌ×Ó","player_choice":"Sell","floor":31.0,"relics_lost":["testmod-TestBox"],"gold_loss":0.0,"damage_taken":0.0},{"damage_healed":0.0,"max_hp_gain":0.0,"max_hp_loss":0.0,"gold_gain":0.0,"event_name":"MindBloom","player_choice":"Fight","floor":36.0,"gold_loss":0.0,"damage_taken":0.0},{"damage_healed":0.0,"max_hp_gain":0.0,"max_hp_loss":0.0,"gold_gain":333.0,"event_name":"The Moai Head","player_choice":"Gave Idol","floor":38.0,"relics_lost":["Golden Idol"],"gold_loss":0.0,"damage_taken":0.0},{"damage_healed":0,"gold_gain":0,"player_choice":"Cursed","damage_taken":0,"max_hp_gain":0,"max_hp_loss":0,"event_name":"Wheel of Change","floor":44,"gold_loss":0,"cards_obtained":["Decay"]}],"is_beta":false,"boss_relics":[{"not_picked":["Fusion Hammer","Runic Dome"],"picked":"RhineSuit"},{"not_picked":["testmod-KeyOfTheVoid","testmod-BatchProcessingSystem"],"picked":"testmod-IncinerationGenerator"}],"items_purged_floors":[10,12,22,37,47],"is_endless":false,"potions_floor_spawned":[5,6,8,13,14,16,18,19,20,21,23,25,27,33,35,36,39,41,42,45,46,48,54],"ascension_level":19}}