{"host":"szp1d6dso4pv7ddl","time":1609358951,"event":{"mods":["AchievementEnabler","Alarm Clock","BaseMod","Bestiary","Block Reminder","Colored Map","Colored Powertips","Curses Come First","Displayed Cursed Tome","Highlight Path","Minty Spire (QoL Compilation)","Permanent Neow","Quick Restart","Relic Sorter","Relic Stats","StSLib","Synergy Search"],"gold_per_floor":[118,128,146,146,163,195,210,223,249,249,249,249,249,229,229,303,303,319,319,319],"floor_reached":19,"playtime":2100,"items_purged":[],"score":296,"play_id":"02bcfd09-9bbe-4504-a740-ec6dae762e8b","local_time":"20201230120911","is_ascension_mode":true,"campfire_choices":[{"floor":13.0,"key":"REST"},{"floor":15.0,"key":"REST"}],"circlet_count":0,"master_deck":["AscendersBane","Strike_G","Strike_G","Strike_G","Defend_G","Defend_G","Defend_G","Survivor","Neutralize","Envenom+1","A Thousand Cuts+1","Dagger Throw+1","Deflect","Slice","Prepared","Prepared","Parasite","Burst","Blade Dance"],"relics":["Astrolabe","Ornamental Fan","Anchor","Juzu Bracelet","HoveringKite"],"acts_visited":["Exordium","TheCity"],"potions_floor_usage":[],"damage_taken":[{"damage":3.0,"enemies":"Cultist","floor":1.0,"turns":4.0},{"damage":7.0,"enemies":"2 Louse","floor":2.0,"turns":2.0},{"damage":11.0,"enemies":"Small Slimes","floor":3.0,"turns":4.0},{"damage":15.0,"enemies":"2 Fungi Beasts","floor":5.0,"turns":4.0},{"damage":15.0,"enemies":"3 Sentries","floor":6.0,"turns":5.0},{"damage":0.0,"enemies":"Exordium Thugs","floor":7.0,"turns":3.0},{"damage":4.0,"enemies":"Red Slaver","floor":8.0,"turns":3.0},{"damage":33.0,"enemies":"Slime Boss","floor":16.0,"turns":10.0},{"damage":42.0,"enemies":"Chosen","floor":18.0,"turns":8.0},{"damage":23,"enemies":"Spheric Guardian","floor":19,"turns":3}],"seed_played":"-1834318306583979066","potions_obtained":[{"floor":1.0,"key":"Fire Potion"},{"floor":6.0,"key":"SmokeBomb"},{"floor":14.0,"key":"Fire Potion"},{"floor":18.0,"key":"Fire Potion"}],"is_trial":false,"path_per_floor":["M","M","M","$","M","E","M","M","T","?","?","?","R","?","R","B",null,"M","M"],"character_chosen":"THE_SILENT","items_purchased":[],"campfire_rested":2,"item_purchase_floors":[],"current_hp_per_floor":[56,49,38,38,23,8,8,4,4,4,20,20,39,39,58,25,56,14,0,0],"gold":319,"neow_bonus":"BOSS_RELIC","is_daily":false,"chose_seed":false,"campfire_upgraded":0,"win_rate":0.0,"timestamp":1609358951,"path_taken":["M","M","?","$","M","E","M","M","T","?","?","?","R","?","R","BOSS","M","M"],"items_purchased_type":[],"build_version":"2020-12-22","purchased_purges":0,"victory":false,"max_hp_per_floor":[66,66,66,66,66,66,66,66,66,66,66,66,66,66,66,66,66,66,66,66],"relic_stats":{"counters":[10,46],"Ornamental Fan":[16],"Astrolabe":["Envenom","A Thousand Cuts","Dagger Throw"],"HoveringKite":[6],"Juzu Bracelet":1,"obtain_stats":[{"Anchor":6,"Ornamental Fan":12,"Astrolabe":0,"HoveringKite":17,"Juzu Bracelet":9,"Ring of the Snake":0},{"Anchor":5,"Ornamental Fan":7,"Astrolabe":0,"HoveringKite":8,"Juzu Bracelet":7,"Ring of the Snake":0},{"Anchor":19,"Ornamental Fan":25,"Astrolabe":0,"HoveringKite":35,"Juzu Bracelet":25,"Ring of the Snake":0}]},"card_choices":[{"not_picked":["Underhanded Strike","Blur"],"picked":"Outmaneuver","floor":1.0},{"not_picked":["Caltrops","Bane"],"picked":"Deflect","floor":2.0},{"not_picked":["Well Laid Plans","Dagger Throw","Dodge and Roll"],"picked":"SKIP","floor":3.0},{"not_picked":["Choke","Reflex"],"picked":"Slice","floor":5.0},{"not_picked":["Endless Agony","Tools of the Trade","Accuracy"],"picked":"SKIP","floor":6.0},{"not_picked":["Deadly Poison","Sucker Punch"],"picked":"Prepared","floor":7.0},{"not_picked":["Distraction","Dodge and Roll","Footwork"],"picked":"SKIP","floor":8.0},{"not_picked":["Glass Knife","Bullet Time"],"picked":"Burst","floor":16.0},{"not_picked":["Setup","Backflip"],"picked":"Blade Dance","floor":18.0}],"player_experience":1074445,"relics_obtained":[{"floor":6.0,"key":"Anchor"},{"floor":9.0,"key":"Juzu Bracelet"}],"event_choices":[{"damage_healed":0.0,"max_hp_gain":0.0,"max_hp_loss":0.0,"gold_gain":0.0,"cards_transformed":["Strike_G"],"event_name":"Living Wall","player_choice":"Change","floor":10.0,"gold_loss":0.0,"damage_taken":0.0,"cards_obtained":["Prepared"]},{"damage_healed":16.0,"max_hp_gain":0.0,"max_hp_loss":0.0,"gold_gain":0.0,"event_name":"Mushrooms","player_choice":"Healed and dodged fight","floor":11.0,"gold_loss":0.0,"damage_taken":0.0,"cards_obtained":["Parasite"]},{"cards_removed":["Outmaneuver"],"damage_healed":0.0,"max_hp_gain":0.0,"max_hp_loss":0.0,"gold_gain":0.0,"event_name":"WeMeetAgain","player_choice":"Gave Card","floor":12.0,"gold_loss":0.0,"damage_taken":0.0,"relics_obtained":["Ornamental Fan"]},{"damage_healed":0.0,"max_hp_gain":0.0,"max_hp_loss":0.0,"gold_gain":0.0,"event_name":"The Woman in Blue","player_choice":"Bought 1 Potion","floor":14.0,"gold_loss":0.0,"damage_taken":0.0}],"is_beta":false,"boss_relics":[{"not_picked":["Fusion Hammer","Busted Crown"],"picked":"HoveringKite"}],"items_purged_floors":[],"is_endless":false,"potions_floor_spawned":[1,6,7,18],"killed_by":"Spheric Guardian","ascension_level":15}}