{"host":"Sumable","time":1609360302,"event":{"mods":["AchievementEnabler","BaseMod","Better Note","BetterRewards","Googly Eyes","Hermit","Minty Spire (QoL Compilation)","Quick Restart","Shop Mod","StSLib","The Cursed","everything is the same but u backflip on backflip","slay the spire mod where everything is the same but ironclad has a cowboy hat"],"gold_per_floor":[118,118,25,25,45,73,86,15,15,15,15,15,35,69,69,164,164,181,193,193,205,59,59,74,74,74,89,89,20,31,47,47,47,47],"floor_reached":33,"playtime":1389,"items_purged":[],"score":324,"play_id":"69bca316-5f38-4aa8-a54d-d19510d93c30","local_time":"20201230133142","is_ascension_mode":true,"campfire_choices":[{"data":"hermit:Brawl","floor":10,"key":"SMITH"},{"data":"hermit:Horror","floor":12,"key":"SMITH"},{"floor":15,"key":"REST"},{"floor":23,"key":"REST"},{"floor":28,"key":"REST"},{"floor":32,"key":"REST"}],"circlet_count":0,"master_deck":["hermit:Strike_Hermit","hermit:Strike_Hermit","hermit:Strike_Hermit","hermit:Strike_Hermit","hermit:Defend_Hermit","hermit:Defend_Hermit","hermit:Defend_Hermit","hermit:Defend_Hermit","hermit:Snapshot","hermit:Covet","hermit:Coalescence","hermit:Coalescence","hermit:BigShot","hermit:Feint","hermit:Quickdraw","hermit:Horror+1","hermit:Brawl+1","hermit:Enervate","hermit:Headshot","hermit:FatalDesire","hermit:WideOpen+1","hermit:Determination","hermit:LowProfile","hermit:Deadeye","Shame","Decay","hermit:TrackingShot+1","hermit:Brawl","hermit:Shortfuse"],"relics":["hermit:Momento","NeowsBlessing","InkBottle","CaptainsWheel","Gremlin Horn","Bag of Preparation","Girya","Cursed Key","Tiny Chest","Juzu Bracelet","Blue Candle"],"acts_visited":["Exordium","TheCity"],"potions_floor_usage":[2,2,13,14,21,27,27,33],"damage_taken":[{"damage":0,"enemies":"Small Slimes","floor":1,"turns":1},{"damage":0,"enemies":"Cultist","floor":5,"turns":1},{"damage":0,"enemies":"Gremlin Nob","floor":6,"turns":1},{"damage":0,"enemies":"Jaw Worm","floor":7,"turns":4},{"damage":0,"enemies":"Large Slime","floor":13,"turns":4},{"damage":44,"enemies":"Lagavulin","floor":14,"turns":6},{"damage":33,"enemies":"Hexaghost","floor":16,"turns":7},{"damage":4,"enemies":"Spheric Guardian","floor":18,"turns":5},{"damage":25,"enemies":"2 Thieves","floor":19,"turns":3},{"damage":24,"enemies":"Shelled Parasite and Fungi","floor":21,"turns":4},{"damage":3,"enemies":"Snake Plant","floor":24,"turns":4},{"damage":2,"enemies":"3 Cultists","floor":27,"turns":4},{"damage":41,"enemies":"Shelled Parasite and Fungi","floor":30,"turns":3},{"damage":26,"enemies":"Sentry and Sphere","floor":31,"turns":6},{"damage":62,"enemies":"Automaton","floor":33,"turns":6}],"seed_played":"6354012546495333830","potions_obtained":[{"floor":1,"key":"AttackPotion"},{"floor":2,"key":"hermit:Eclipse"},{"floor":2,"key":"Fruit Juice"},{"floor":2,"key":"Fruit Juice"},{"floor":5,"key":"SneckoOil"},{"floor":14,"key":"SpeedPotion"},{"floor":16,"key":"FearPotion"},{"floor":18,"key":"GamblersBrew"},{"floor":19,"key":"DuplicationPotion"},{"floor":21,"key":"DuplicationPotion"}],"is_trial":false,"path_per_floor":["M","?","$","T","M","E","M","$","T","R","?","R","M","E","R","B",null,"M","M","?","M","$","R","M","?","T","M","R","$","M","M","R","B"],"character_chosen":"HERMIT","items_purchased":["hermit:Coalescence","hermit:BigShot","hermit:Brawl","Juzu Bracelet","hermit:Brawl"],"campfire_rested":4,"item_purchase_floors":[3,3,8,22,29],"current_hp_per_floor":[75,85,85,85,85,85,85,85,85,85,85,85,85,41,66,33,85,81,56,56,32,32,57,54,54,54,52,77,77,36,10,35,0,0],"gold":47,"neow_bonus":"THREE_ENEMY_KILL","is_daily":false,"chose_seed":false,"campfire_upgraded":2,"win_rate":0.0,"timestamp":1609360302,"path_taken":["M","?","?","?","M","E","M","$","T","R","?","R","M","E","R","BOSS","M","?","?","M","$","R","M","?","T","M","R","$","M","M","R","BOSS"],"items_purchased_type":["Card","Card","Card","Relic","Card"],"build_version":"2020-12-18","purchased_purges":0,"victory":false,"max_hp_per_floor":[75,85,85,85,85,85,85,85,85,85,85,85,85,85,85,85,85,85,85,85,85,85,85,85,85,85,85,85,85,85,85,85,85,85],"card_choices":[{"not_picked":["hermit:PistolWhip","hermit:TrackingShot"],"picked":"hermit:Coalescence","floor":1},{"not_picked":["hermit:LoneWolf","hermit:DeadMansHand"],"picked":"hermit:Feint","floor":5},{"not_picked":["hermit:BodyArmor","hermit:OverwhelmingPower"],"picked":"hermit:Quickdraw","floor":6},{"not_picked":["hermit:Roulette","hermit:Determination"],"picked":"hermit:Horror","floor":7},{"not_picked":["hermit:HighCaliber","hermit:WideOpen"],"picked":"hermit:Enervate","floor":13},{"not_picked":["hermit:WideOpen","hermit:CursedWeapon"],"picked":"hermit:Headshot","floor":14},{"not_picked":["hermit:FinalCanter","hermit:Gambit"],"picked":"hermit:FatalDesire","floor":16},{"not_picked":["hermit:Ricochet","hermit:Desperado"],"picked":"hermit:WideOpen+1","floor":18},{"not_picked":["hermit:Grudge","hermit:Coalescence+1"],"picked":"hermit:Determination","floor":19},{"not_picked":["hermit:Enervate","hermit:Horror"],"picked":"hermit:LowProfile","floor":21},{"not_picked":["hermit:GoldenBullet+1","hermit:TrackingShot+1"],"picked":"hermit:Deadeye","floor":24},{"not_picked":["hermit:ItchyTrigger","hermit:WideOpen"],"picked":"hermit:TrackingShot+1","floor":27},{"not_picked":["hermit:Feint","hermit:Cheat+1","hermit:HighCaliber+1"],"picked":"SKIP","floor":30},{"not_picked":["hermit:Roulette","hermit:HighCaliber+1"],"picked":"hermit:Shortfuse","floor":31}],"player_experience":1014406,"relics_obtained":[{"floor":4,"key":"InkBottle"},{"floor":6,"key":"CaptainsWheel"},{"floor":9,"key":"Gremlin Horn"},{"floor":14,"key":"Girya"}],"event_choices":[{"damage_healed":0,"gold_gain":0,"player_choice":"Got Potions","damage_taken":0,"max_hp_gain":0,"max_hp_loss":0,"event_name":"Lab","floor":2,"gold_loss":0},{"damage_healed":0,"gold_gain":0,"player_choice":"Gave Potion","damage_taken":0,"relics_obtained":["Bag of Preparation"],"max_hp_gain":0,"max_hp_loss":0,"event_name":"WeMeetAgain","floor":11,"gold_loss":0},{"damage_healed":0,"gold_gain":0,"player_choice":"Opened","damage_taken":0,"relics_obtained":["Tiny Chest"],"max_hp_gain":0,"max_hp_loss":0,"event_name":"The Mausoleum","floor":20,"gold_loss":0},{"damage_healed":0,"gold_gain":0,"player_choice":"Stole Relic","damage_taken":0,"relics_obtained":["Blue Candle"],"max_hp_gain":0,"max_hp_loss":0,"event_name":"Addict","floor":25,"gold_loss":0,"cards_obtained":["Shame"]}],"is_beta":true,"boss_relics":[{"not_picked":["Busted Crown","Runic Pyramid"],"picked":"Cursed Key"}],"items_purged_floors":[],"is_endless":false,"potions_floor_spawned":[1,5,7,14,16,18,19,21],"killed_by":"Automaton","ascension_level":3}}