{"host":"hhqi7w94rsi31r70","time":1609316642,"event":{"mods":["Act Like it!","BaseMod","Colored Map","GifTheSpireLib","Hallownest","Highlight Path","Minty Spire (QoL Compilation)","Robot Space Explorer","Shade Mod","StSLib","The Hierophant","The Saiyan","The Servant 0.9.4","[地精首领爬塔]The Maniac"],"gold_per_floor":[111,127,139,139,12,12,12,32,32,51,73,73,73,87,87,192,192,206,206,216,226,237,237,254,254,254,254,254,254,273,97,97,200,200,217,0,0,0,15,15,46,46,73,83,83,83,103,113,113,113],"floor_reached":51,"playtime":2191,"items_purged":["Defend_S","Strike_S"],"score":908,"play_id":"7aa5a504-240d-48bf-9620-1158a33a5492","local_time":"20201230162402","is_ascension_mode":true,"campfire_choices":[{"data":"KidneyShot","floor":6,"key":"SMITH"},{"data":"Starlight","floor":13,"key":"SMITH"},{"data":"FastForward","floor":15,"key":"SMITH"},{"data":"Sunlight","floor":23,"key":"SMITH"},{"data":"SilverBlades","floor":25,"key":"SMITH"},{"data":"Defy","floor":27,"key":"SMITH"},{"data":"Orbit","floor":32,"key":"SMITH"},{"data":"TheWorld","floor":40,"key":"SMITH"},{"data":"Madness","floor":42,"key":"SMITH"},{"data":"TheWorld","floor":49,"key":"SMITH"}],"circlet_count":0,"master_deck":["KidneyShot+1","Exchange","ShatteredReality","ShiftingGears","Contraction","BottledTime","Starlight+1","BottledTime","FastForward+1","Sunlight+1","Rearm","SilverBlades+1","InstantArmor+1","Defy+1","InstantArmor+1","Orbit+1","TheWorld+1","SilverBlades","TheWorld+1","Rearm","Rearm","Starlight","Madness","Madness+1","Exchange","BottledTime+1","InstantArmor+1","SilverBlades"],"relics":["SplendidAttire","Vajra","Letter Opener","Odd Mushroom","Mercury Hourglass","PaperSwan","Pandora\u0027s Box","Red Mask","Peace Pipe","Blood Vial"],"acts_visited":["Exordium","TheCity","TheBeyond"],"potions_floor_usage":[11,16,21,21,50,50],"damage_taken":[{"damage":4,"enemies":"Jaw Worm","floor":1,"turns":4},{"damage":0,"enemies":"2 Louse","floor":2,"turns":2},{"damage":0,"enemies":"Cultist","floor":3,"turns":3},{"damage":0,"enemies":"Large Slime","floor":8,"turns":5},{"damage":5,"enemies":"Red Slaver","floor":10,"turns":2},{"damage":9,"enemies":"The Mushroom Lair","floor":11,"turns":3},{"damage":0,"enemies":"Blue Slaver","floor":14,"turns":2},{"damage":14,"enemies":"Slime Boss","floor":16,"turns":11},{"damage":0,"enemies":"3 Byrds","floor":18,"turns":3},{"damage":3,"enemies":"Shell Parasite","floor":20,"turns":5},{"damage":9,"enemies":"Centurion and Healer","floor":21,"turns":5},{"damage":4,"enemies":"Snake Plant","floor":22,"turns":3},{"damage":0,"enemies":"Sentry and Sphere","floor":24,"turns":4},{"damage":0,"enemies":"Cultist and Chosen","floor":30,"turns":4},{"damage":0,"enemies":"Champ","floor":33,"turns":6},{"damage":0,"enemies":"Orb Walker","floor":35,"turns":2},{"damage":24,"enemies":"3 Shapes","floor":39,"turns":1},{"damage":0,"enemies":"Reptomancer","floor":41,"turns":3},{"damage":0,"enemies":"3 Darklings","floor":44,"turns":2},{"damage":0,"enemies":"Spire Growth","floor":47,"turns":3},{"damage":0,"enemies":"Jaw Worm Horde","floor":48,"turns":1},{"damage":5,"enemies":"Awakened One","floor":50,"turns":5}],"seed_played":"-504487707363582819","potions_obtained":[{"floor":2,"key":"Weak Potion"},{"floor":3,"key":"LiquidBronze"},{"floor":10,"key":"FearPotion"},{"floor":20,"key":"EssenceOfSteel"},{"floor":22,"key":"FairyPotion"},{"floor":35,"key":"ColorlessPotion"},{"floor":48,"key":"PowerPotion"}],"is_trial":false,"path_per_floor":["M","M","M","?","$","R","$","M","T","M","?","?","R","M","R","B",null,"M","?","M","M","M","R","M","R","T","R","?","T","M","$","R","B",null,"M","?","?","?","M","R","E","R","T","M","$","$","M","M","R","B",null],"character_chosen":"THE_SERVANT","items_purchased":["BottledTime","Orbit"],"campfire_rested":0,"item_purchase_floors":[5,31],"current_hp_per_floor":[61,61,61,54,54,54,54,54,54,49,40,75,75,75,75,61,75,75,75,72,63,59,59,59,59,59,59,59,59,59,59,59,59,75,75,75,66,66,42,42,42,42,42,44,44,44,46,48,48,45],"gold":113,"neow_bonus":"RANDOM_COMMON_RELIC","is_daily":false,"chose_seed":false,"campfire_upgraded":10,"win_rate":0.0,"timestamp":1609316642,"path_taken":["M","M","M","?","$","R","$","M","T","M","?","?","R","?","R","BOSS","M","?","M","M","?","R","M","R","T","R","?","?","M","$","R","BOSS","M","?","?","?","?","R","E","R","T","?","?","$","M","?","R","BOSS"],"items_purchased_type":["Card","Card"],"build_version":"2020-12-22","purchased_purges":2,"victory":true,"max_hp_per_floor":[65,65,65,65,65,65,65,65,65,65,65,75,75,75,75,75,75,75,75,75,75,75,75,75,75,75,75,75,75,75,75,75,75,75,75,75,75,75,75,75,75,75,75,75,75,75,75,75,75,75],"card_choices":[{"not_picked":["Revamp","DancingSilver"],"picked":"ShatteredReality","floor":1},{"not_picked":["SurpressingFire","Unruled"],"picked":"ShiftingGears","floor":2},{"not_picked":["ShatteredReality","RealityMarble"],"picked":"Contraction","floor":3},{"not_picked":["Spin","Defy"],"picked":"Starlight","floor":8},{"not_picked":["ShatteredReality","DoubleEdge"],"picked":"BottledTime","floor":10},{"not_picked":["Defy","Ricochet"],"picked":"KillingDoll","floor":11},{"not_picked":["Hightail","MoonPhase"],"picked":"FastForward","floor":14},{"not_picked":["PendulumOfEternity","LightFlow"],"picked":"Sunlight","floor":16},{"not_picked":["Rewind","ShatteredReality"],"picked":"Rearm","floor":18},{"not_picked":["Replace","Revamp"],"picked":"SilverBlades","floor":20},{"not_picked":["Replace","DancingSilver"],"picked":"InstantArmor+1","floor":21},{"not_picked":["Starlight","DualDimension"],"picked":"Defy","floor":22},{"not_picked":["Defy","Revamp"],"picked":"InstantArmor+1","floor":24},{"not_picked":["Manipulate","Rearm+1","FastForward+1"],"picked":"SKIP","floor":30},{"not_picked":["Sunlight","PendulumOfEternity"],"picked":"TheWorld","floor":33},{"not_picked":["BestPractice","MoonPhase+1"],"picked":"Starlight","floor":35},{"not_picked":["Replace","Starlight"],"picked":"BottledTime+1","floor":39},{"not_picked":["Ricochet","Manipulate+1","FastForward+1"],"picked":"SKIP","floor":41},{"not_picked":["Duplication","Sabotage+1"],"picked":"InstantArmor+1","floor":44},{"not_picked":["Revamp+1","Rewind","BottledTime"],"picked":"SKIP","floor":47},{"not_picked":["Revamp+1","Potential+1"],"picked":"SilverBlades","floor":48}],"player_experience":510987,"relics_obtained":[{"floor":9,"key":"Letter Opener"},{"floor":11,"key":"Odd Mushroom"},{"floor":26,"key":"Mercury Hourglass"},{"floor":29,"key":"PaperSwan"},{"floor":41,"key":"Peace Pipe"},{"floor":43,"key":"Blood Vial"}],"event_choices":[{"cards_removed":["Strike_S"],"damage_healed":0,"gold_gain":0,"player_choice":"Card Removal","damage_taken":7,"max_hp_gain":0,"max_hp_loss":0,"event_name":"Golden Wing","floor":4,"gold_loss":0},{"damage_healed":0,"gold_gain":0,"player_choice":"Fought Mushrooms","damage_taken":0,"max_hp_gain":0,"max_hp_loss":0,"event_name":"Mushrooms","floor":11,"gold_loss":0},{"cards_removed":["KillingDoll"],"damage_healed":25,"gold_gain":0,"player_choice":"Offered Rare","damage_taken":0,"max_hp_gain":10,"max_hp_loss":0,"event_name":"Bonfire Elementals","floor":12,"gold_loss":0},{"cards_removed":["Strike_S"],"damage_healed":0,"gold_gain":0,"player_choice":"Purged","damage_taken":0,"max_hp_gain":0,"max_hp_loss":0,"event_name":"Purifier","floor":19,"gold_loss":0},{"damage_healed":0,"gold_gain":0,"player_choice":"Ignored","damage_taken":0,"max_hp_gain":0,"max_hp_loss":0,"event_name":"Vampires","floor":28,"gold_loss":0},{"damage_healed":0,"gold_gain":0,"player_choice":"Paid","damage_taken":0,"relics_obtained":["Red Mask"],"max_hp_gain":0,"max_hp_loss":0,"event_name":"Tomb of Lord Red Mask","floor":36,"gold_loss":217},{"damage_healed":0,"gold_gain":0,"player_choice":"Embrace Madness","damage_taken":9,"max_hp_gain":0,"max_hp_loss":0,"event_name":"Winding Halls","floor":37,"gold_loss":0,"cards_obtained":["Madness","Madness"]},{"damage_healed":0,"gold_gain":0,"player_choice":"Copied","damage_taken":0,"max_hp_gain":0,"max_hp_loss":0,"event_name":"Duplicator","floor":38,"gold_loss":0,"cards_obtained":["Exchange"]}],"is_beta":false,"boss_relics":[{"not_picked":["StoneMask","Runic Pyramid"],"picked":"SplendidAttire"},{"not_picked":["Calling Bell","Sozu"],"picked":"Pandora\u0027s Box"}],"items_purged_floors":[5,31],"is_endless":false,"potions_floor_spawned":[2,3,10,20,22,35,48],"ascension_level":4}}