{"host":"ymw71f7rc9ndansy","time":1609317447,"event":{"mods":["ATMod(°¢èªMod)","Act Like it!","Arknights The Spire","Aspiration","BaseMod","DeckTracker","Hubris","Library of Ruina","Library of Ruina Extra","Lobotomy","LobotomyExtend","Minty Spire (QoL Compilation)","MostiFishMod","Remove Card Discount Mod","Replay The Spire","StSLib","TestMod","¡¾ÒÅÎï¿¨ÅÆ¡¿REMEMod"],"gold_per_floor":[117,127,55,72,72,107,50,66,114,114,114,148,148,148,1147,1250,1250,1269,1284,1294,1311,1325,1351,1351,1364,1412,1431,1431,1441,782,794,794,891,891,911,609,629,675,704,704,704,704],"floor_reached":41,"playtime":1724,"items_purged":["ats:Mental Burst","Replay:Hysterical Blindness","ats:Composite Medical Shells","ats:Thermite Blade","ats:Red Shift","ats:Armor Crushing Shot","AT_FamilyPortrait","MostiFishMod:TheEndOfMoonlight","ats:Healing Drone","ats:Shell Defense","ats:Dogmatic Field","MostiFishMod:Neptune"],"score":477,"play_id":"7262f4c4-07e9-4b4f-8c2c-370f68c0d827","local_time":"20201230163727","is_ascension_mode":false,"campfire_choices":[{"floor":10.0,"key":"RECALL"},{"floor":32,"key":"REST"},{"floor":40,"key":"REST"}],"circlet_count":0,"master_deck":["ats:Emotion Absorption","Apotheosis+1","ats:Disruption Kick","ats:Chain Hook","ats:Composite Medical Shells","ats:Apocalypse","ats:Soul Absorption","ats:Apocalypse","ats:Assault Order","MostiFishMod:Mania","MostiFishMod:SparklingWater","MostiFishMod:FantasySummer","MostiFishMod:NightSea","ats:Wolf Pack","Evolve","ats:Red Shift","testmod-FightingIntention","Finesse","Berserk"],"relics":["testmod-TestBox","DaveBox","REME_ComplimentaryCards","AT_ATBox","testmod-ChristmasGift","Fusion Hammer","SynthV:TestCard","hubris:DisguiseKit","ats:Originium","Ancient Tea Set","hubris:Metronome","hubris:Towel","MoonlightInvasionPlan","AT_BladeRuinedKing","Replay:Mystery Machine","Replay:WaspNest","SynthV","AT_TimeSand","Philosopher\u0027s Stone","AT_BellDemon","ats:Cure","Incense Burner","Replay:Towering Pillar of Hats","REME_LimitBreaker"],"acts_visited":["Exordium","TheCity","TheBeyond"],"potions_floor_usage":[29,29,38,38,38,38,38,38,38],"damage_taken":[{"damage":2.0,"enemies":"2 Louse","floor":1.0,"turns":2.0},{"damage":0.0,"enemies":"Jaw Worm","floor":2.0,"turns":2.0},{"damage":7.0,"enemies":"Cultist","floor":4.0,"turns":4.0},{"damage":14.0,"enemies":"Gremlin Nob","floor":6.0,"turns":3.0},{"damage":28.0,"enemies":"3 Louse","floor":8.0,"turns":3.0},{"damage":0.0,"enemies":"Lagavulin","floor":12.0,"turns":5.0},{"damage":53.0,"enemies":"Hexaghost","floor":16.0,"turns":6.0},{"damage":25.0,"enemies":"2 Thieves","floor":18.0,"turns":4.0},{"damage":0.0,"enemies":"Spheric Guardian","floor":19.0,"turns":2.0},{"damage":5.0,"enemies":"Shelled Parasite and Fungi","floor":20.0,"turns":3.0},{"damage":35.0,"enemies":"Centurion and Healer","floor":21.0,"turns":7.0},{"damage":17.0,"enemies":"3 Cultists","floor":22.0,"turns":5.0},{"damage":7.0,"enemies":"Slavers","floor":23.0,"turns":5.0},{"damage":5.0,"enemies":"Chosen and Byrds","floor":25.0,"turns":5.0},{"damage":0.0,"enemies":"Snecko","floor":27.0,"turns":3.0},{"damage":13,"enemies":"Centurion and Healer","floor":29,"turns":4},{"damage":0,"enemies":"3 Cultists","floor":31,"turns":3},{"damage":17,"enemies":"Champ","floor":33,"turns":5},{"damage":10,"enemies":"3 Darklings","floor":35,"turns":3},{"damage":41,"enemies":"3 Shapes","floor":37,"turns":3},{"damage":6,"enemies":"Transient","floor":38,"turns":8}],"seed_played":"-100748947269539785","potions_obtained":[{"floor":2.0,"key":"testmod-SpacePotion"},{"floor":4.0,"key":"Dexterity Potion"},{"floor":20.0,"key":"PowerPotion"},{"floor":21.0,"key":"GamblersBrew"},{"floor":33,"key":"ats:Emergency Sanity Potion"},{"floor":37,"key":"REME_GoldPotion"}],"is_trial":false,"path_per_floor":["M","M","$","M","?","E","$","M","T","R","$","E","?","?","R","B",null,"M","M","M","M","M","E","?","M","T","M","?","M","$","M","R","B",null,"M","$","M","M","?","R","T"],"character_chosen":"DOCTOR_CLASS","items_purchased":["ats:Composite Medical Shells","ats:Apocalypse","testmod-FightingIntention","SynthV","Finesse","AT_TimeSand","AT_BellDemon","ats:Cure"],"campfire_rested":2,"item_purchase_floors":[3,7,30,30,30,30,36,36],"current_hp_per_floor":[71,72,72,72,72,67,67,54,54,54,54,72,72,72,72,72,72,72,72,72,70,65,72,72,72,72,72,72,72,72,72,72,72,72,68,68,36,72,54,72,72,72],"gold":704,"neow_bonus":"BOSS_RELIC","is_daily":false,"chose_seed":false,"campfire_upgraded":0,"win_rate":0.0,"timestamp":1609317447,"path_taken":["M","M","$","M","?","E","$","M","T","R","$","E","?","?","R","BOSS","M","M","M","M","M","E","?","M","T","M","?","M","$","?","R","BOSS","M","$","?","M","?","R","?"],"items_purchased_type":["Card","Card","Card","Relic","Card","Relic","Relic","Relic"],"build_version":"2020-12-22","purchased_purges":12,"victory":false,"max_hp_per_floor":[72,72,72,72,72,72,72,72,72,72,72,72,72,72,72,72,72,72,72,72,72,72,72,72,72,72,72,72,72,72,72,72,72,72,72,72,72,72,72,72,72,72],"card_choices":[{"not_picked":["ats:Assault Order","ats:Flexible Camouflage","ats:Poison Spread"],"picked":"SKIP","floor":1.0},{"not_picked":["ats:Sword Rain","ats:Beaten Up","ats:Apocalypse","ats:Hammer On"],"picked":"ats:Composite Medical Shells","floor":2.0},{"not_picked":["ats:Cat Scratch","ats:Guardian Obelisk","ats:Very Hot Blade","ats:Burning Ground"],"picked":"ats:Apocalypse","floor":4.0},{"not_picked":["ats:Powerful Strike","ats:Assault Order","ats:Childhood Dance","ats:Cat Scratch","MostiFishMod:WingOfPhoenix"],"picked":"ats:Soul Absorption","floor":6.0},{"not_picked":["ats:Blood Oath","ats:Overload","ats:Sword Rain","ats:Chain Hook","MostiFishMod:Mania"],"picked":"ats:Assault Order","floor":8.0},{"not_picked":["ats:Automatic Cover","ats:Defend Order","ats:Apocalypse","ats:Mental Burst","ats:True Silver Slash","ReplayTheSpireMod:Strike From Hell"],"picked":"SKIP","floor":12.0},{"not_picked":["ats:Disruption Kick","ats:Roar Of Ursus","ats:Fractured Body","ats:Soul Rend","ats:True Silver Slash"],"picked":"MostiFishMod:Mania","floor":16.0},{"not_picked":["ats:Neurotoxin+1","ats:Flexible Camouflage","ats:Cat Scratch","ats:Song Of Battle","Perfected Strike"],"picked":"ats:Wolf Pack","floor":18.0},{"not_picked":["ats:Neurotoxin+1","ats:Cat Scratch","ats:Song Of Battle","ats:Thorns","ats:Durian","Anger"],"picked":"SKIP","floor":19.0},{"not_picked":["ats:Charging Defense+1","ats:Flexible Camouflage","ats:Cat Scratch","ats:Revitalization+1","ats:Hammer On","Flex"],"picked":"SKIP","floor":20.0},{"not_picked":["ats:Sword Rain","ats:Collapsing Strike","ats:Support Order","ats:Explosion Area Strengthen","ats:Chain Hook","Iron Wave"],"picked":"SKIP","floor":21.0},{"not_picked":["ats:Flame Of Heaven+1","ats:Revitalization","ats:Curse Doll","ats:Burning Ground+1","ats:Automatic Cover"],"picked":"Evolve","floor":22.0},{"not_picked":["ats:Flame Of Heaven+1","ats:Beaten Up+1","ats:Poison Spread+1","ats:Shadow Raid","ats:Ambush","REME_Cut"],"picked":"SKIP","floor":23.0},{"not_picked":["ats:Flame Of Heaven+1","ats:Thermite Blade","ats:Powerful Strike","ats:Ignite","ats:Blood Oath","hubris:CleavingFinish"],"picked":"SKIP","floor":25.0},{"not_picked":["ats:Steam Pump","ats:Hammer On","ats:Part Time Job","ats:Thermite Blade","AT_DiedThrough"],"picked":"ats:Red Shift","floor":27},{"not_picked":["ats:Powerful Strike","ats:Thermite Blade","ats:Consecutive Shot Auto+1","ats:Flexible Camouflage","ats:Hook Shot","Double Tap"],"picked":"SKIP","floor":29},{"not_picked":["ats:Consecutive Shot Auto","ats:Explosion Area Strengthen","ats:LN2 Cannon","ats:Flexible Camouflage","ats:Echo Reverb","Anger"],"picked":"SKIP","floor":31},{"not_picked":["ats:Calcification","ats:Rat Pack","ats:True Silver Slash","ats:Dogmatic Field","ats:Echo Reverb"],"picked":"Berserk","floor":33},{"not_picked":["ats:Poison Spread+1","ats:Flame Of Heaven","ats:Shadow Raid+1","ats:Flexible Camouflage","ats:Ignite","Seeing Red"],"picked":"SKIP","floor":35},{"not_picked":["ats:Steam Pump+1","ats:Assault Order","ats:Red Shift","ats:Consecutive Shot Auto+1","ats:Cat Scratch+1","hubris:ReadiedAction"],"picked":"SKIP","floor":37},{"not_picked":["ats:Composite Medical Shells","ats:Cat Scratch+1","ats:Apocalypse+1","ats:Leaping Hammer+1","ats:Spore Proliferation+1","Metallicize"],"picked":"SKIP","floor":38}],"player_experience":1062862,"relics_obtained":[{"floor":1.0,"key":"SynthV:TestCard"},{"floor":6.0,"key":"ats:Originium"},{"floor":6.0,"key":"Ancient Tea Set"},{"floor":12.0,"key":"ats:Originium"},{"floor":12.0,"key":"hubris:Metronome"},{"floor":23.0,"key":"ats:Originium"},{"floor":23.0,"key":"AT_BladeRuinedKing"},{"floor":26.0,"key":"Replay:Mystery Machine"},{"floor":37,"key":"Incense Burner"},{"floor":38,"key":"Replay:Towering Pillar of Hats"},{"floor":41,"key":"REME_LimitBreaker"}],"event_choices":[{"damage_healed":0.0,"max_hp_gain":0.0,"max_hp_loss":0.0,"gold_gain":0.0,"event_name":"Liars Game","player_choice":"Ignored","floor":14.0,"gold_loss":0.0,"damage_taken":0.0},{"damage_healed":0.0,"max_hp_gain":0.0,"max_hp_loss":0.0,"gold_gain":999.0,"event_name":"¶÷ÂåË¹µÄÅÌ×Ó","player_choice":"Sell","floor":15.0,"relics_lost":["Pandora\u0027s Box"],"gold_loss":0.0,"damage_taken":0.0}],"is_beta":false,"boss_relics":[{"not_picked":["aspiration:SecretTechniqueScroll","REME_DuelDisc"],"picked":"MoonlightInvasionPlan"},{"not_picked":["testmod-KeyOfTheVoid","Runic Dome"],"picked":"Philosopher\u0027s Stone"}],"items_purged_floors":[3,7,7,7,7,7,7,30,30,30,30,36],"is_endless":false,"potions_floor_spawned":[2,4,12,16,20,21,25,27,33,37],"ascension_level":0}}