{"host":"bbcqjedmotowk2e9","time":1609331469,"event":{"mods":["AchievementEnabler","Aspiration","BaseMod","Colored Powertips","Energized Spire","GifTheSpireLib","Halation","Hubris","Hyrulean Relics","Infinite Spire","Marisa????????","Minty Spire (QoL Compilation)","Permanent Neow","Quick Restart","Relic Stats","Replay The Spire","Spires And Sneckos","StSLib","Stuff the Spire","Synergy Search","The Disciple"],"gold_per_floor":[15,15,15,40,5,5,5,31,31,45,64,64,92,110,110,213,213,226,226,243,243,243,273,273,287,287,38,51,51,69,69,69,171,171,181,27,45,45,55,55,70,96,121,151,201,216,216,236,236,236],"floor_reached":51,"playtime":2466,"items_purged":[],"score":1009,"play_id":"7f4162a3-b875-4fed-8862-56dadf124291","local_time":"20201230153109","is_ascension_mode":true,"campfire_choices":[{"data":"Poisoned Strike","floor":6,"key":"SMITH"},{"floor":12,"key":"REST"},{"floor":15,"key":"REST"},{"data":"Corpse Explosion","floor":24,"key":"SMITH"},{"floor":29,"key":"REST"},{"floor":32,"key":"REST"},{"floor":40,"key":"REST"},{"floor":47,"key":"REST"},{"floor":49,"key":"REST"}],"circlet_count":0,"master_deck":["Strike_G","Strike_G","Strike_G","Strike_G","Strike_G","Defend_G","Defend_G","Defend_G","Defend_G","Defend_G","Survivor","Neutralize","Poisoned Strike+1","Die Die Die","Poisoned Stab","Sucker Punch","StuffTheSpire:Shiver","Poisoned Stab","Corpse Explosion+1","StuffTheSpire:Injection+1","Apotheosis","Footwork+1","infinitespire:Neurotoxin","Poisoned Stab","Adrenaline","Crippling Poison","Fluid Movement+1","Deadly Poison+1","StuffTheSpire:Injection+1","Terror+1","Phantasmal Killer","StuffTheSpire:Incantation+1"],"relics":["Ring of the Snake","halation:PinkSoulGem","Dream Catcher","hubris:MedicalManual","hubris:BottledRain","StuffTheSpire:EmeraldSignet","hubris:GrandSneckoEye","Enchiridion","Toy Ornithopter","hubris:SlimyHat","Replay:Bottled Snecko","aspiration:AnachronicSnailShell","Snecko Eye","Snake Skull","Replay:Rubber Ducky","Pet Ghost","aspiration:HummingbirdHeart","StuffTheSpire:Nightcore"],"acts_visited":["Exordium","TheCity","TheBeyond"],"potions_floor_usage":[16,20,23,33,39,39,44,45,46,50,50],"damage_taken":[{"damage":12,"enemies":"Small Slimes","floor":1,"turns":4},{"damage":38,"enemies":"Lagavulin","floor":8,"turns":7},{"damage":1,"enemies":"Jaw Worm","floor":10,"turns":3},{"damage":0,"enemies":"2 Louse","floor":11,"turns":2},{"damage":20,"enemies":"3 Sentries","floor":13,"turns":4},{"damage":4,"enemies":"Blue Slaver","floor":14,"turns":3},{"damage":11,"enemies":"Hexaghost","floor":16,"turns":8},{"damage":10,"enemies":"Chosen","floor":18,"turns":4},{"damage":12,"enemies":"2 Thieves","floor":20,"turns":2},{"damage":17,"enemies":"Replay:Snechameleon","floor":23,"turns":5},{"damage":0,"enemies":"3 Cultists","floor":25,"turns":2},{"damage":33,"enemies":"Snake Plant","floor":28,"turns":5},{"damage":22,"enemies":"Centurion and Healer","floor":30,"turns":6},{"damage":43,"enemies":"Collector","floor":33,"turns":7},{"damage":0,"enemies":"3 Shapes","floor":35,"turns":3},{"damage":2,"enemies":"Orb Walker","floor":37,"turns":3},{"damage":36,"enemies":"Spire Growth","floor":39,"turns":5},{"damage":2,"enemies":"Transient","floor":41,"turns":5},{"damage":3,"enemies":"Nemesis","floor":42,"turns":7},{"damage":20,"enemies":"Reptomancer","floor":44,"turns":4},{"damage":0,"enemies":"Mind Bloom Boss Battle","floor":45,"turns":5},{"damage":18,"enemies":"4 Shapes","floor":46,"turns":2},{"damage":6,"enemies":"Spire Growth","floor":48,"turns":5},{"damage":2,"enemies":"hubris:GrandSnecko","floor":50,"turns":2}],"seed_played":"-8110395783468670352","potions_obtained":[{"floor":8,"key":"LiquidMemories"},{"floor":10,"key":"ColorlessPotion"},{"floor":14,"key":"ColorlessPotion"},{"floor":18,"key":"SpeedPotion"},{"floor":25,"key":"SpeedPotion"},{"floor":28,"key":"infinitespire:BlackPotion"},{"floor":30,"key":"BlessingOfTheForge"},{"floor":37,"key":"AttackPotion"},{"floor":41,"key":"Energy Potion"},{"floor":44,"key":"Block Potion"},{"floor":46,"key":"Venom Potion"},{"floor":48,"key":"SpiresAndSneckos:LightningMarble"}],"is_trial":false,"path_per_floor":["M","$","?","T","?","R","$","E","T","M","M","R","E","M","R","B",null,"M","?","M","?","?","E","R","M","T","$","M","R","M","AVR","R","B",null,"M","$","M","?","M","R","M","E","T","E","?","M","R","M","R","B",null],"character_chosen":"THE_SILENT","items_purchased":["Apotheosis","Footwork+1","Snake Skull"],"campfire_rested":7,"item_purchase_floors":[27,27,36],"current_hp_per_floor":[51,51,51,51,68,68,68,30,30,29,29,50,30,28,49,42,63,55,39,29,29,70,63,63,65,65,65,36,57,39,39,60,24,59,61,61,59,59,37,58,60,59,59,46,53,42,63,59,70,70],"gold":236,"neow_bonus":"RANDOM_COLORLESS_2","is_daily":false,"chose_seed":false,"campfire_upgraded":2,"win_rate":0.0,"timestamp":1609331469,"path_taken":["M","$","?","?","?","R","?","E","T","M","M","R","E","M","R","BOSS","M","?","M","?","?","E","R","?","T","$","M","R","M","AVR","R","BOSS","M","$","?","?","M","R","M","E","T","E","?","?","R","M","R","BOSS"],"items_purchased_type":["Card","Card","Relic"],"build_version":"2020-12-22","purchased_purges":0,"victory":true,"max_hp_per_floor":[70,70,70,70,70,70,70,70,70,70,70,70,70,70,70,70,70,70,70,70,70,70,70,70,70,70,70,70,70,70,70,70,70,70,70,70,70,70,70,70,70,70,70,70,70,70,70,70,70,70],"relic_stats":{"Dream Catcher":7,"counters":[24,103],"Snecko Eye":[84,76,99,92],"Snake Skull":[62],"obtain_stats":[{"Enchiridion":19,"hubris:MedicalManual":8,"StuffTheSpire:EmeraldSignet":13,"Snake Skull":36,"hubris:SlimyHat":23,"aspiration:HummingbirdHeart":44,"Pet Ghost":43,"Replay:Rubber Ducky":42,"Dream Catcher":4,"aspiration:AnachronicSnailShell":31,"Snecko Eye":34,"hubris:GrandSneckoEye":17,"Replay:Bottled Snecko":26,"StuffTheSpire:Nightcore":45,"halation:PinkSoulGem":3,"Toy Ornithopter":21,"Ring of the Snake":0,"hubris:BottledRain":9},{"Enchiridion":8,"hubris:MedicalManual":2,"StuffTheSpire:EmeraldSignet":5,"Snake Skull":15,"hubris:SlimyHat":10,"aspiration:HummingbirdHeart":20,"Pet Ghost":19,"Replay:Rubber Ducky":19,"Dream Catcher":1,"aspiration:AnachronicSnailShell":13,"Snecko Eye":14,"hubris:GrandSneckoEye":7,"Replay:Bottled Snecko":11,"StuffTheSpire:Nightcore":21,"halation:PinkSoulGem":1,"Toy Ornithopter":9,"Ring of the Snake":0,"hubris:BottledRain":2},{"Enchiridion":35,"hubris:MedicalManual":11,"StuffTheSpire:EmeraldSignet":20,"Snake Skull":65,"hubris:SlimyHat":42,"aspiration:HummingbirdHeart":89,"Pet Ghost":85,"Replay:Rubber Ducky":85,"Dream Catcher":4,"aspiration:AnachronicSnailShell":55,"Snecko Eye":62,"hubris:GrandSneckoEye":31,"Replay:Bottled Snecko":44,"StuffTheSpire:Nightcore":94,"halation:PinkSoulGem":4,"Toy Ornithopter":37,"Ring of the Snake":0,"hubris:BottledRain":11}],"Toy Ornithopter":36,"Ring of the Snake":[48]},"card_choices":[{"not_picked":["Thinking Ahead","HandOfGreed"],"picked":"Poisoned Strike","floor":0},{"not_picked":["Flechettes","Riddle With Holes","Dodge and Roll"],"picked":"SKIP","floor":1},{"not_picked":["Dodge and Roll","hubris:TrickCloak"],"picked":"Die Die Die","floor":8},{"not_picked":["Slice","StuffTheSpire:BumpUp"],"picked":"Poisoned Stab","floor":10},{"not_picked":["hubris:SlightOfHand","Flying Knee"],"picked":"Sucker Punch","floor":11},{"not_picked":["aspiration:Lunge","Quick Slash"],"picked":"StuffTheSpire:Shiver","floor":13},{"not_picked":["StuffTheSpire:BumpUp","Dagger Spray","Concentrate"],"picked":"SKIP","floor":14},{"not_picked":["Bane","Sucker Punch"],"picked":"Poisoned Stab","floor":15},{"not_picked":["Poison Darts","Die Die Die"],"picked":"Corpse Explosion","floor":16},{"not_picked":["Flying Knee+1","StuffTheSpire:Incursion+1","ReplayTheSpireMod:Speed Training+1"],"picked":"SKIP","floor":18},{"not_picked":["ReplayTheSpireMod:Tripwire+1","hubris:Counter"],"picked":"StuffTheSpire:Injection+1","floor":20},{"not_picked":["Dodge and Roll","Prepared","PiercingWail"],"picked":"SKIP","floor":23},{"not_picked":["Backflip+1","Sucker Punch","Footwork"],"picked":"SKIP","floor":25},{"not_picked":["Dodge and Roll","All Out Attack","Quick Slash"],"picked":"SKIP","floor":28},{"not_picked":["PiercingWail","Outmaneuver"],"picked":"infinitespire:Neurotoxin","floor":29},{"not_picked":["Quick Slash","StuffTheSpire:Fury","Acrobatics"],"picked":"SKIP","floor":30},{"not_picked":["Flechettes","Sucker Punch+1"],"picked":"Poisoned Stab","floor":32},{"not_picked":["aspiration:Lunge","Night Terror"],"picked":"Adrenaline","floor":33},{"not_picked":["Hidden Blade","Distraction"],"picked":"Crippling Poison","floor":35},{"not_picked":["Deflect","Distraction"],"picked":"Fluid Movement+1","floor":37},{"not_picked":["Prepared","PiercingWail"],"picked":"Deadly Poison+1","floor":39},{"not_picked":["Sucker Punch+1","ReplayTheSpireMod:From All Sides"],"picked":"StuffTheSpire:Injection+1","floor":40},{"not_picked":["Backflip+1","Deadly Poison","Accuracy"],"picked":"SKIP","floor":41},{"not_picked":["Bane+1","Underhanded Strike+1"],"picked":"Terror+1","floor":42},{"not_picked":["Outmaneuver","Poisoned Stab","Finisher"],"picked":"SKIP","floor":44},{"not_picked":["StuffTheSpire:Fury","Deadly Poison","StuffTheSpire:ClusterCrunch+1"],"picked":"SKIP","floor":46},{"not_picked":["Cloak And Dagger+1","Sucker Punch"],"picked":"Phantasmal Killer","floor":47},{"not_picked":["Outmaneuver+1","Acrobatics+1","Backflip+1"],"picked":"SKIP","floor":48},{"not_picked":["Prepared+1","Backstab+1"],"picked":"StuffTheSpire:Incantation+1","floor":49}],"player_experience":571381,"relics_obtained":[{"floor":4,"key":"Dream Catcher"},{"floor":8,"key":"hubris:MedicalManual"},{"floor":9,"key":"hubris:BottledRain"},{"floor":13,"key":"StuffTheSpire:EmeraldSignet"},{"floor":19,"key":"Enchiridion"},{"floor":23,"key":"hubris:SlimyHat"},{"floor":26,"key":"Replay:Bottled Snecko"},{"floor":42,"key":"Replay:Rubber Ducky"},{"floor":43,"key":"Pet Ghost"},{"floor":44,"key":"aspiration:HummingbirdHeart"},{"floor":45,"key":"StuffTheSpire:Nightcore"}],"event_choices":[{"damage_healed":17,"gold_gain":0,"player_choice":"Healed","damage_taken":0,"max_hp_gain":0,"max_hp_loss":0,"event_name":"The Cleric","floor":5,"gold_loss":35},{"damage_healed":0,"gold_gain":0,"player_choice":"Obtained Book","damage_taken":16,"max_hp_gain":0,"max_hp_loss":0,"event_name":"Cursed Tome","floor":19,"gold_loss":0},{"damage_healed":0,"gold_gain":0,"player_choice":"Opened","damage_taken":0,"relics_obtained":["Toy Ornithopter"],"max_hp_gain":0,"max_hp_loss":0,"event_name":"The Mausoleum","floor":21,"gold_loss":0},{"damage_healed":41,"gold_gain":0,"player_choice":"Full Heal","damage_taken":0,"max_hp_gain":0,"max_hp_loss":0,"event_name":"Wheel of Change","floor":22,"gold_loss":0},{"damage_healed":0,"gold_gain":0,"player_choice":"Fight","damage_taken":0,"max_hp_gain":0,"max_hp_loss":0,"event_name":"MindBloom","floor":45,"gold_loss":0}],"is_beta":false,"boss_relics":[{"not_picked":["StuffTheSpire:RunicHypercube","ChewingGum"],"picked":"hubris:GrandSneckoEye"},{"not_picked":["energizedSpire:NeverEndingSparkler","hubris:TerracottaHorce"],"picked":"Snecko Eye"}],"items_purged_floors":[],"is_endless":false,"potions_floor_spawned":[8,10,14,18,25,28,30,37,41,44,46,48],"ascension_level":7}}