{"host":"ixqzyafodex1tsi5","time":1609307375,"event":{"mods":["AchievementEnabler","Act Like it!","BaseMod","Downfall","Gensokyo","GifTheSpireLib","Lobotomy","LobotomyExtend","Minty Spire (QoL Compilation)","Relic Stats","Replay The Spire","RumiaBox-露米娅的神秘盒子","Spicy Shops","StSLib","【功能Mod】混沌之环修复补丁"],"gold_per_floor":[131,151,170,205,232,232,279,306,333,333,177,177,205,249,249,362,362,391,441,70,95,126,126,179,226,226,228,228],"floor_reached":4,"playtime":1758,"items_purged":[],"score":67,"play_id":"e0f2ab17-02ab-4582-8543-42ac1f8b428d","local_time":"20201230134935","is_ascension_mode":true,"campfire_choices":[],"circlet_count":0,"master_deck":["SpecialBullet","SpecialBullet","SpecialBullet","SpecialBullet","SpecialBullet","SpecialBullet","SpecialBullet","SpecialBullet","ExtractionCode","SecurityCode","InformationCode","CrumblingArmor","Mimicry+1","MagicBullet+1","SolemnVow+1","Regret_ego+1","CENSORED_ego+1","RedShoes","Beak+1","Spore+1","BigBird","RecordCode","Regret"],"relics":["CogitoBucket","Replay:Bandana","RabbitCall","Pantograph","LuminousBracelet","Strawberry","Sling","GodSword5","Fusion Hammer","Cauldron","Blood Vial","Pet Ghost","ChangeAnything","HonorFeather","LetterFromLob","The Courier"],"acts_visited":["Exordium","TheCity"],"potions_floor_usage":[],"damage_taken":[{"damage":6,"enemies":"Cultist","floor":1,"turns":3},{"damage":11,"enemies":"Jaw Worm","floor":2,"turns":2},{"damage":0,"enemies":"2 Louse","floor":3,"turns":2},{"damage":16,"enemies":"Large Slime","floor":4,"turns":4},{"damage":15,"enemies":"3 Louse","floor":5,"turns":3},{"damage":27,"enemies":"3 Sentries","floor":7,"turns":6},{"damage":31,"enemies":"2 Fungi Beasts","floor":8,"turns":4},{"damage":4,"enemies":"Looter","floor":13,"turns":2},{"damage":28,"enemies":"Lagavulin","floor":14,"turns":5},{"damage":38,"enemies":"Fading Forest","floor":16,"turns":11},{"damage":16,"enemies":"2 Thieves","floor":18,"turns":3},{"damage":89,"enemies":"Chosen","floor":21,"turns":11},{"damage":21,"enemies":"Snake Plant","floor":22,"turns":2},{"damage":0,"enemies":"Gremlin Leader","floor":24,"turns":3},{"damage":7,"enemies":"2 Louse","floor":1,"turns":2},{"damage":0,"enemies":"Cultist","floor":2,"turns":3},{"damage":5,"enemies":"Jaw Worm","floor":4,"turns":1}],"seed_played":"-8247177986313860868","potions_obtained":[{"floor":4,"key":"BlessingOfTheForge"},{"floor":16,"key":"BlessingOfTheForge"},{"floor":20,"key":"FairyPotion"},{"floor":20,"key":"AttackPotion"},{"floor":20,"key":"CultistPotion"},{"floor":2,"key":"Cursed Concoction"}],"is_trial":false,"path_per_floor":["M","M","M","M","M","R","E","M","T","R","$","R","M","E","R","B",null,"M","?","$","M","M","R","E","M","M","?","M"],"character_chosen":"Angela","items_purchased":["Sling","Cauldron","Blood Vial","Pet Ghost"],"campfire_rested":0,"item_purchase_floors":[11,20,20,20],"current_hp_per_floor":[70,67,70,62,55,55,36,28,35,35,35,35,43,29,29,63,92,92,92,92,63,64,64,1,1,1,0,0],"gold":228,"neow_bonus":"RANDOM_COMMON_RELIC","is_daily":false,"chose_seed":false,"campfire_upgraded":0,"win_rate":0.0,"timestamp":1609307375,"path_taken":["M","M","M","M","M","R","E","M","T","R","$","R","?","E","R","BOSS","M","?","$","M","M","R","E","M","M","?","M"],"items_purchased_type":["Relic","Relic","Relic","Relic"],"build_version":"2020-12-22","purchased_purges":0,"victory":false,"max_hp_per_floor":[70,70,70,70,70,70,70,85,92,92,92,92,92,92,92,92,92,92,92,92,96,100,100,1,1,1,1,1],"relic_stats":{"Blood Vial":2,"counters":[19,69],"Pantograph":31,"obtain_stats":[{"RabbitCall":0,"HonorFeather":24,"LuminousBracelet":8,"The Courier":3,"Sling":11,"Pet Ghost":20,"Blood Vial":20,"Cauldron":20,"CogitoBucket":0,"Replay:Bandana":0,"Pantograph":7,"Strawberry":9,"Fusion Hammer":17,"LetterFromLob":1,"GodSword5":14,"ChangeAnything":21},{"RabbitCall":0,"HonorFeather":16,"LuminousBracelet":8,"The Courier":18,"Sling":8,"Pet Ghost":12,"Blood Vial":12,"Cauldron":12,"CogitoBucket":0,"Replay:Bandana":0,"Pantograph":6,"Strawberry":8,"Fusion Hammer":11,"LetterFromLob":1,"GodSword5":10,"ChangeAnything":14},{"RabbitCall":0,"HonorFeather":63,"LuminousBracelet":25,"The Courier":68,"Sling":25,"Pet Ghost":46,"Blood Vial":46,"Cauldron":46,"CogitoBucket":0,"Replay:Bandana":0,"Pantograph":20,"Strawberry":25,"Fusion Hammer":43,"LetterFromLob":3,"GodSword5":32,"ChangeAnything":58}]},"card_choices":[{"not_picked":["SingingMachine","PunishingBird"],"picked":"CrumblingArmor","floor":1},{"not_picked":["TodaysExpression","CherryBlossom"],"picked":"SKIP","floor":1},{"not_picked":["BlueScar","TodaysExpression"],"picked":"SKIP","floor":1},{"not_picked":["Beak","Regret_ego"],"picked":"SKIP","floor":2},{"not_picked":["Beak","Lantern"],"picked":"SKIP","floor":3},{"not_picked":["Loneliness","RedEyes","WristCuter"],"picked":"SKIP","floor":4},{"not_picked":["LittleHelper","FairyFestival","WallGazer"],"picked":"Singing Bowl","floor":5},{"not_picked":["CrimsonScar","Soda","TodaysExpression"],"picked":"SKIP","floor":5},{"not_picked":["CherryBlossom+1","FourthMatchFlame+1"],"picked":"Mimicry+1","floor":7},{"not_picked":["BeautyBeast","Scarecrow","Murderer"],"picked":"Singing Bowl","floor":7},{"not_picked":["MHz","WallGazer","Bloodbath"],"picked":"Singing Bowl","floor":8},{"not_picked":["Soda+1","Regret_ego+1"],"picked":"MagicBullet+1","floor":8},{"not_picked":["Soda+1","TodaysExpression+1"],"picked":"SolemnVow+1","floor":8},{"not_picked":["WallGazer","LaLuna","SingingMachine"],"picked":"Singing Bowl","floor":13},{"not_picked":["FeatherOfHonor+1","Laetitia_ego+1"],"picked":"Regret_ego+1","floor":13},{"not_picked":["LaLuna","HappyTeddy","LittlePrince"],"picked":"Singing Bowl","floor":14},{"not_picked":["Penitence+1","Loneliness+1","FourthMatchFlame+1"],"picked":"SKIP","floor":14},{"not_picked":["CUTE+1","Logging+1","Hypocrisy+1"],"picked":"SKIP","floor":14},{"not_picked":["Scorched","BeautyBeast","FairyFestival"],"picked":"Singing Bowl","floor":16},{"not_picked":["DaCapo+1","Adoration+1"],"picked":"CENSORED_ego+1","floor":16},{"not_picked":["LaLuna","QueenOfHatred","Murderer"],"picked":"Singing Bowl","floor":18},{"not_picked":["CENSORED_ego+1","Reverberation+1","Penitence+1"],"picked":"SKIP","floor":18},{"not_picked":["SingingMachine","ShyLook"],"picked":"RedShoes","floor":21},{"not_picked":["WristCuter+1","InTheNameOfLoveAndHate+1"],"picked":"Beak+1","floor":21},{"not_picked":["RedEyes+1","Tough+1","TodaysExpression+1"],"picked":"SKIP","floor":21},{"not_picked":["Galaxy+1","BlueScar+1"],"picked":"Spore+1","floor":22},{"not_picked":["VoidDream","BeautyBeast","LaLuna"],"picked":"Singing Bowl","floor":22},{"not_picked":["MHz","ShyLook"],"picked":"BigBird","floor":22},{"not_picked":["OldLady","FairyFestival","Bloodbath"],"picked":"Singing Bowl","floor":1},{"not_picked":["Christmas+1","Lantern+1","Noise+1"],"picked":"SKIP","floor":1},{"not_picked":["Mercenary","QueenBee","SingingMachine"],"picked":"Singing Bowl","floor":2},{"not_picked":["Reverberation+1","LifeForTheDareDevil+1","BloodyDesire+1"],"picked":"SKIP","floor":2}],"player_experience":147968,"relics_obtained":[{"floor":1,"key":"LetterFromLob"},{"floor":7,"key":"Pantograph"},{"floor":9,"key":"Strawberry"},{"floor":14,"key":"GodSword5"},{"floor":1,"key":"LetterFromLob"}],"event_choices":[{"damage_healed":0,"gold_gain":100,"player_choice":"Bet on Murderer","damage_taken":0,"max_hp_gain":0,"max_hp_loss":0,"event_name":"The Joust","floor":19,"gold_loss":50},{"damage_healed":0,"gold_gain":0,"player_choice":"Box","damage_taken":0,"relics_obtained":["The Courier"],"max_hp_gain":0,"max_hp_loss":0,"event_name":"Big Fish","floor":3,"gold_loss":0,"cards_obtained":["Regret"]}],"is_beta":false,"boss_relics":[{"not_picked":["Snecko Eye","Abe\u0027s Treasure"],"picked":"Fusion Hammer"}],"items_purged_floors":[],"is_endless":false,"potions_floor_spawned":[4,16,22,24,2],"killed_by":"Jaw Worm","ascension_level":1}}