{"host":"6a06qhlf17v5rcww","time":1609357097,"event":{"mods":["BaseMod","Beaked The Cultist","Better Altar","Better Match","Better Note","Better Sensory Stone","Better Skull","Better Third Choice","BetterRewards","Downfall","Hermit","Infinite Spire","Minty Spire (QoL Compilation)","Rare Cards Sparkle","Replay The Spire","Shade Mod","StSLib","The Alterego","The Cursed","The Marked","The Witch"],"gold_per_floor":[116,116,130,148,148,175,187,187,232,232,232,242,319,15,80,80,80,184,184,203,203,217,236,250,250,279,279,279,324,324,88,88,125,125,227,227,259,287,100,136,136,136,191,226,226,226,226,226,226,259,259,211],"floor_reached":53,"playtime":5556,"items_purged":[],"score":757,"play_id":"869f7259-588f-46e1-a07e-73660f672b77","local_time":"20201230143817","is_ascension_mode":false,"campfire_choices":[{"data":"alterego_mod:Mirror","floor":8.0,"key":"SMITH"},{"data":"Apotheosis","floor":17.0,"key":"SMITH"},{"data":"alterego_mod:Support","floor":25.0,"key":"SMITH"},{"data":"alterego_mod:Rip","floor":27.0,"key":"SMITH"},{"data":"alterego_mod:BrynhildrsRune","floor":30.0,"key":"SMITH"},{"data":"Replay:Dark Deal","floor":34.0,"key":"SMITH"},{"data":"beaked:AwakenedForm","floor":42,"key":"SMITH"},{"data":"ReplayTheSpireMod:Chaos Vortex","floor":47,"key":"SMITH"},{"floor":49,"key":"REST"},{"data":"alterego_mod:ClassAdvantage","floor":51,"key":"SMITH"}],"circlet_count":0,"master_deck":["alterego_mod:Strike","alterego_mod:Strike","alterego_mod:Strike","alterego_mod:Defend","alterego_mod:Defend","alterego_mod:Defend","alterego_mod:Defend","alterego_mod:Impale","alterego_mod:BigMeatyClaws","alterego_mod:BrynhildrsRune+1","alterego_mod:Mirror+1","alterego_mod:Undulate","alterego_mod:BiFurious","alterego_mod:1TonWallop","alterego_mod:Bounce","alterego_mod:BrynhildrRomantia","Apotheosis+1","alterego_mod:GoddessCore","alterego_mod:Santa","alterego_mod:ClassAdvantage+1","alterego_mod:Cycle+1","infinitespire:Gouge","alterego_mod:Punishment+1","alterego_mod:Support+1","alterego_mod:BusterCard","alterego_mod:Rip+1","Replay:Dark Deal+1","alterego_mod:Undulate+1","alterego_mod:Lift","beaked:AwakenedForm+1","alterego_mod:RidiculouslyBig","alterego_mod:Birthday","Replay:Dark Deal","infinitespire:TheBestDefense","alterego_mod:Smother","alterego_mod:Cushion+1","ReplayTheSpireMod:Chaos Vortex+1","alterego_mod:Rip"],"relics":["alterego_mod:MasochisticConstitution","NeowsBlessing","infinitespire:CheckeredPen","Bag of Marbles","ReplayTheSpireMod:TigerMarble","Happy Flower","Cursed Key","Unceasing Top","Replay:Bandana","Gremlin Horn","Membership Card","beaked:SacredDeck","alterego_mod:SistersRibbon","Blood Vial","Sundial","Nunchaku"],"acts_visited":["TheCity","TheBeyond"],"potions_floor_usage":[],"damage_taken":[{"damage":0.0,"enemies":"Small Slimes","floor":1.0,"turns":1.0},{"damage":0.0,"enemies":"Cultist","floor":3.0,"turns":1.0},{"damage":0.0,"enemies":"2 Louse","floor":4.0,"turns":2.0},{"damage":16.0,"enemies":"Lagavulin","floor":6.0,"turns":6.0},{"damage":11.0,"enemies":"Lots of Slimes","floor":7.0,"turns":3.0},{"damage":12.0,"enemies":"Large Slime","floor":12.0,"turns":4.0},{"damage":42.0,"enemies":"Gremlin Nob","floor":15.0,"turns":5.0},{"damage":30.0,"enemies":"The Guardian","floor":18.0,"turns":7.0},{"damage":9.0,"enemies":"Spheric Guardian","floor":20.0,"turns":4.0},{"damage":10.0,"enemies":"3 Byrds","floor":22.0,"turns":4.0},{"damage":5.0,"enemies":"3 Cultists","floor":23.0,"turns":2.0},{"damage":3.0,"enemies":"Cultist and Chosen","floor":24.0,"turns":4.0},{"damage":7.0,"enemies":"Gremlin Leader","floor":26.0,"turns":5.0},{"damage":16.0,"enemies":"Centurion and Healer","floor":29.0,"turns":6.0},{"damage":33.0,"enemies":"Sentry and Sphere","floor":33.0,"turns":7.0},{"damage":23.0,"enemies":"Champ","floor":35.0,"turns":14.0},{"damage":32.0,"enemies":"Orb Walker","floor":37.0,"turns":4.0},{"damage":23.0,"enemies":"3 Shapes","floor":38.0,"turns":6.0},{"damage":13,"enemies":"Transient","floor":40,"turns":5},{"damage":6,"enemies":"Reptomancer","floor":43,"turns":6},{"damage":27,"enemies":"Writhing Mass","floor":44,"turns":5},{"damage":14,"enemies":"Sphere and 2 Shapes","floor":50,"turns":10},{"damage":22,"enemies":"Awakened One","floor":52,"turns":5}],"seed_played":"5218384797756830798","potions_obtained":[{"floor":3.0,"key":"SteroidPotion"},{"floor":5.0,"key":"ColorlessPotion"},{"floor":5.0,"key":"Death Potion"},{"floor":6.0,"key":"SpeedPotion"},{"floor":12.0,"key":"Energy Potion"},{"floor":15.0,"key":"EntropicBrew"},{"floor":22.0,"key":"Block Potion"},{"floor":23.0,"key":"SteroidPotion"},{"floor":37.0,"key":"CultistPotion"}],"is_trial":false,"path_per_floor":["M","?","M","M","?","E","M","R","T","PTL","PTL","M","?","$","?","T","R","B",null,"M","AVR","M","M","M","R","E","R","T","M","R","$","?","M","R","B",null,"M","M","$","M","AVR","R","E","M","T","?","R","?","R","M","R","B",null],"character_chosen":"The_Alterego","items_purchased":["Apotheosis","alterego_mod:GoddessCore","alterego_mod:Santa","Membership Card","Replay:Dark Deal","alterego_mod:SistersRibbon","alterego_mod:Birthday","Replay:Dark Deal"],"campfire_rested":1,"item_purchase_floors":[14,14,14,31,31,39,39,39],"current_hp_per_floor":[70,70,70,70,70,55,72,72,72,72,72,73,73,73,32,32,32,3,75,67,67,76,83,91,91,85,85,85,92,92,92,92,71,71,60,111,90,89,89,88,88,88,109,85,85,54,54,54,92,98,98,82],"gold":211,"neow_bonus":"THREE_ENEMY_KILL","is_daily":false,"chose_seed":false,"campfire_upgraded":9,"win_rate":0.0,"timestamp":1609357097,"path_taken":["M","?","?","M","?","E","M","R","T","PTL","PTL","?","?","$","?","?","R","BOSS","M","AVR","M","?","M","R","E","R","T","M","R","$","?","?","R","BOSS","M","M","$","M","AVR","R","E","M","T","?","R","?","R","M","R","BOSS"],"items_purchased_type":["Card","Card","Card","Relic","Card","Relic","Card","Card"],"build_version":"2020-12-22","purchased_purges":0,"victory":true,"max_hp_per_floor":[70,70,70,70,70,71,72,72,72,72,72,73,73,73,74,74,74,75,75,76,76,81,86,91,91,92,92,92,101,101,101,101,106,106,111,111,115,120,120,121,121,121,126,127,127,127,127,127,127,128,128,129],"card_choices":[{"not_picked":["alterego_mod:HighServant","alterego_mod:DiscoLights"],"picked":"alterego_mod:Mirror","floor":1.0},{"not_picked":["alterego_mod:DeftHands","alterego_mod:Pet"],"picked":"alterego_mod:Undulate","floor":3.0},{"not_picked":["alterego_mod:SakuraLabyrinth","alterego_mod:DiscoLights"],"picked":"alterego_mod:BiFurious","floor":4.0},{"not_picked":["alterego_mod:Cooking","alterego_mod:Complex"],"picked":"alterego_mod:1TonWallop","floor":6.0},{"not_picked":["alterego_mod:Lingerie","alterego_mod:Complex"],"picked":"alterego_mod:Bounce","floor":7.0},{"not_picked":["alterego_mod:ChallengeComplete","alterego_mod:TrashNCrash"],"picked":"alterego_mod:BrynhildrRomantia","floor":12.0},{"not_picked":["alterego_mod:Tantrum","alterego_mod:TrickOrTreatment"],"picked":"alterego_mod:ClassAdvantage","floor":18.0},{"not_picked":["alterego_mod:Jiggle+1","alterego_mod:BoobPocket"],"picked":"alterego_mod:Cycle+1","floor":20.0},{"not_picked":["alterego_mod:BiFurious+1","alterego_mod:Bunnysuit"],"picked":"alterego_mod:Punishment+1","floor":22.0},{"not_picked":["alterego_mod:PresenceConcealment","alterego_mod:PerceptionDisorder"],"picked":"alterego_mod:Support","floor":23.0},{"not_picked":["alterego_mod:BustOut","alterego_mod:Cushion+1"],"picked":"alterego_mod:BusterCard","floor":24.0},{"not_picked":["alterego_mod:DiscoLights","alterego_mod:MagicResistance"],"picked":"alterego_mod:Rip","floor":26.0},{"not_picked":["alterego_mod:Complex","alterego_mod:Cooking","alterego_mod:Punishment+1"],"picked":"SKIP","floor":29.0},{"not_picked":["alterego_mod:SuperDuperMasochism","alterego_mod:Swimsuit"],"picked":"alterego_mod:Undulate+1","floor":33.0},{"not_picked":["alterego_mod:BrynhildrRomantia","alterego_mod:RingBreak"],"picked":"alterego_mod:Lift","floor":35.0},{"not_picked":["alterego_mod:PurpleHair+1","alterego_mod:Mirror"],"picked":"alterego_mod:RidiculouslyBig","floor":37.0},{"not_picked":["alterego_mod:Cycle+1","alterego_mod:Maid","alterego_mod:PresenceConcealment"],"picked":"SKIP","floor":38.0},{"not_picked":["alterego_mod:Complex","alterego_mod:Cycle","alterego_mod:Mirror+1"],"picked":"SKIP","floor":40},{"not_picked":["alterego_mod:SakuraFive+1","alterego_mod:Mirror+1"],"picked":"alterego_mod:Smother","floor":43},{"not_picked":["alterego_mod:Skirt","alterego_mod:DiscoLights"],"picked":"alterego_mod:Cushion+1","floor":44},{"not_picked":["infinitespire:Execution","infinitespire:DeathsTouch"],"picked":"ReplayTheSpireMod:Chaos Vortex","floor":46},{"not_picked":["alterego_mod:Clap+1","alterego_mod:Maid"],"picked":"alterego_mod:Rip","floor":50}],"player_experience":733219,"relics_obtained":[{"floor":6.0,"key":"infinitespire:CheckeredPen"},{"floor":9.0,"key":"Bag of Marbles"},{"floor":15.0,"key":"ReplayTheSpireMod:TigerMarble"},{"floor":16.0,"key":"Happy Flower"},{"floor":26.0,"key":"Replay:Bandana"},{"floor":28.0,"key":"Gremlin Horn"},{"floor":43,"key":"Sundial"},{"floor":45,"key":"Nunchaku"}],"event_choices":[{"cards_removed":["alterego_mod:Strike"],"damage_healed":0.0,"max_hp_gain":0.0,"max_hp_loss":0.0,"gold_gain":0.0,"event_name":"Purifier","player_choice":"Purged","floor":2.0,"gold_loss":0.0,"damage_taken":0.0},{"damage_healed":0.0,"max_hp_gain":0.0,"max_hp_loss":0.0,"gold_gain":0.0,"event_name":"Lab","player_choice":"Got Potions","floor":5.0,"gold_loss":0.0,"damage_taken":0.0},{"damage_healed":0.0,"max_hp_gain":0.0,"max_hp_loss":0.0,"gold_gain":77.0,"event_name":"Golden Wing","player_choice":"Gained Gold","floor":13.0,"gold_loss":0.0,"damage_taken":0.0},{"damage_healed":0.0,"max_hp_gain":0.0,"max_hp_loss":0.0,"gold_gain":0.0,"event_name":"Dead Adventurer","player_choice":"Searched \u00272\u0027 times","floor":15.0,"gold_loss":0.0,"damage_taken":0.0},{"damage_healed":0.0,"max_hp_gain":0.0,"max_hp_loss":0.0,"gold_gain":0.0,"event_name":"WeMeetAgain","player_choice":"Ignored","floor":32.0,"gold_loss":0.0,"damage_taken":0.0},{"cards_removed":["ReplayTheSpireMod:IOU","Overencumbered"],"damage_healed":0,"gold_gain":0,"player_choice":"Removed Curses","damage_taken":0,"max_hp_gain":0,"max_hp_loss":0,"event_name":"Fountain of Cleansing","floor":48,"gold_loss":0}],"is_beta":false,"boss_relics":[{"not_picked":["Calling Bell","Sozu"],"picked":"Cursed Key"},{"not_picked":["Busted Crown","Honey Jar"],"picked":"beaked:SacredDeck"}],"items_purged_floors":[],"is_endless":false,"potions_floor_spawned":[3,6,12,15,22,23,37,38,44],"ascension_level":0}}