{"host":"cyiefo55v5hz1ih5","time":1609364198,"event":{"mods":["2.2 Compatiblity","AchievementEnabler","Arknights The Spire","BaseMod","GifTheSpireLib","Hubris","Minty Spire (QoL Compilation)","Replay The Spire","Spicy Shops","StSLib","The Marked"],"gold_per_floor":[111,150,4,4,4,29,29,59,85,35,52,52,71,96,96,96,96],"floor_reached":16,"playtime":978,"items_purged":["ats:Strike V"],"score":183,"play_id":"754b5ad6-2b13-40f2-bc9d-478305fddf56","local_time":"20201230163638","is_ascension_mode":true,"campfire_choices":[{"data":"ats:Emotion Absorption","floor":7,"key":"SMITH"},{"floor":12,"key":"RECALL"},{"data":"ats:Armor Crushing Shot","floor":15,"key":"SMITH"}],"circlet_count":0,"master_deck":["ats:Strike C","ats:Strike G","ats:Strike S","ats:Armor Crushing Shot+1","ats:Defend+1","ats:Defend","ats:Defend+1","ats:Defend","ats:Emotion Absorption+1","ats:Spore Proliferation","Voices","ats:Very Hot Blade","ats:Song Of Battle","ats:Shell Defense","ats:Apocalypse"],"relics":["ats:Sanity","NeowsBlessing","Unceasing Top","TheAbacus","hubris:Towel","ReplayTheSpireMod:Ring of Exchange","ats:Originium","Boot","Replay:Wax Seal","Blood Vial","War Paint"],"acts_visited":["Exordium"],"potions_floor_usage":[16],"damage_taken":[{"damage":0,"enemies":"Jaw Worm","floor":1,"turns":1},{"damage":0,"enemies":"Replay:BlueRogue","floor":6,"turns":1},{"damage":0,"enemies":"Lagavulin","floor":8,"turns":1},{"damage":6,"enemies":"2 Louse","floor":11,"turns":3},{"damage":1,"enemies":"Cultist","floor":13,"turns":4},{"damage":6,"enemies":"Replay:BlueRogue","floor":14,"turns":12},{"damage":100,"enemies":"Hexaghost","floor":16,"turns":19}],"seed_played":"7169406666961532633","potions_obtained":[{"floor":8,"key":"DuplicationPotion"},{"floor":11,"key":"ats:Top Emergency Sanity Potion"}],"is_trial":false,"path_per_floor":["M","?","$","?","?","E","R","E","T","$","M","R","M","E","R","B"],"character_chosen":"DOCTOR_CLASS","items_purchased":["TheAbacus","ats:Song Of Battle"],"campfire_rested":0,"item_purchase_floors":[3,10],"current_hp_per_floor":[72,54,54,54,54,54,54,54,54,54,50,50,53,72,72,0,0],"gold":96,"neow_bonus":"THREE_ENEMY_KILL","is_daily":false,"chose_seed":false,"campfire_upgraded":2,"win_rate":0.0,"timestamp":1609364198,"path_taken":["M","?","?","?","?","E","R","E","T","?","?","R","?","E","R","BOSS"],"items_purchased_type":["Relic","Card"],"build_version":"2020-12-22","purchased_purges":1,"victory":false,"max_hp_per_floor":[72,72,72,72,72,72,72,72,72,72,72,72,72,72,72,72,72],"card_choices":[{"not_picked":["ats:Hammer On","ats:Ignite"],"picked":"ats:Spore Proliferation","floor":1},{"not_picked":["ats:Revitalization","ats:Leaping Hammer"],"picked":"ats:Very Hot Blade","floor":6},{"not_picked":["ats:Steam Pump","ats:Encircling Forest","ats:Curse Doll"],"picked":"SKIP","floor":8},{"not_picked":["ats:Guardian Obelisk","ats:Collapsing Strike"],"picked":"ats:Shell Defense","floor":11},{"not_picked":["ats:Counter Healing Mode","ats:Consecutive Shot Auto"],"picked":"ats:Apocalypse","floor":13},{"not_picked":["ats:Leaping Hammer","ats:Encircling Forest","ats:Explosion Area Strengthen"],"picked":"SKIP","floor":14}],"player_experience":646072,"relics_obtained":[{"floor":2,"key":"Unceasing Top"},{"floor":5,"key":"ReplayTheSpireMod:Ring of Exchange"},{"floor":6,"key":"ats:Originium"},{"floor":6,"key":"Boot"},{"floor":8,"key":"ats:Originium"},{"floor":8,"key":"Replay:Wax Seal"},{"floor":9,"key":"Blood Vial"},{"floor":14,"key":"ats:Originium"},{"floor":14,"key":"War Paint"}],"event_choices":[],"is_beta":false,"boss_relics":[],"items_purged_floors":[3],"is_endless":false,"potions_floor_spawned":[8,11],"killed_by":"Hexaghost","ascension_level":2}}