{"host":"os9owiyb0rak6c8n","time":1609350671,"event":{"mods":["AchievementEnabler","BaseMod","Beaked The Cultist","Better Third Choice","Block Reminder","Colored Map","Colored Powertips","Dio Mod","Downfall","Minty Spire (QoL Compilation)","Robot Space Explorer","Spicy Shops","StSLib","The Death Knight"],"gold_per_floor":[117,117,117,82,82,120,132,157,169,216,56,72,88,99,99,99,99],"floor_reached":16,"playtime":656,"items_purged":[],"score":160,"play_id":"f133a8ed-426d-4ba2-a515-0409de232b9f","local_time":"20201230185111","is_ascension_mode":true,"campfire_choices":[{"floor":15,"key":"REST"}],"circlet_count":0,"master_deck":["Strike_G","Strike_G","Strike_G","Strike_G","Strike_G","Defend_G","Defend_G","Defend_G","Defend_G","Defend_G","Survivor","Neutralize","Envenom","Cloak And Dagger","Dagger Throw","PiercingWail","Infinite Blades","Backstab+1","Dash+1","Noxious Fumes","Dodge and Roll","Poisoned Stab+1"],"relics":["Ring of the Snake","Strawberry","MawBank","Ice Cream","The Courier","Molten Egg 2"],"acts_visited":["Exordium"],"potions_floor_usage":[6,10,14,14],"damage_taken":[{"damage":2,"enemies":"Jaw Worm","floor":1,"turns":6},{"damage":29,"enemies":"3 Sentries","floor":6,"turns":9},{"damage":22,"enemies":"Small Slimes","floor":8,"turns":4},{"damage":17,"enemies":"Gremlin Nob","floor":10,"turns":5},{"damage":0,"enemies":"Cultist","floor":12,"turns":3},{"damage":0,"enemies":"Gremlin Gang","floor":13,"turns":8},{"damage":3,"enemies":"3 Louse","floor":14,"turns":3},{"damage":35,"enemies":"The Guardian","floor":16,"turns":6}],"seed_played":"6786091763833096539","potions_obtained":[{"floor":1,"key":"PowerPotion"},{"floor":8,"key":"Block Potion"},{"floor":13,"key":"SkillPotion"},{"floor":14,"key":"Fruit Juice"}],"is_trial":false,"path_per_floor":["M","$","?","?","T","E","?","M","T","E","$","M","M","M","R","B"],"character_chosen":"THE_SILENT","items_purchased":["Infinite Blades","Backstab+1","Dash+1"],"campfire_rested":1,"item_purchase_floors":[11,11,11],"current_hp_per_floor":[61,61,61,77,77,48,48,26,26,9,9,9,9,11,35,0,0],"gold":99,"neow_bonus":"ONE_RANDOM_RARE_CARD","is_daily":false,"chose_seed":false,"campfire_upgraded":0,"win_rate":0.0,"timestamp":1609350671,"path_taken":["M","$","?","?","?","E","?","?","T","E","?","M","M","M","R","BOSS"],"items_purchased_type":["Card","Card","Card"],"build_version":"2020-12-22","purchased_purges":0,"victory":false,"max_hp_per_floor":[70,70,77,77,77,77,77,77,77,77,77,77,77,82,82,82,82],"card_choices":[{"not_picked":["Choke","Dagger Spray"],"picked":"Cloak And Dagger","floor":1},{"not_picked":["Setup","Outmaneuver"],"picked":"Dagger Throw","floor":6},{"not_picked":["Prepared","Backflip","Dagger Throw"],"picked":"SKIP","floor":8},{"not_picked":["Acrobatics","Predator+1"],"picked":"PiercingWail","floor":10},{"not_picked":["Phantasmal Killer","Dagger Throw+1"],"picked":"Noxious Fumes","floor":12},{"not_picked":["Blade Dance","Prepared"],"picked":"Dodge and Roll","floor":13},{"not_picked":["Blade Dance","Deadly Poison"],"picked":"Poisoned Stab+1","floor":14}],"player_experience":593486,"relics_obtained":[{"floor":5,"key":"MawBank"},{"floor":6,"key":"Ice Cream"},{"floor":9,"key":"The Courier"},{"floor":10,"key":"Molten Egg 2"}],"event_choices":[{"damage_healed":0,"gold_gain":0,"player_choice":"Relic ","damage_taken":7,"max_hp_gain":0,"max_hp_loss":0,"event_name":"betterThird:BetterScrap","floor":3,"gold_loss":0,"cards_obtained":["FearNoEvil"]},{"damage_healed":19,"gold_gain":0,"player_choice":"Healed","damage_taken":0,"max_hp_gain":0,"max_hp_loss":0,"event_name":"The Cleric","floor":4,"gold_loss":35},{"damage_healed":0,"gold_gain":0,"player_choice":"Searched \u00270\u0027 times","damage_taken":0,"max_hp_gain":0,"max_hp_loss":0,"event_name":"Dead Adventurer","floor":7,"gold_loss":0}],"is_beta":false,"boss_relics":[],"items_purged_floors":[],"is_endless":false,"potions_floor_spawned":[1,8,13,14],"killed_by":"The Guardian","ascension_level":9}}