{"host":"56c2xpjnpymkv18q","time":1609332863,"event":{"mods":["BaseMod","GungeonMod","Minty Spire (QoL Compilation)","Quick Restart","Relic Stats","Replay The Spire","Spicy Shops","StSLib"],"gold_per_floor":[114,129,144,159,84,114,129,129,129,159,174,189,189,19,19,119,119,134,134,134,134,149,164,203,227,286,316,346,346,376,400,400,509,509,533,545,4,0,15,54,54,69,78,93,117,141,171,195,278,287],"floor_reached":51,"playtime":2974,"items_purged":[],"score":1278,"play_id":"faea080a-b9a4-4bd0-8c45-57db8c6d019c","local_time":"20201230205423","daily_mods":["Cursed Run","Diverse","DeadlyEvents"],"is_ascension_mode":false,"campfire_choices":[{"data":"Genetic Algorithm","floor":8,"key":"SMITH"},{"floor":15,"key":"REST"},{"data":"Heavy Blade","floor":29,"key":"SMITH"},{"floor":32,"key":"DIG"},{"data":"ForeignInfluence","floor":41,"key":"SMITH"},{"data":"Beam Cell","floor":41,"key":"SMITH"}],"circlet_count":0,"master_deck":["Strike_G","Strike_G+1","Defend_G+1","Defend_G","Survivor","Neutralize","EmptyBody","Beam Cell+1","Sword Boomerang","Genetic Algorithm+1","DeusExMachina","Writhe","Iron Wave","Heavy Blade+1","Doubt","Conserve Battery","Looming Evil","DemoMod:FinishedGun","ForeignInfluence+1","DemoMod:FightSabre+1","Dark Embrace+1","Voices","ReachHeaven","DemoMod:BoxingGlove+1","ForeignInfluence+1","Parasite","Run Through+1","Pain","ForeignInfluence+1","TalkToTheHand+1","Pain","Vengeance","ReplayTheSpireMod:Restless Dread","ReplaySort+1","Redo","DemoMod:Casey+1","Languid","Blade Dance","Wish","Clumsy"],"relics":["Cursed Key","Darkstone Periapt","Du-Vu Doll","TwistedFunnel","Letter Opener","Matryoshka","DemoMod:MeltedRock","Tingsha","Replay:Grab Bag","SlaversCollar","ChewingGum","Astrolabe","DemoMod:RiddleOfLead","ReplayTheSpireMod:Ring of Exchange","Ring of Peace","CeramicFish","Simple Rune","Orichalcum","Ninja Scroll","Meat on the Bone","Replay:Arrowhead","Replay:Bottled Steam","Replay:Drink Me","Pondfish Scales","Pantograph","Replay:Rubber Ducky","DemoMod:PartiallyEatenCheese","Red Mask","Garlic","Mummified Hand","Frozen Egg 2","DemoMod:GlassGuonStoneRelic","Snake Skull","Blue Doll"],"acts_visited":["Exordium","TheCity","TheBeyond"],"potions_floor_usage":[6,10,16,23,25,27,33,36,47,50,50],"damage_taken":[{"damage":0,"enemies":"Cultist","floor":1,"turns":4},{"damage":0,"enemies":"Small Slimes","floor":2,"turns":4},{"damage":3,"enemies":"Jaw Worm","floor":3,"turns":3},{"damage":13,"enemies":"Exordium Thugs","floor":4,"turns":9},{"damage":20,"enemies":"3 Sentries","floor":6,"turns":10},{"damage":0,"enemies":"2 Fungi Beasts","floor":7,"turns":2},{"damage":13,"enemies":"Gremlin Nob","floor":10,"turns":4},{"damage":0,"enemies":"Looter","floor":11,"turns":3},{"damage":2,"enemies":"Blue Slaver","floor":12,"turns":4},{"damage":22,"enemies":"Hexaghost","floor":16,"turns":10},{"damage":0,"enemies":"3 Byrds","floor":18,"turns":2},{"damage":0,"enemies":"Shell Parasite","floor":22,"turns":2},{"damage":0,"enemies":"Sentry and Sphere","floor":23,"turns":3},{"damage":0,"enemies":"Replay:Snechameleon","floor":24,"turns":4},{"damage":5,"enemies":"Snake Plant","floor":25,"turns":3},{"damage":0,"enemies":"Slavers","floor":27,"turns":2},{"damage":0,"enemies":"Gremlin Leader","floor":28,"turns":4},{"damage":0,"enemies":"Book of Stabbing","floor":30,"turns":4},{"damage":0,"enemies":"Snecko","floor":31,"turns":2},{"damage":0,"enemies":"Collector","floor":33,"turns":7},{"damage":6,"enemies":"3 Shapes","floor":35,"turns":2},{"damage":7,"enemies":"2 Orb Walkers","floor":36,"turns":4},{"damage":8,"enemies":"Orb Walker","floor":39,"turns":2},{"damage":0,"enemies":"Reptomancer","floor":40,"turns":2},{"damage":1,"enemies":"Writhing Mass","floor":42,"turns":4},{"damage":0,"enemies":"4 Shapes","floor":44,"turns":2},{"damage":11,"enemies":"Maw","floor":45,"turns":3},{"damage":17,"enemies":"Transient","floor":46,"turns":5},{"damage":16,"enemies":"Nemesis","floor":47,"turns":3},{"damage":0,"enemies":"4 Shapes","floor":48,"turns":2},{"damage":12,"enemies":"Awakened One","floor":50,"turns":5}],"seed_played":"9091901603564859836","potions_obtained":[{"floor":4,"key":"GamblersBrew"},{"floor":7,"key":"CunningPotion"},{"floor":11,"key":"DistilledChaos"},{"floor":12,"key":"Energy Potion"},{"floor":23,"key":"PowerPotion"},{"floor":25,"key":"AttackPotion"},{"floor":27,"key":"SpeedPotion"},{"floor":30,"key":"Doom Potion"},{"floor":33,"key":"DemoMod:LeadSkinPotion"},{"floor":35,"key":"Flashbang"},{"floor":36,"key":"Strength Potion"},{"floor":44,"key":"Reflective Coating"},{"floor":48,"key":"Energy Potion"},{"floor":49,"key":"DemoMod:BlankPotion"}],"is_trial":false,"path_per_floor":["M","M","M","M","$","E","M","R","T","E","M","M","?","$","R","B",null,"M","?","?","$","M","M","E","M","T","E","E","R","E","M","R","B",null,"M","?","$","?","M","E","R","M","T","M","M","M","E","M","R","B",null],"character_chosen":"THE_SILENT","items_purchased":["TwistedFunnel","Tingsha","Conserve Battery","Pantograph","Replay:Rubber Ducky","DemoMod:PartiallyEatenCheese"],"campfire_rested":1,"item_purchase_floors":[5,14,14,37,37,37],"current_hp_per_floor":[70,70,67,54,54,34,34,34,40,27,27,25,25,31,55,39,98,98,98,104,104,104,104,104,99,105,105,105,105,105,105,105,111,87,81,74,80,80,72,72,72,71,77,77,66,61,57,57,63,82],"gold":287,"neow_bonus":"","is_daily":true,"chose_seed":false,"campfire_upgraded":4,"win_rate":0.0,"timestamp":1609332863,"path_taken":["M","M","?","?","$","E","M","R","T","?","M","M","?","$","R","BOSS","M","?","?","$","M","?","E","M","T","?","E","R","E","M","R","BOSS","M","?","$","?","M","E","R","M","T","?","M","M","?","M","R","BOSS"],"items_purchased_type":["Relic","Relic","Card","Relic","Relic","Relic"],"build_version":"2020-12-22","purchased_purges":0,"victory":true,"max_hp_per_floor":[70,70,70,70,70,70,70,70,76,76,76,76,76,82,82,88,98,98,98,104,104,104,104,104,104,110,110,110,110,110,110,110,116,87,87,87,93,93,93,93,93,93,99,99,99,99,99,99,105,111],"relic_stats":{"Darkstone Periapt":60,"counters":[31,120],"Astrolabe":["ForeignInfluence","DemoMod:FightSabre","Dark Embrace"],"CeramicFish":153,"Tingsha":[37],"Snake Skull":[7],"Letter Opener":[73],"Orichalcum":[42],"Cursed Key":3,"Mummified Hand":[3],"Pantograph":25,"obtain_stats":[{"Darkstone Periapt":0,"TwistedFunnel":5,"ReplayTheSpireMod:Ring of Exchange":20,"CeramicFish":24,"Blue Doll":49,"DemoMod:GlassGuonStoneRelic":12,"Snake Skull":47,"Cursed Key":0,"DemoMod:RiddleOfLead":17,"Replay:Rubber Ducky":37,"Matryoshka":9,"Ninja Scroll":27,"Mummified Hand":43,"Ring of Peace":20,"Pantograph":37,"DemoMod:MeltedRock":10,"Red Mask":38,"Replay:Drink Me":34,"Replay:Bottled Steam":32,"Replay:Grab Bag":17,"Astrolabe":17,"Tingsha":14,"DemoMod:PartiallyEatenCheese":37,"Letter Opener":6,"Orichalcum":26,"Frozen Egg 2":43,"Replay:Arrowhead":30,"Du-Vu Doll":0,"SlaversCollar":17,"Pondfish Scales":36,"ChewingGum":17,"Simple Rune":26,"Garlic":40,"Meat on the Bone":28},{"Darkstone Periapt":0,"TwistedFunnel":4,"ReplayTheSpireMod:Ring of Exchange":11,"CeramicFish":14,"Blue Doll":30,"DemoMod:GlassGuonStoneRelic":9,"Snake Skull":29,"Cursed Key":0,"DemoMod:RiddleOfLead":10,"Replay:Rubber Ducky":22,"Matryoshka":6,"Ninja Scroll":16,"Mummified Hand":25,"Ring of Peace":11,"Pantograph":22,"DemoMod:MeltedRock":7,"Red Mask":22,"Replay:Drink Me":20,"Replay:Bottled Steam":19,"Replay:Grab Bag":10,"Astrolabe":10,"Tingsha":9,"DemoMod:PartiallyEatenCheese":22,"Letter Opener":5,"Orichalcum":15,"Frozen Egg 2":25,"Replay:Arrowhead":18,"Du-Vu Doll":0,"SlaversCollar":10,"Pondfish Scales":22,"ChewingGum":10,"Simple Rune":15,"Garlic":24,"Meat on the Bone":17},{"Darkstone Periapt":0,"TwistedFunnel":20,"ReplayTheSpireMod:Ring of Exchange":55,"CeramicFish":64,"Blue Doll":115,"DemoMod:GlassGuonStoneRelic":43,"Snake Skull":113,"Cursed Key":0,"DemoMod:RiddleOfLead":53,"Replay:Rubber Ducky":92,"Matryoshka":32,"Ninja Scroll":69,"Mummified Hand":100,"Ring of Peace":55,"Pantograph":92,"DemoMod:MeltedRock":36,"Red Mask":92,"Replay:Drink Me":86,"Replay:Bottled Steam":79,"Replay:Grab Bag":53,"Astrolabe":53,"Tingsha":43,"DemoMod:PartiallyEatenCheese":92,"Letter Opener":30,"Orichalcum":67,"Frozen Egg 2":100,"Replay:Arrowhead":77,"Du-Vu Doll":0,"SlaversCollar":53,"Pondfish Scales":92,"ChewingGum":53,"Simple Rune":67,"Garlic":96,"Meat on the Bone":73}],"Meat on the Bone":24},"card_choices":[{"not_picked":["DemoMod:ConditionalReflex","Poisoned Stab"],"picked":"EmptyBody","floor":1},{"not_picked":["Sucker Punch","ReachHeaven"],"picked":"Beam Cell","floor":2},{"not_picked":["Undo","DemoMod:Ejector","Finisher"],"picked":"SKIP","floor":3},{"not_picked":["Warcry","Redo"],"picked":"Sword Boomerang","floor":4},{"not_picked":["DemoMod:Casey","Acrobatics"],"picked":"Genetic Algorithm","floor":6},{"not_picked":["Streamline","ReplayTheSpireMod:Corrosion Curse"],"picked":"DeusExMachina","floor":7},{"not_picked":["Replay:BluntJabs","ClearTheMind"],"picked":"Iron Wave","floor":10},{"not_picked":["Clothesline","Slice"],"picked":"Heavy Blade","floor":11},{"not_picked":["Envenom","Dodge and Roll","Finisher"],"picked":"SKIP","floor":12},{"not_picked":["Grand Finale","Corpse Explosion"],"picked":"DemoMod:FinishedGun","floor":16},{"not_picked":["Reflex","Replay:Vibes","Recycle"],"picked":"SKIP","floor":18},{"not_picked":["Heel Hook","Meditate+1"],"picked":"ReachHeaven","floor":22},{"not_picked":["Blizzard","Skewer"],"picked":"DemoMod:BoxingGlove+1","floor":23},{"not_picked":["Reprogram","Twin Strike"],"picked":"ForeignInfluence","floor":24},{"not_picked":["Turbo+1","Steam Power"],"picked":"DemoMod:Rummage","floor":25},{"not_picked":["Heatsinks","BowlingBash+1","DemoMod:FightSabre"],"picked":"SKIP","floor":27},{"not_picked":["ReplayTheSpireMod:Strike From Hell+1","Feed","Weave"],"picked":"SKIP","floor":28},{"not_picked":["Recycle+1","MentalFortress","ClearTheMind"],"picked":"SKIP","floor":30},{"not_picked":["DemoMod:BoxingGlove","Replay:ManipulateFuture"],"picked":"Run Through+1","floor":31},{"not_picked":["Flame Barrier+1","Barrage"],"picked":"ForeignInfluence+1","floor":35},{"not_picked":["Searing Blow","EmptyBody+1"],"picked":"TalkToTheHand+1","floor":36},{"not_picked":["ReplayTheSpireMod:Repulse+1","Clothesline","BootSequence+1"],"picked":"SKIP","floor":39},{"not_picked":["Carnage","Setup+1"],"picked":"Vengeance","floor":40},{"not_picked":["DemoMod:MachoBrace","ClearTheMind","Sunder+1"],"picked":"SKIP","floor":42},{"not_picked":["Replay:Battleflow+1","ReplayTheSpireMod:Strike From Hell+1","Evaluate"],"picked":"SKIP","floor":44},{"not_picked":["DemoMod:GunstockTap","DemoMod:DirectionalPad"],"picked":"ReplaySort+1","floor":45},{"not_picked":["Consecrate+1","DemoMod:GunstockTap+1"],"picked":"Redo","floor":46},{"not_picked":["DemoMod:BoxingGlove","DemoMod:AC15+1","DemoMod:BattleInHaste"],"picked":"SKIP","floor":47},{"not_picked":["Hidden Blade","Force Field"],"picked":"DemoMod:Casey+1","floor":48},{"not_picked":["Turbo","Double Energy+1"],"picked":"Blade Dance","floor":49},{"not_picked":["Conserve Battery","Doom and Gloom+1"],"picked":"Wish","floor":49}],"player_experience":143805,"relics_obtained":[{"floor":6,"key":"Letter Opener"},{"floor":9,"key":"Matryoshka"},{"floor":10,"key":"DemoMod:MeltedRock"},{"floor":20,"key":"ReplayTheSpireMod:Ring of Exchange"},{"floor":20,"key":"Ring of Peace"},{"floor":24,"key":"CeramicFish"},{"floor":26,"key":"Simple Rune"},{"floor":26,"key":"Orichalcum"},{"floor":27,"key":"Ninja Scroll"},{"floor":28,"key":"Meat on the Bone"},{"floor":30,"key":"Replay:Arrowhead"},{"floor":32,"key":"Replay:Bottled Steam"},{"floor":36,"key":"Pondfish Scales"},{"floor":40,"key":"Garlic"},{"floor":43,"key":"Mummified Hand"},{"floor":43,"key":"Frozen Egg 2"},{"floor":47,"key":"Snake Skull"},{"floor":49,"key":"Blue Doll"}],"event_choices":[{"cards_removed":["Defend_G"],"damage_healed":0,"gold_gain":0,"player_choice":"Card Removal","damage_taken":0,"max_hp_gain":0,"max_hp_loss":0,"event_name":"Wheel of Change","floor":13,"gold_loss":0},{"damage_healed":0,"gold_gain":0,"player_choice":"Ignored","damage_taken":0,"max_hp_gain":0,"max_hp_loss":0,"event_name":"Ghosts","floor":19,"gold_loss":0},{"damage_healed":0,"gold_gain":0,"player_choice":"Fight","damage_taken":0,"max_hp_gain":0,"max_hp_loss":0,"event_name":"Mysterious Sphere","floor":36,"gold_loss":0},{"damage_healed":0,"gold_gain":0,"player_choice":"Paid","damage_taken":0,"relics_obtained":["Red Mask"],"max_hp_gain":0,"max_hp_loss":0,"event_name":"Tomb of Lord Red Mask","floor":38,"gold_loss":4}],"is_beta":false,"boss_relics":[{"not_picked":["Empty Cage","Busted Crown"],"picked":"Replay:Grab Bag"},{"not_picked":["Runic Dome","Sozu"],"picked":"SlaversCollar"},{"not_picked":["Velvet Choker","Fusion Hammer"],"picked":"ChewingGum"},{"not_picked":["Snecko Eye","DemoMod:WaxWing"],"picked":"Astrolabe"},{"not_picked":["Honey Jar","Calling Bell"],"picked":"DemoMod:RiddleOfLead"},{"not_picked":["Replay:Bronze Core","TheAbacus"],"picked":"Replay:Drink Me"}],"items_purged_floors":[],"is_endless":false,"potions_floor_spawned":[4,7,11,12,23,25,27,30,33,35,36,44,45,48],"ascension_level":0}}