{"host":"gzsdmyo07u314vug","time":1609325725,"event":{"mods":["2.2 Compatiblity","BaseMod","Downfall","GifTheSpireLib","Minty Spire (QoL Compilation)","Quick Restart","Rare Cards Sparkle","Relic Stats","Replay The Spire","Shop Mod","StSLib","The Bug Knight","The Construct","The Elementalist","The Servant 0.9.4","Unceasing Turn Reminder","everything is the same but u backflip on backflip","slay the spire mod where everything is the same but ironclad has a cowboy hat","vexMod"],"gold_per_floor":[117,117,2,14,30,30,63,63,113,128,89,89,102,113,113,185,185,201,116,116,135,50,50,60,60,60,71,91,91,110,123,123,200,200,219,232,44,61,68,68,68,68],"floor_reached":41,"playtime":2521,"items_purged":["Strike_G","Strike_G"],"score":794,"play_id":"5d01c6e1-d2b5-414c-b609-20466d685154","local_time":"20201230075525","is_ascension_mode":true,"campfire_choices":[{"data":"Dagger Spray","floor":6.0,"key":"SMITH"},{"data":"Noxious Fumes","floor":8.0,"key":"SMITH"},{"data":"Venomology","floor":15.0,"key":"SMITH"},{"data":"Footwork","floor":23.0,"key":"SMITH"},{"data":"Burst","floor":25.0,"key":"SMITH"},{"data":"Eviscerate","floor":29.0,"key":"SMITH"},{"floor":32.0,"key":"REST"},{"floor":40,"key":"REST"}],"circlet_count":0,"master_deck":["AscendersBane","Defend_G","Defend_G","Defend_G","Defend_G","Defend_G","Survivor","Neutralize","Dagger Spray+1","Blade Dance+1","Eviscerate+1","Backflip","Noxious Fumes+1","Terror","Venomology+1","Infinite Blades","Burst+1","Prepared","Heel Hook","Footwork+1","Dagger Throw","Deflect+1","Caltrops","Backflip","Glass Knife","Prepared","Noxious Fumes","Tactician","ReplayTheSpireMod:Speed Training"],"relics":["Ring of the Snake","NeowsBlessing","Guardian:PocketSentry","Pet Ghost","Centennial Puzzle","construct:WeddingRing","vexMod:BarristanHead","Blue Candle","Empty Cage","Pocketwatch"],"acts_visited":["Exordium","TheCity","TheBeyond"],"potions_floor_usage":[33,36,38,38,41,41],"damage_taken":[{"damage":0.0,"enemies":"Cultist","floor":1.0,"turns":1.0},{"damage":0.0,"enemies":"Small Slimes","floor":4.0,"turns":1.0},{"damage":0.0,"enemies":"Jaw Worm","floor":5.0,"turns":1.0},{"damage":12.0,"enemies":"Replay:BlueRogue","floor":7.0,"turns":5.0},{"damage":1.0,"enemies":"Blue Slaver","floor":10.0,"turns":2.0},{"damage":0.0,"enemies":"Gremlin Gang","floor":13.0,"turns":2.0},{"damage":0.0,"enemies":"3 Louse","floor":14.0,"turns":1.0},{"damage":9.0,"enemies":"Hexaghost","floor":16.0,"turns":8.0},{"damage":0.0,"enemies":"Spheric Guardian","floor":18.0,"turns":3.0},{"damage":4.0,"enemies":"2 Thieves","floor":21.0,"turns":3.0},{"damage":10.0,"enemies":"Snake Plant","floor":24.0,"turns":4.0},{"damage":4.0,"enemies":"3 Cultists","floor":27.0,"turns":4.0},{"damage":6.0,"enemies":"Centurion and Healer","floor":28.0,"turns":5.0},{"damage":6.0,"enemies":"Snecko","floor":30.0,"turns":4.0},{"damage":0.0,"enemies":"3 Cultists","floor":31.0,"turns":4.0},{"damage":20,"enemies":"Champ","floor":33,"turns":14},{"damage":6,"enemies":"Orb Walker","floor":35,"turns":3},{"damage":30,"enemies":"3 Darklings","floor":36,"turns":6},{"damage":16,"enemies":"Jaw Worm Horde","floor":38,"turns":5},{"damage":25,"enemies":"Nemesis","floor":41,"turns":7}],"seed_played":"-8778177654323636760","potions_obtained":[{"floor":4.0,"key":"FearPotion"},{"floor":14.0,"key":"Slimebound:ThreeZeroPotion"},{"floor":20.0,"key":"DistilledChaos"},{"floor":20.0,"key":"Ancient Potion"},{"floor":27.0,"key":"BlessingOfTheForge"},{"floor":28.0,"key":"SteroidPotion"},{"floor":38,"key":"Dexterity Potion"}],"is_trial":false,"path_per_floor":["M","T","$","M","M","R","E","R","T","M","?","?","M","M","R","B",null,"M","?","?","M","$","R","M","R","T","M","M","R","M","M","R","B",null,"M","M","$","M","?","R","E"],"character_chosen":"THE_SILENT","items_purchased":["Blade Dance+1","Footwork","Noxious Fumes"],"campfire_rested":2,"item_purchase_floors":[3,22,37],"current_hp_per_floor":[59,59,59,59,59,59,47,47,47,46,46,39,39,39,39,30,57,57,57,57,53,53,53,43,43,43,39,33,33,27,27,46,26,56,50,20,20,4,4,23,0,0],"gold":68,"neow_bonus":"THREE_ENEMY_KILL","is_daily":false,"chose_seed":false,"campfire_upgraded":6,"win_rate":0.0,"timestamp":1609325725,"path_taken":["M","?","$","M","M","R","E","R","T","M","?","?","M","M","R","BOSS","M","?","?","M","$","R","M","R","T","M","M","R","M","M","R","BOSS","M","?","$","M","?","R","E"],"items_purchased_type":["Card","Card","Card"],"build_version":"2020-12-22","purchased_purges":2,"victory":false,"max_hp_per_floor":[66,66,66,66,66,66,66,66,66,66,66,66,66,66,66,66,66,66,66,66,66,66,66,66,66,66,66,66,66,66,66,66,66,66,66,66,66,66,66,66,66,66],"relic_stats":{"Centennial Puzzle":[36],"counters":[20,83],"Blue Candle":[0],"obtain_stats":[{"Centennial Puzzle":9,"construct:WeddingRing":17,"vexMod:BarristanHead":19,"NeowsBlessing":0,"Blue Candle":26,"Guardian:PocketSentry":2,"Empty Cage":34,"Pet Ghost":7,"Ring of the Snake":0,"Pocketwatch":39},{"Centennial Puzzle":4,"construct:WeddingRing":8,"vexMod:BarristanHead":9,"NeowsBlessing":0,"Blue Candle":11,"Guardian:PocketSentry":1,"Empty Cage":16,"Pet Ghost":4,"Ring of the Snake":0,"Pocketwatch":19},{"Centennial Puzzle":8,"construct:WeddingRing":21,"vexMod:BarristanHead":24,"NeowsBlessing":0,"Blue Candle":31,"Guardian:PocketSentry":1,"Empty Cage":62,"Pet Ghost":8,"Ring of the Snake":0,"Pocketwatch":76}],"Ring of the Snake":[40],"Pocketwatch":[3]},"card_choices":[{"not_picked":["Slice","Prepared"],"picked":"Dagger Spray","floor":1.0},{"not_picked":["Dagger Throw","Expertise"],"picked":"Eviscerate","floor":4.0},{"not_picked":["Backstab","Sucker Punch"],"picked":"Backflip","floor":5.0},{"not_picked":["Quick Slash","Dodge and Roll"],"picked":"Noxious Fumes","floor":7.0},{"not_picked":["Caltrops","Dagger Spray"],"picked":"Terror","floor":10.0},{"not_picked":["Blur","Predator"],"picked":"Venomology","floor":13.0},{"not_picked":["Blade Dance","Underhanded Strike"],"picked":"Infinite Blades","floor":14.0},{"not_picked":["Phantasmal Killer","Atom Bomb"],"picked":"Burst","floor":16.0},{"not_picked":["PiercingWail","Poisoned Stab+1"],"picked":"Prepared","floor":18.0},{"not_picked":["Fluid Movement+1","Slice"],"picked":"Heel Hook","floor":21.0},{"not_picked":["Setup","Dodge and Roll"],"picked":"Dagger Throw","floor":24.0},{"not_picked":["Distraction","PiercingWail"],"picked":"Deflect+1","floor":27.0},{"not_picked":["Quick Slash","Expertise","Fluid Movement"],"picked":"SKIP","floor":28.0},{"not_picked":["Acrobatics","Deflect"],"picked":"Caltrops","floor":30.0},{"not_picked":["Deadly Poison","Dodge and Roll"],"picked":"Backflip","floor":31.0},{"not_picked":["Grand Finale","Phantasmal Killer"],"picked":"Glass Knife","floor":33},{"not_picked":["Quick Slash+1","Flying Knee"],"picked":"Prepared","floor":35},{"not_picked":["Backflip+1","Dagger Throw","ReplayTheSpireMod:Tripwire"],"picked":"SKIP","floor":36},{"not_picked":["Calculated Gamble+1","Dagger Throw+1"],"picked":"Tactician","floor":38},{"not_picked":["Grand Finale","Outmaneuver"],"picked":"ReplayTheSpireMod:Speed Training","floor":39}],"player_experience":602799,"relics_obtained":[{"floor":2.0,"key":"Guardian:PocketSentry"},{"floor":7.0,"key":"Pet Ghost"},{"floor":9.0,"key":"Centennial Puzzle"},{"floor":26.0,"key":"Blue Candle"},{"floor":39,"key":"Pocketwatch"}],"event_choices":[{"damage_healed":0.0,"max_hp_gain":0.0,"max_hp_loss":0.0,"gold_gain":0.0,"event_name":"World of Goop","player_choice":"Left Gold","floor":11.0,"gold_loss":39.0,"damage_taken":0.0},{"cards_removed":["Strike_G"],"damage_healed":0.0,"max_hp_gain":0.0,"max_hp_loss":0.0,"gold_gain":0.0,"event_name":"Golden Wing","player_choice":"Card Removal","floor":12.0,"gold_loss":0.0,"damage_taken":7.0},{"damage_healed":0.0,"max_hp_gain":0.0,"max_hp_loss":0.0,"gold_gain":0.0,"event_name":"Addict","player_choice":"Obtained Relic","floor":19.0,"gold_loss":85.0,"damage_taken":0.0,"relics_obtained":["vexMod:BarristanHead"]},{"damage_healed":0.0,"max_hp_gain":0.0,"max_hp_loss":0.0,"gold_gain":0.0,"event_name":"Lab","player_choice":"Got Potions","floor":20.0,"gold_loss":0.0,"damage_taken":0.0}],"is_beta":false,"boss_relics":[{"not_picked":["Replay:Bronze Core","Philosopher\u0027s Stone"],"picked":"construct:WeddingRing"},{"not_picked":["vexMod:TanglingVine","Velvet Choker"],"picked":"Empty Cage"}],"items_purged_floors":[3,37],"is_endless":false,"potions_floor_spawned":[4,14,24,27,28,30,38],"killed_by":"Nemesis","ascension_level":20}}