{"host":"qgrlfjrqk9z96gfi","time":1609297822,"event":{"mods":["BaseMod","Block Reminder","Colored Map","DeckTracker","Minty Spire (QoL Compilation)"],"gold_per_floor":[113,5,105,120,135,135,169,169,169,182,248,277,277,307,307,378,378,395,410,410,421,167,186,186,226,226,279,279,322,222,251,251,251,251],"floor_reached":33,"playtime":1136,"items_purged":["Strike_G","Strike_G"],"score":570,"play_id":"bf9c9b78-5f44-4187-ba18-a14912f1f2dd","local_time":"20201229171022","is_ascension_mode":true,"campfire_choices":[{"data":"Deadly Poison","floor":6.0,"key":"SMITH"},{"floor":8.0,"key":"REST"},{"data":"Noxious Fumes","floor":15.0,"key":"SMITH"},{"data":"Footwork","floor":24.0,"key":"SMITH"},{"floor":28,"key":"REST"},{"floor":32,"key":"REST"}],"circlet_count":0,"master_deck":["AscendersBane","Strike_G","Strike_G","Strike_G","Defend_G","Defend_G","Defend_G","Defend_G","Defend_G","Survivor","Neutralize","Dagger Throw","Deadly Poison+1","Dagger Spray","Backstab","Noxious Fumes+1","Catalyst","Dash+1","Bane+1","Corpse Explosion","Dodge and Roll","Acrobatics","Leg Sweep","PiercingWail","HandOfGreed+1","Footwork+1","Deadly Poison+1","Wraith Form v2","Tactician+1"],"relics":["Ring of the Snake","Molten Egg 2","Happy Flower","Blood Vial","Juzu Bracelet","Sozu","Question Card","Red Mask","CeramicFish"],"acts_visited":["Exordium","TheCity"],"potions_floor_usage":[],"damage_taken":[{"damage":7.0,"enemies":"Jaw Worm","floor":1.0,"turns":5.0},{"damage":0.0,"enemies":"Cultist","floor":4.0,"turns":3.0},{"damage":0.0,"enemies":"2 Louse","floor":5.0,"turns":3.0},{"damage":25.0,"enemies":"Lagavulin","floor":7.0,"turns":7.0},{"damage":2.0,"enemies":"2 Fungi Beasts","floor":10.0,"turns":3.0},{"damage":36.0,"enemies":"Gremlin Nob","floor":12.0,"turns":4.0},{"damage":20.0,"enemies":"3 Sentries","floor":14.0,"turns":7.0},{"damage":19.0,"enemies":"The Guardian","floor":16.0,"turns":9.0},{"damage":0.0,"enemies":"Chosen","floor":18.0,"turns":3.0},{"damage":0.0,"enemies":"Spheric Guardian","floor":19.0,"turns":2.0},{"damage":25.0,"enemies":"Centurion and Healer","floor":21.0,"turns":3.0},{"damage":0.0,"enemies":"Snecko","floor":23.0,"turns":4.0},{"damage":11.0,"enemies":"Cultist and Chosen","floor":25.0,"turns":7.0},{"damage":8,"enemies":"Masked Bandits","floor":27,"turns":4},{"damage":60,"enemies":"Slavers","floor":29,"turns":5},{"damage":0,"enemies":"Centurion and Healer","floor":31,"turns":6},{"damage":47,"enemies":"Champ","floor":33,"turns":9}],"seed_played":"-1759805877807093765","potions_obtained":[{"floor":4.0,"key":"Poison Potion"},{"floor":5.0,"key":"Fruit Juice"},{"floor":12.0,"key":"Energy Potion"},{"floor":16.0,"key":"ColorlessPotion"}],"is_trial":false,"path_per_floor":["M","$","?","M","M","R","E","R","T","M","?","E","?","E","R","B",null,"M","M","?","M","$","M","R","M","T","?","R","E","$","M","R","B"],"character_chosen":"THE_SILENT","items_purchased":["Deadly Poison","Dagger Spray","HandOfGreed+1"],"campfire_rested":3,"item_purchase_floors":[2,2,22],"current_hp_per_floor":[52,52,52,52,52,52,32,53,53,51,51,15,81,61,61,44,72,74,76,76,53,53,55,55,46,46,40,64,6,6,8,32,0,0],"gold":251,"neow_bonus":"ONE_RANDOM_RARE_CARD","is_daily":false,"chose_seed":false,"campfire_upgraded":3,"win_rate":0.0,"timestamp":1609297822,"path_taken":["M","$","?","?","M","R","E","R","T","M","?","E","?","E","R","BOSS","M","M","?","M","$","M","R","M","T","?","R","E","?","M","R","BOSS"],"items_purchased_type":["Card","Card","Card"],"build_version":"2020-12-22","purchased_purges":2,"victory":false,"max_hp_per_floor":[66,66,66,66,66,66,71,71,71,71,71,71,81,81,81,81,81,81,81,81,81,81,81,81,81,81,81,81,81,81,81,81,81,81],"card_choices":[{"not_picked":["Reflex","Accuracy"],"picked":"Dagger Throw","floor":1.0},{"not_picked":["Blur","Underhanded Strike"],"picked":"Backstab","floor":4.0},{"not_picked":["Underhanded Strike","Endless Agony","Dagger Spray"],"picked":"SKIP","floor":5.0},{"not_picked":["Wraith Form v2","Quick Slash+1"],"picked":"Noxious Fumes","floor":7.0},{"not_picked":["Acrobatics","Dagger Spray+1"],"picked":"Catalyst","floor":10.0},{"not_picked":["Terror","PiercingWail"],"picked":"Dash+1","floor":12.0},{"not_picked":["Catalyst","Accuracy"],"picked":"Bane+1","floor":14.0},{"not_picked":["Burst","After Image"],"picked":"Corpse Explosion","floor":16.0},{"not_picked":["Cloak And Dagger","Dagger Throw+1"],"picked":"Dodge and Roll","floor":18.0},{"not_picked":["Tactician","Concentrate"],"picked":"Acrobatics","floor":19.0},{"not_picked":["Flying Knee+1","Choke+1"],"picked":"PiercingWail","floor":21.0},{"not_picked":["Expertise","Acrobatics"],"picked":"Footwork","floor":23.0},{"not_picked":["Poisoned Stab+1","Deflect","Flechettes+1"],"picked":"SKIP","floor":25.0},{"not_picked":["Flying Knee+1","Bane+1","Slice+1"],"picked":"Deadly Poison+1","floor":27},{"not_picked":["Poisoned Stab+1","Cloak And Dagger","Flying Knee+1"],"picked":"Wraith Form v2","floor":29},{"not_picked":["Expertise","Eviscerate+1","Terror"],"picked":"Tactician+1","floor":31}],"player_experience":946219,"relics_obtained":[{"floor":7.0,"key":"Molten Egg 2"},{"floor":9.0,"key":"Happy Flower"},{"floor":12.0,"key":"Blood Vial"},{"floor":14.0,"key":"Juzu Bracelet"},{"floor":26.0,"key":"Question Card"},{"floor":27,"key":"Red Mask"},{"floor":29,"key":"CeramicFish"}],"event_choices":[{"damage_healed":0.0,"max_hp_gain":0.0,"max_hp_loss":0.0,"gold_gain":100.0,"event_name":"Wheel of Change","player_choice":"Gold","floor":3.0,"gold_loss":0.0,"damage_taken":0.0},{"damage_healed":0.0,"max_hp_gain":0.0,"max_hp_loss":0.0,"gold_gain":66.0,"event_name":"Golden Wing","player_choice":"Gained Gold","floor":11.0,"gold_loss":0.0,"damage_taken":0.0},{"cards_removed":["Night Terror"],"damage_healed":56.0,"max_hp_gain":10.0,"max_hp_loss":0.0,"gold_gain":0.0,"event_name":"Bonfire Elementals","player_choice":"Offered Rare","floor":13.0,"gold_loss":0.0,"damage_taken":0.0},{"damage_healed":0.0,"max_hp_gain":0.0,"max_hp_loss":0.0,"gold_gain":0.0,"event_name":"The Library","player_choice":"Read","floor":20.0,"gold_loss":0.0,"damage_taken":0.0,"cards_obtained":["Leg Sweep"]},{"damage_healed":0,"gold_gain":0,"player_choice":"Fought Bandits","damage_taken":0,"max_hp_gain":0,"max_hp_loss":0,"event_name":"Masked Bandits","floor":27,"gold_loss":0}],"is_beta":false,"boss_relics":[{"not_picked":["Pandora\u0027s Box","Velvet Choker"],"picked":"Sozu"}],"items_purged_floors":[22,30],"is_endless":false,"potions_floor_spawned":[4,5,12,16,19,21,27,31],"killed_by":"Champ","ascension_level":20}}