{"host":"qc1sjgtdjonvdsd8","time":1609328660,"event":{"mods":["BaseMod","Colored Map","Colored Powertips","Curses Come First","Minty Spire (QoL Compilation)","Replay The Spire","StSLib"],"gold_per_floor":[117,117,132,150,75,75,108,108,108,108,186,186,206,226,226,328,328,348,366,266,276,290,290,321,321,321,355,386,172,182,97,97,194,194,204,54,54,72,72,72,107,107,133,144,144,161,208,208,208],"floor_reached":48,"playtime":3375,"items_purged":["Defend_P","Parasite","Spreading Infection","Defend_P"],"score":823,"play_id":"9c21e60d-5153-4434-af51-7d7457c1515e","local_time":"20201230034420","is_ascension_mode":false,"campfire_choices":[{"data":"ForeignInfluence","floor":6,"key":"SMITH"},{"data":"Eruption","floor":8,"key":"SMITH"},{"floor":23,"key":"REST"},{"floor":32,"key":"REST"},{"data":"Vault","floor":40,"key":"SMITH"},{"floor":45,"key":"RECALL"}],"circlet_count":0,"master_deck":["Strike_P","Strike_P","Strike_P","Defend_P","Eruption+1","Vigilance","FlurryOfBlows+1","ForeignInfluence+1","Steam","Consecrate","FollowUp","TalkToTheHand+1","Tantrum","LikeWater","Vault+1","Crescendo","FlyingSleeves+1","FlurryOfBlows+1","Consecrate","Halt","EmptyFist","EmptyBody+1","Flash of Steel","Perseverance","FlurryOfBlows+1","InnerPeace+1","Halt+1","Deep Breath","CutThroughFate+1","Hallucinations","Replay:Hysterical Blindness","BowlingBash","Adaptation","FlurryOfBlows+1","Looming Evil"],"relics":["Cursed Key","Prayer Wheel","Bottled Flame","Black Star","Dream Catcher","Boot","CaptainsWheel","Red Mask","Bag of Marbles","Happy Flower","Tiny Chest","Ring of Chaos","Replay:Multitool","Replay:Bottled Eggs","Blue Candle","Blue Doll","Anchor"],"acts_visited":["Exordium","TheCity","TheBeyond"],"potions_floor_usage":[24,27,28,41],"damage_taken":[{"damage":0,"enemies":"2 Louse","floor":1,"turns":4},{"damage":0,"enemies":"Jaw Worm","floor":3,"turns":1},{"damage":0,"enemies":"Cultist","floor":4,"turns":2},{"damage":7,"enemies":"3 Sentries","floor":7,"turns":3},{"damage":0,"enemies":"Blue Slaver","floor":13,"turns":1},{"damage":0,"enemies":"2 Fungi Beasts","floor":14,"turns":2},{"damage":0,"enemies":"Slime Boss","floor":16,"turns":1},{"damage":0,"enemies":"Chosen","floor":18,"turns":3},{"damage":20,"enemies":"Shell Parasite","floor":19,"turns":3},{"damage":16,"enemies":"Centurion and Healer","floor":21,"turns":4},{"damage":15,"enemies":"Cultist and Chosen","floor":22,"turns":4},{"damage":0,"enemies":"Replay:Snechameleon","floor":24,"turns":4},{"damage":0,"enemies":"Masked Bandits","floor":27,"turns":2},{"damage":0,"enemies":"Gremlin Leader","floor":28,"turns":3},{"damage":18,"enemies":"3 Cultists","floor":30,"turns":4},{"damage":27,"enemies":"Pondfish","floor":33,"turns":11},{"damage":6,"enemies":"3 Shapes","floor":35,"turns":4},{"damage":0,"enemies":"Orb Walker","floor":38,"turns":1},{"damage":24,"enemies":"R_Hoarder","floor":41,"turns":10},{"damage":15,"enemies":"Sphere and 2 Shapes","floor":44,"turns":5},{"damage":1,"enemies":"Transient","floor":46,"turns":6},{"damage":43,"enemies":"Spire Growth","floor":48,"turns":2}],"seed_played":"8849852939938888881","potions_obtained":[{"floor":4,"key":"Dexterity Potion"},{"floor":19,"key":"Ancient Potion"},{"floor":24,"key":"Adrenaline Potion"},{"floor":27,"key":"Adrenaline Potion"},{"floor":35,"key":"Milkshake"},{"floor":38,"key":"CultistPotion"}],"is_trial":false,"path_per_floor":["M","?","M","M","$","R","E","R","T","?","T","?","M","M","R_BF","B",null,"M","M","$","M","M","R","E","?","T","?","E","$","M","?","R","B",null,"M","$","?","M","?","R","E","T","T","M","R","M","T","M"],"character_chosen":"WATCHER","items_purchased":["Flash of Steel"],"campfire_rested":2,"item_purchase_floors":[29],"current_hp_per_floor":[72,72,72,72,72,72,65,65,65,70,70,63,63,63,63,63,77,77,57,57,41,26,48,48,48,48,48,48,48,30,30,52,25,74,68,68,68,68,68,68,44,44,44,29,29,28,28,0,0],"gold":208,"neow_bonus":"BOSS_RELIC","is_daily":false,"chose_seed":false,"campfire_upgraded":3,"win_rate":0.0,"timestamp":1609328660,"path_taken":["M","?","M","M","$","R","E","R","T","?","?","?","?","M","R_BF","BOSS","M","M","$","M","M","R","E","?","T","?","E","$","M","?","R","BOSS","M","$","?","M","?","R","E","?","T","M","R","M","?","M"],"items_purchased_type":["Card"],"build_version":"2020-12-22","purchased_purges":4,"victory":false,"max_hp_per_floor":[72,72,72,72,72,72,72,72,72,77,77,77,77,77,77,77,77,77,77,74,74,74,74,74,74,74,74,74,74,74,74,74,74,74,74,74,74,74,74,74,74,74,74,74,74,74,74,74,74],"card_choices":[{"not_picked":["CutThroughFate","EmptyMind"],"picked":"FlurryOfBlows","floor":1},{"not_picked":["Replay:AtTheReady","SashWhip"],"picked":"Consecrate","floor":3},{"not_picked":["Study","Fasting2"],"picked":"FollowUp","floor":4},{"not_picked":["BowlingBash","Collect","Replay:ManipulateFuture"],"picked":"SKIP","floor":7},{"not_picked":["MasterReality","WreathOfFlame"],"picked":"TalkToTheHand","floor":13},{"not_picked":["EmptyMind","Replay:ManipulateFuture"],"picked":"Tantrum","floor":13},{"not_picked":["SignatureMove","CutThroughFate"],"picked":"LikeWater","floor":14},{"not_picked":["SashWhip","Pray","JustLucky"],"picked":"SKIP","floor":14},{"not_picked":["Omniscience","Alpha"],"picked":"Vault","floor":16},{"not_picked":["PathToVictory","ClearTheMind"],"picked":"Crescendo","floor":18},{"not_picked":["Replay:AtTheReady+1","WindmillStrike"],"picked":"FlyingSleeves+1","floor":18},{"not_picked":["ThirdEye","EmptyFist"],"picked":"FlurryOfBlows","floor":19},{"not_picked":["SignatureMove","Study+1"],"picked":"Consecrate","floor":19},{"not_picked":["Replay:ManipulateFuture","Pray","Replay:Anticipation"],"picked":"SKIP","floor":21},{"not_picked":["PathToVictory","Prostrate","CrushJoints"],"picked":"SKIP","floor":21},{"not_picked":["WheelKick","Nirvana+1"],"picked":"Halt","floor":22},{"not_picked":["Alpha","Replay:Vibes","FollowUp"],"picked":"SKIP","floor":22},{"not_picked":["Collect","Replay:DivineShield","Prostrate"],"picked":"SKIP","floor":24},{"not_picked":["LikeWater+1","Replay:Hum"],"picked":"EmptyFist","floor":27},{"not_picked":["CutThroughFate","TalkToTheHand"],"picked":"EmptyBody+1","floor":28},{"not_picked":["SandsOfTime+1","Halt+1"],"picked":"Wireheading","floor":30},{"not_picked":["Judgement","Replay:ManipulateFuture","SignatureMove"],"picked":"SKIP","floor":30},{"not_picked":["FlyingSleeves","SashWhip"],"picked":"Perseverance","floor":35},{"not_picked":["Replay:AtTheReady","Fasting2"],"picked":"FlurryOfBlows+1","floor":35},{"not_picked":["BowlingBash","Replay:BluntJabs+1"],"picked":"InnerPeace+1","floor":38},{"not_picked":["Brilliance","FlurryOfBlows+1"],"picked":"Halt+1","floor":38},{"not_picked":["ReplayTheSpireMod:Private Reserves","Survey Options"],"picked":"Deep Breath","floor":39},{"not_picked":["Replay:AtTheReady","CrushJoints+1"],"picked":"CutThroughFate+1","floor":41},{"not_picked":["EmptyBody+1","Indignation+1"],"picked":"BowlingBash","floor":44},{"not_picked":["Scrawl","Prostrate","CrushJoints+1"],"picked":"SKIP","floor":44},{"not_picked":["Weave","Crescendo"],"picked":"Adaptation","floor":46},{"not_picked":["SignatureMove","ThirdEye"],"picked":"FlurryOfBlows","floor":46}],"player_experience":198637,"relics_obtained":[{"floor":7,"key":"Prayer Wheel"},{"floor":9,"key":"Bottled Flame"},{"floor":24,"key":"Dream Catcher"},{"floor":24,"key":"Boot"},{"floor":26,"key":"CaptainsWheel"},{"floor":27,"key":"Red Mask"},{"floor":28,"key":"Bag of Marbles"},{"floor":28,"key":"Happy Flower"},{"floor":41,"key":"Replay:Multitool"},{"floor":41,"key":"Replay:Bottled Eggs"},{"floor":42,"key":"Blue Candle"},{"floor":43,"key":"Blue Doll"},{"floor":47,"key":"Anchor"}],"event_choices":[{"damage_healed":0,"gold_gain":0,"player_choice":"Donut","damage_taken":0,"max_hp_gain":5,"max_hp_loss":0,"event_name":"Big Fish","floor":10,"gold_loss":0},{"cards_removed":["Sickly"],"damage_healed":0,"gold_gain":0,"player_choice":"Card Removal","damage_taken":7,"max_hp_gain":0,"max_hp_loss":0,"event_name":"Golden Wing","floor":12,"gold_loss":0},{"damage_healed":0,"gold_gain":0,"player_choice":"Upgraded","damage_taken":0,"max_hp_gain":0,"max_hp_loss":0,"event_name":"Upgrade Shrine","floor":15,"gold_loss":0,"cards_upgraded":["TalkToTheHand"]},{"damage_healed":0,"gold_gain":0,"player_choice":"Fought Bandits","damage_taken":0,"max_hp_gain":0,"max_hp_loss":0,"event_name":"Masked Bandits","floor":27,"gold_loss":0},{"damage_healed":0,"gold_gain":0,"player_choice":"Obtained Relic","damage_taken":0,"relics_obtained":["Tiny Chest"],"max_hp_gain":0,"max_hp_loss":0,"event_name":"Addict","floor":31,"gold_loss":85},{"cards_removed":["Wireheading"],"damage_healed":0,"gold_gain":0,"player_choice":"Removed Power","damage_taken":0,"max_hp_gain":0,"max_hp_loss":0,"event_name":"Falling","floor":37,"gold_loss":0},{"damage_healed":0,"gold_gain":0,"player_choice":"Memory 1","damage_taken":0,"max_hp_gain":0,"max_hp_loss":0,"event_name":"SensoryStone","floor":39,"gold_loss":0}],"is_beta":false,"boss_relics":[{"not_picked":["Replay:Wanted Poster","Replay:Bronze Core"],"picked":"Black Star"},{"not_picked":["Velvet Choker","SacredBark"],"picked":"Ring of Chaos"}],"items_purged_floors":[5,20,29,36],"is_endless":false,"potions_floor_spawned":[4,19,24,27,35,38],"killed_by":"Spire Growth","ascension_level":0}}