{"host":"cz3p2o9n3b1gdmkz","time":1609310469,"event":{"mods":["AchievementEnabler","BaseMod","CapriCore","GungeonMod","Hermit","Lobotomy","Minty Spire (QoL Compilation)","Replay The Spire","Shop Mod","StSLib","SuperFastMode","The Cursed","The Dragon Tamer","The Gatherer","The Jungle","The Poker Player","The Runesmith"],"gold_per_floor":[119,139,139,139,152,152,168,187,210,210,210,210],"floor_reached":10,"playtime":269,"items_purged":[],"score":117,"play_id":"9072bdd5-5066-487b-8bd5-3e87a4870d07","local_time":"20201230154109","is_ascension_mode":true,"metric_token":1117,"campfire_choices":[{"data":"Gatherer:FlowerWhip+1","floor":6.0,"key":"SMITH"}],"circlet_count":0,"master_deck":["AscendersBane","Gatherer:Strike_Gatherer","Gatherer:Strike_Gatherer","Gatherer:Strike_Gatherer","Gatherer:Strike_Gatherer","Gatherer:Strike_Gatherer","Gatherer:Defend_Gatherer+1","Gatherer:Defend_Gatherer","Gatherer:Defend_Gatherer","Gatherer:Defend_Gatherer","Gatherer:Defend_Gatherer","Gatherer:Centralize","Gatherer:FlowerWhip+2","Specialist","Gatherer:QuickSynthesis","Gatherer:FlowerWhip","Gatherer:ScherryThrow"],"relics":["Gatherer:AlchemyBag","Anchor"],"acts_visited":["Exordium"],"potions_floor_usage":[8],"damage_taken":[{"damage":4.0,"enemies":"Small Slimes","floor":1.0,"turns":3.0},{"damage":0.0,"enemies":"2 Louse","floor":2.0,"turns":2.0},{"damage":0.0,"enemies":"Cultist","floor":5.0,"turns":2.0},{"damage":6.0,"enemies":"Exordium Thugs","floor":7.0,"turns":4.0},{"damage":9,"enemies":"Gremlin Gang","floor":8,"turns":3},{"damage":24,"enemies":"3 Sentries","floor":10,"turns":5}],"seed_played":"8836602262355029282","potions_obtained":[{"floor":2.0,"key":"PowerPotion"},{"floor":8,"key":"BottledMiracle"}],"is_trial":false,"path_per_floor":["M","M","?","?","M","R","M","M","T","E"],"character_chosen":"THE_GATHERER","items_purchased":[],"campfire_rested":0,"item_purchase_floors":[],"current_hp_per_floor":[56,56,36,36,36,36,30,21,21,0,0,0],"gold":210,"neow_bonus":"RANDOM_COLORLESS","is_daily":false,"chose_seed":false,"campfire_upgraded":1,"win_rate":0.0,"timestamp":1609310469,"path_taken":["M","M","?","?","M","R","M","M","T","E"],"items_purchased_type":[],"build_version":"2020-12-22","purchased_purges":0,"victory":false,"max_hp_per_floor":[67,67,67,67,67,67,67,67,67,67,67,67],"card_choices":[{"not_picked":["DemoMod:Spice","Replay:Parry"],"picked":"Specialist","floor":0.0},{"not_picked":["Gatherer:FlowerPower","Gatherer:PotentialSlash"],"picked":"Gatherer:QuickSynthesis","floor":1.0},{"not_picked":["Gatherer:GlowingPlant","Gatherer:Duality","Gatherer:Transmute"],"picked":"SKIP","floor":2.0},{"not_picked":["Gatherer:TreeGrowth","Gatherer:Bulldoze"],"picked":"Gatherer:ScherryThrow","floor":5.0},{"not_picked":["Gatherer:CollectorsShot","Gatherer:SealedBomb","Gatherer:Herbalism"],"picked":"SKIP","floor":7.0},{"not_picked":["Gatherer:Enchant","Gatherer:GatherMaterial","Gatherer:DrugPower"],"picked":"SKIP","floor":8}],"player_experience":1060516,"relics_obtained":[{"floor":9,"key":"Anchor"}],"event_choices":[{"damage_healed":0.0,"max_hp_gain":0.0,"max_hp_loss":0.0,"gold_gain":0.0,"event_name":"Shining Light","player_choice":"Entered Light","floor":3.0,"gold_loss":0.0,"damage_taken":20.0,"cards_upgraded":["Gatherer:FlowerWhip","Gatherer:Defend_Gatherer"]},{"damage_healed":0.0,"max_hp_gain":0.0,"max_hp_loss":0.0,"gold_gain":0.0,"event_name":"Match and Keep!","player_choice":"1 cards matched","floor":4.0,"gold_loss":0.0,"damage_taken":0.0,"cards_obtained":["Gatherer:FlowerWhip"]}],"is_beta":false,"boss_relics":[],"items_purged_floors":[],"is_endless":false,"potions_floor_spawned":[2,8],"killed_by":"3 Sentries","ascension_level":19}}