{"host":"sc0o2qwpf9j16a4i","time":1609290165,"event":{"mods":["AchievementEnabler","BaseMod","BetterRewards","Block Reminder","Colored Map","Colored Powertips","Custom Start","Highlight Path","Minty Spire (QoL Compilation)","Relic Stats"],"gold_per_floor":[115,115,125,139,150,150,169,197,197,197,33,33,48,62,62,136,136,153,153,153],"floor_reached":19,"playtime":617,"items_purged":[],"score":342,"play_id":"62748fb3-20c5-4b9f-8aa4-894351f78094","local_time":"20201230030245","is_ascension_mode":true,"campfire_choices":[{"data":"Inflame","floor":6.0,"key":"SMITH"},{"floor":10.0,"key":"REST"},{"data":"Uppercut","floor":12.0,"key":"SMITH"},{"floor":15.0,"key":"REST"}],"circlet_count":0,"master_deck":["AscendersBane","Bash","Metallicize","Pommel Strike","Flame Barrier","Inflame+1","Clothesline+1","Whirlwind","Burning Pact","Sentinel","Intimidate","Infernal Blade","Ghostly Armor","Wild Strike+1","Flex","Uppercut+1","Blood for Blood","Impervious","Reaper","Disarm"],"relics":["Pandora\u0027s Box","Whetstone","Shuriken","OrangePellets","Black Star"],"acts_visited":["Exordium","TheCity"],"potions_floor_usage":[],"damage_taken":[{"damage":6.0,"enemies":"Jaw Worm","floor":1.0,"turns":3.0},{"damage":1.0,"enemies":"Cultist","floor":3.0,"turns":3.0},{"damage":2.0,"enemies":"Small Slimes","floor":4.0,"turns":2.0},{"damage":4.0,"enemies":"Exordium Thugs","floor":5.0,"turns":6.0},{"damage":9.0,"enemies":"Blue Slaver","floor":7.0,"turns":3.0},{"damage":14.0,"enemies":"3 Sentries","floor":8.0,"turns":8.0},{"damage":4.0,"enemies":"Lots of Slimes","floor":13.0,"turns":2.0},{"damage":27.0,"enemies":"Gremlin Gang","floor":14.0,"turns":4.0},{"damage":9.0,"enemies":"The Guardian","floor":16.0,"turns":9.0},{"damage":72.0,"enemies":"3 Byrds","floor":18.0,"turns":7.0},{"damage":13,"enemies":"Chosen","floor":19,"turns":3}],"seed_played":"887942794045887190","potions_obtained":[{"floor":4.0,"key":"Swift Potion"},{"floor":5.0,"key":"LiquidBronze"},{"floor":8.0,"key":"SteroidPotion"},{"floor":14.0,"key":"SteroidPotion"}],"is_trial":false,"path_per_floor":["M","?","M","M","M","R","M","E","T","R","$","R","M","M","R","B",null,"M","M"],"character_chosen":"IRONCLAD","items_purchased":["OrangePellets"],"campfire_rested":2,"item_purchase_floors":[11],"current_hp_per_floor":[62,62,61,59,55,55,46,32,32,54,54,54,50,23,45,36,65,5,0,0],"gold":153,"neow_bonus":"BOSS_RELIC","is_daily":false,"chose_seed":false,"campfire_upgraded":2,"win_rate":0.0,"timestamp":1609290165,"path_taken":["M","?","?","M","M","R","M","E","T","R","$","R","M","M","R","BOSS","M","M"],"items_purchased_type":["Relic"],"build_version":"2020-12-22","purchased_purges":0,"victory":false,"max_hp_per_floor":[75,75,75,75,75,75,75,75,75,75,75,75,75,75,75,75,75,75,75,75],"relic_stats":{"OrangePellets":[1],"counters":[11,50],"Shuriken":[1],"Pandora\u0027s Box":["Metallicize","Pommel Strike","Searing Blow","Flame Barrier","Inflame","Clothesline","Whirlwind","Burning Pact","Sentinel"],"Black Star":0,"Whetstone":["Wild Strike","Clothesline"],"obtain_stats":[{"OrangePellets":11,"Shuriken":9,"Pandora\u0027s Box":0,"Black Star":17,"Whetstone":8,"Burning Blood":0},{"OrangePellets":6,"Shuriken":6,"Pandora\u0027s Box":0,"Black Star":9,"Whetstone":6,"Burning Blood":0},{"OrangePellets":25,"Shuriken":25,"Pandora\u0027s Box":0,"Black Star":40,"Whetstone":25,"Burning Blood":0}]},"card_choices":[{"not_picked":["Clash","Warcry"],"picked":"Intimidate","floor":1.0},{"not_picked":["Thunderclap","Clothesline"],"picked":"Infernal Blade","floor":3.0},{"not_picked":["Flex","Seeing Red"],"picked":"Ghostly Armor","floor":4.0},{"not_picked":["Wild Strike","Clash","Searing Blow"],"picked":"SKIP","floor":5.0},{"not_picked":["Clash","Searing Blow"],"picked":"Wild Strike","floor":5.0},{"not_picked":["Ghostly Armor","Headbutt"],"picked":"Flex","floor":7.0},{"not_picked":["Pommel Strike","Ghostly Armor"],"picked":"Uppercut","floor":8.0},{"not_picked":["Havoc","Entrench"],"picked":"Blood for Blood","floor":13.0},{"not_picked":["Headbutt","Battle Trance"],"picked":"Impervious","floor":14.0},{"not_picked":["Fiend Fire","Barricade"],"picked":"Reaper","floor":16.0},{"not_picked":["Clothesline","Sword Boomerang"],"picked":"Disarm","floor":18.0}],"player_experience":430156,"relics_obtained":[{"floor":8.0,"key":"Whetstone"},{"floor":9.0,"key":"Shuriken"}],"event_choices":[{"cards_removed":["Searing Blow"],"damage_healed":0.0,"max_hp_gain":0.0,"max_hp_loss":0.0,"gold_gain":0.0,"event_name":"Purifier","player_choice":"Purged","floor":2.0,"gold_loss":0.0,"damage_taken":0.0}],"is_beta":false,"boss_relics":[{"not_picked":["Ectoplasm","Runic Dome"],"picked":"Black Star"}],"items_purged_floors":[],"is_endless":false,"potions_floor_spawned":[4,5,7,8,14],"killed_by":"Chosen","ascension_level":20}}