{"host":"a1u4jo6xlg3w0wsm","time":1609303130,"event":{"mods":["BaseMod","Better Third Choice","DeckTracker","Downfall","Hermit","Hubris","Minty Spire (QoL Compilation)","Rare Cards Sparkle","Replay The Spire","StSLib"],"gold_per_floor":[112,122,14,14,26,26,52,52,52,52,84,100,150,150,150,263,263,293,286,286,286,286,286],"floor_reached":22,"playtime":1623,"items_purged":[],"score":202,"play_id":"f2ab1d86-cfef-4722-a9c0-09695b9ad154","local_time":"20201230173850","is_ascension_mode":true,"campfire_choices":[{"data":"hermit:Showdown","floor":6,"key":"SMITH"},{"data":"hermit:Quickdraw","floor":8,"key":"SMITH"},{"data":"hermit:FlashPowder","floor":10,"key":"SMITH"},{"floor":15,"key":"REST"}],"circlet_count":0,"master_deck":["hermit:Strike_Hermit","hermit:Strike_Hermit","hermit:Strike_Hermit","hermit:Strike_Hermit","hermit:Defend_Hermit","hermit:Defend_Hermit","hermit:Defend_Hermit","hermit:Defend_Hermit","hermit:Snapshot","hermit:Covet","hermit:Misfire","hermit:TakeAim","hermit:Showdown+1","hermit:BigShot","hermit:FlashPowder+1","hermit:Quickdraw+1","hermit:CalledShot","hermit:Combo","Hallucinations","ReplayTheSpireMod:Splinters","hermit:Adapt","hermit:Headshot","hermit:Manifest"],"relics":["hermit:Momento","NeowsBlessing","Juzu Bracelet","Counterbalance","ReplayTheSpireMod:TigerMarble","Ring of Greed","ReplayTheSpireMod:Ring of Collecting","Membership Card","SlaversCollar","Nloth\u0027s Gift"],"acts_visited":["Exordium","TheCity"],"potions_floor_usage":[7,16],"damage_taken":[{"damage":0,"enemies":"Small Slimes","floor":1,"turns":1},{"damage":0,"enemies":"Jaw Worm","floor":2,"turns":1},{"damage":0,"enemies":"Cultist","floor":5,"turns":1},{"damage":14,"enemies":"Replay:BlueRogue","floor":7,"turns":6},{"damage":23,"enemies":"3 Sentries","floor":11,"turns":9},{"damage":4,"enemies":"Red Slaver","floor":12,"turns":2},{"damage":41,"enemies":"Fading Forest","floor":16,"turns":11},{"damage":37,"enemies":"3 Byrds","floor":18,"turns":11},{"damage":16,"enemies":"2 Thieves","floor":19,"turns":4},{"damage":0,"enemies":"Shelled Parasite and Fungi","floor":22,"turns":1}],"seed_played":"-2997323598022582362","potions_obtained":[{"floor":2,"key":"Toxic Potion"},{"floor":11,"key":"Cursed Concoction"},{"floor":18,"key":"DuplicationPotion"}],"is_trial":false,"path_per_floor":["M","M","$","?","M","R","E","R","T","R","E","M","?","?","R","B",null,"M","M","?","?","M"],"character_chosen":"HERMIT","items_purchased":["hermit:Showdown","hermit:BigShot"],"campfire_rested":1,"item_purchase_floors":[3,3],"current_hp_per_floor":[75,75,75,75,75,75,61,61,61,61,38,34,34,39,61,20,75,38,22,22,25,25,25],"gold":286,"neow_bonus":"THREE_ENEMY_KILL","is_daily":false,"chose_seed":false,"campfire_upgraded":3,"win_rate":0.0,"timestamp":1609303130,"path_taken":["M","M","$","?","M","R","E","R","T","R","E","M","?","?","R","BOSS","M","M","?","?","M"],"items_purchased_type":["Card","Card"],"build_version":"2020-12-13","purchased_purges":0,"victory":false,"max_hp_per_floor":[75,75,75,75,75,75,75,75,75,75,75,75,75,75,75,75,75,75,75,75,78,78,78],"card_choices":[{"not_picked":["hermit:CalledShot","hermit:Dive"],"picked":"hermit:Misfire","floor":1},{"not_picked":["hermit:WideOpen","hermit:Brawl"],"picked":"hermit:TakeAim","floor":2},{"not_picked":["hermit:Misfire","hermit:Cheat"],"picked":"hermit:FlashPowder","floor":5},{"not_picked":["hermit:HighCaliber","hermit:SprayPray"],"picked":"hermit:Quickdraw","floor":7},{"not_picked":["hermit:Desperado","hermit:Feint"],"picked":"hermit:CalledShot","floor":11},{"not_picked":["hermit:Horror","hermit:Cheat"],"picked":"hermit:Combo","floor":12},{"not_picked":["hermit:OverwhelmingPower","hermit:Dissolve"],"picked":"hermit:Adapt","floor":16},{"not_picked":["hermit:LoneWolf","hermit:Desperado"],"picked":"hermit:Headshot","floor":18},{"not_picked":["hermit:Glare+1","hermit:Virtue+1"],"picked":"hermit:Manifest","floor":19}],"player_experience":233611,"relics_obtained":[{"floor":7,"key":"Juzu Bracelet"},{"floor":9,"key":"Counterbalance"},{"floor":11,"key":"ReplayTheSpireMod:TigerMarble"},{"floor":13,"key":"Ring of Greed"},{"floor":13,"key":"ReplayTheSpireMod:Ring of Collecting"},{"floor":13,"key":"Membership Card"},{"floor":13,"key":"Replay:Bandana"}],"event_choices":[{"damage_healed":75,"gold_gain":0,"player_choice":"Embrace Burn","damage_taken":0,"max_hp_gain":0,"max_hp_loss":75,"event_name":"betterThird:BetterShining","floor":4,"gold_loss":0},{"cards_removed":["Burn"],"damage_healed":5,"gold_gain":0,"player_choice":"Offered Common","damage_taken":0,"max_hp_gain":0,"max_hp_loss":0,"event_name":"Bonfire Elementals","floor":14,"gold_loss":0},{"cards_removed":["Burn"],"damage_healed":5,"gold_gain":0,"player_choice":"Offered Special","damage_taken":0,"max_hp_gain":0,"max_hp_loss":0,"event_name":"Bonfire Elementals","floor":14,"gold_loss":0},{"damage_healed":0,"gold_gain":0,"player_choice":"Traded Relic","damage_taken":0,"relics_obtained":["Nloth\u0027s Gift"],"max_hp_gain":0,"max_hp_loss":0,"event_name":"N\u0027loth","floor":20,"relics_lost":["Replay:Bandana"],"gold_loss":0}],"is_beta":false,"boss_relics":[{"not_picked":["hubris:HollowSoul","Replay:Drink Me"],"picked":"SlaversCollar"}],"items_purged_floors":[],"is_endless":false,"potions_floor_spawned":[2,11,18],"killed_by":"Shelled Parasite and Fungi","ascension_level":1}}