{"host":"bbrtpn53yniy7wad","time":1609299256,"event":{"mods":["AchievementEnabler","BaseMod","Colored Map","Minty Spire (QoL Compilation)","SuperFastMode"],"gold_per_floor":[12,28,48,48,59,88,88,103,103,103,119,119,149,176,176,250,250,266,283,283,295,306,306,306,306],"floor_reached":24,"playtime":640,"items_purged":[],"score":420,"play_id":"765e7978-dce7-4e38-b205-c79a9d0b998b","local_time":"20201230123416","is_ascension_mode":true,"campfire_choices":[{"floor":7.0,"key":"REST"},{"floor":12.0,"key":"REST"},{"data":"Envenom","floor":15.0,"key":"SMITH"},{"floor":23.0,"key":"REST"}],"circlet_count":0,"master_deck":["AscendersBane","Strike_G","Strike_G","Strike_G","Strike_G","Strike_G+1","Defend_G","Defend_G+1","Defend_G","Defend_G","Defend_G","Survivor","Neutralize","Backstab","Backflip","Eviscerate","Dagger Spray","Envenom+1","Malaise","PiercingWail+1","Blade Dance"],"relics":["Ring of the Snake","Du-Vu Doll","Calipers","Pantograph","Tiny Chest","Cursed Key"],"acts_visited":["Exordium","TheCity"],"potions_floor_usage":[24],"damage_taken":[{"damage":8.0,"enemies":"2 Louse","floor":1.0,"turns":3.0},{"damage":0.0,"enemies":"Small Slimes","floor":2.0,"turns":2.0},{"damage":0.0,"enemies":"Jaw Worm","floor":3.0,"turns":3.0},{"damage":9.0,"enemies":"Lots of Slimes","floor":5.0,"turns":5.0},{"damage":20.0,"enemies":"3 Sentries","floor":6.0,"turns":7.0},{"damage":7.0,"enemies":"Gremlin Gang","floor":8.0,"turns":4.0},{"damage":0.0,"enemies":"Large Slime","floor":11.0,"turns":4.0},{"damage":18.0,"enemies":"Lagavulin","floor":14.0,"turns":6.0},{"damage":24.0,"enemies":"The Guardian","floor":16.0,"turns":15.0},{"damage":13.0,"enemies":"Spheric Guardian","floor":18.0,"turns":4.0},{"damage":10.0,"enemies":"3 Byrds","floor":19.0,"turns":6.0},{"damage":14.0,"enemies":"Cultist and Chosen","floor":21.0,"turns":10.0},{"damage":12.0,"enemies":"Snake Plant","floor":22.0,"turns":6.0},{"damage":27,"enemies":"Slavers","floor":24,"turns":3}],"seed_played":"7201393488868820315","potions_obtained":[{"floor":2.0,"key":"SpeedPotion"},{"floor":8.0,"key":"DuplicationPotion"},{"floor":19.0,"key":"DuplicationPotion"},{"floor":20.0,"key":"GhostInAJar"},{"floor":22.0,"key":"SpeedPotion"}],"is_trial":false,"path_per_floor":["M","M","M","?","M","E","R","M","T","?","M","R","?","E","R","B",null,"M","M","?","M","M","R","E"],"character_chosen":"THE_SILENT","items_purchased":[],"campfire_rested":3,"item_purchase_floors":[],"current_hp_per_floor":[51,51,51,31,22,2,21,14,14,14,14,33,33,15,15,16,54,41,31,31,17,5,24,0,0],"gold":306,"neow_bonus":"ONE_RARE_RELIC","is_daily":false,"chose_seed":false,"campfire_upgraded":1,"win_rate":0.0,"timestamp":1609299256,"path_taken":["M","M","M","?","M","E","R","M","T","?","M","R","?","E","R","BOSS","M","M","?","?","?","R","E"],"items_purchased_type":[],"build_version":"2020-12-22","purchased_purges":0,"victory":false,"max_hp_per_floor":[66,66,66,66,66,66,66,66,66,66,66,66,66,66,66,66,66,66,66,66,66,66,66,66,66],"card_choices":[{"not_picked":["Outmaneuver","Dagger Throw"],"picked":"Backstab","floor":1.0},{"not_picked":["Acrobatics","Slice"],"picked":"Backflip","floor":2.0},{"not_picked":["Reflex","Setup","Bane"],"picked":"SKIP","floor":3.0},{"not_picked":["Choke","Heel Hook"],"picked":"Eviscerate","floor":5.0},{"not_picked":["Deadly Poison","Expertise","Masterful Stab"],"picked":"SKIP","floor":6.0},{"not_picked":["PiercingWail","Catalyst"],"picked":"Dagger Spray","floor":8.0},{"not_picked":["Deflect","Blade Dance","Concentrate"],"picked":"SKIP","floor":11.0},{"not_picked":["Setup","Bouncing Flask"],"picked":"Envenom","floor":14.0},{"not_picked":["Night Terror","Bullet Time"],"picked":"Malaise","floor":16.0},{"not_picked":["Deflect","Deadly Poison","Masterful Stab"],"picked":"SKIP","floor":18.0},{"not_picked":["Deflect","Deadly Poison","Masterful Stab"],"picked":"SKIP","floor":18.0},{"not_picked":["Poisoned Stab","Dagger Spray"],"picked":"PiercingWail+1","floor":19.0},{"not_picked":["Masterful Stab","Concentrate"],"picked":"Blade Dance","floor":21.0},{"not_picked":["Flechettes","Skewer","Dash"],"picked":"SKIP","floor":22.0}],"player_experience":1023935,"relics_obtained":[{"floor":6.0,"key":"Calipers"},{"floor":9.0,"key":"Pantograph"},{"floor":14.0,"key":"Tiny Chest"}],"event_choices":[{"damage_healed":0.0,"max_hp_gain":0.0,"max_hp_loss":0.0,"gold_gain":0.0,"event_name":"Shining Light","player_choice":"Entered Light","floor":4.0,"gold_loss":0.0,"damage_taken":20.0,"cards_upgraded":["Defend_G","Strike_G"]},{"damage_healed":0.0,"max_hp_gain":0.0,"max_hp_loss":0.0,"gold_gain":0.0,"event_name":"Liars Game","player_choice":"Ignored","floor":10.0,"gold_loss":0.0,"damage_taken":0.0},{"damage_healed":0.0,"max_hp_gain":0.0,"max_hp_loss":0.0,"gold_gain":30.0,"event_name":"Dead Adventurer","player_choice":"Searched \u00271\u0027 times","floor":13.0,"gold_loss":0.0,"damage_taken":0.0},{"damage_healed":0.0,"max_hp_gain":0.0,"max_hp_loss":0.0,"gold_gain":0.0,"event_name":"Lab","player_choice":"Got Potions","floor":20.0,"gold_loss":0.0,"damage_taken":0.0}],"is_beta":false,"boss_relics":[{"not_picked":["WristBlade","Fusion Hammer"],"picked":"Cursed Key"}],"items_purged_floors":[],"is_endless":false,"potions_floor_spawned":[2,8,11,19,22],"killed_by":"Slavers","ascension_level":20}}