{"host":"1z4hbl9vfqrhg136","time":1609335409,"event":{"mods":["BaseMod","Minty Spire (QoL Compilation)"],"gold_per_floor":[212,61,71,89,100,112,144,144,144,174,194,11,41,59,59,135,135,153,170,170,181,57,57,57,57],"floor_reached":24,"playtime":2458,"items_purged":["Defend_R"],"score":440,"play_id":"cbd508e1-6dad-428f-a3e7-0efed98f143b","local_time":"20201230133649","is_ascension_mode":true,"campfire_choices":[{"floor":8.0,"key":"REST"},{"floor":15,"key":"REST"},{"floor":23,"key":"REST"}],"circlet_count":0,"master_deck":["AscendersBane","Strike_R","Strike_R","Strike_R","Strike_R","Strike_R","Defend_R","Defend_R","Defend_R","Bash","Clothesline","Armaments","True Grit+1","Spot Weakness","Iron Wave","Dark Embrace","Feel No Pain","Thunderclap","Pummel","Seeing Red","Metallicize","Feel No Pain","Heavy Blade","Limit Break","Warcry","Inflame","Sentinel","Flame Barrier"],"relics":["Burning Blood","Anchor","Letter Opener","Pear","Mummified Hand","Runic Pyramid"],"acts_visited":["Exordium","TheCity"],"potions_floor_usage":[13,13,13,16,19,21,24],"damage_taken":[{"damage":2.0,"enemies":"Cultist","floor":1.0,"turns":4.0},{"damage":11.0,"enemies":"Jaw Worm","floor":3.0,"turns":5.0},{"damage":0.0,"enemies":"2 Louse","floor":4.0,"turns":3.0},{"damage":19.0,"enemies":"Exordium Wildlife","floor":5.0,"turns":6.0},{"damage":19.0,"enemies":"Exordium Thugs","floor":6.0,"turns":6.0},{"damage":28.0,"enemies":"Lagavulin","floor":7.0,"turns":9.0},{"damage":42.0,"enemies":"Gremlin Nob","floor":10.0,"turns":5.0},{"damage":7.0,"enemies":"2 Fungi Beasts","floor":11.0,"turns":3.0},{"damage":11,"enemies":"Lagavulin","floor":13,"turns":6},{"damage":8,"enemies":"Looter","floor":14,"turns":3},{"damage":27,"enemies":"Hexaghost","floor":16,"turns":10},{"damage":19,"enemies":"Shell Parasite","floor":18,"turns":5},{"damage":11,"enemies":"3 Byrds","floor":19,"turns":5},{"damage":45,"enemies":"3 Cultists","floor":21,"turns":6},{"damage":52,"enemies":"Book of Stabbing","floor":24,"turns":4}],"seed_played":"-7057304278115382930","potions_obtained":[{"floor":3.0,"key":"Strength Potion"},{"floor":6.0,"key":"EssenceOfSteel"},{"floor":11.0,"key":"AttackPotion"},{"floor":13,"key":"Energy Potion"},{"floor":16,"key":"Fire Potion"}],"is_trial":false,"path_per_floor":["M","$","M","M","M","M","E","R","T","E","M","$","E","M","R","B",null,"M","M","?","M","$","R","E"],"character_chosen":"IRONCLAD","items_purchased":["Armaments","True Grit","Metallicize","EntropicBrew","Flame Barrier","Regen Potion"],"campfire_rested":3,"item_purchase_floors":[2,2,12,12,22,22],"current_hp_per_floor":[72,72,67,73,60,47,25,47,47,21,20,20,15,13,38,17,68,55,50,50,11,11,36,0,0],"gold":57,"neow_bonus":"HUNDRED_GOLD","is_daily":false,"chose_seed":false,"campfire_upgraded":0,"win_rate":0.0,"timestamp":1609335409,"path_taken":["M","$","M","?","M","M","E","R","T","E","M","?","E","?","R","BOSS","M","M","?","M","?","R","E"],"items_purchased_type":["Card","Card","Card","Potion","Card","Potion"],"build_version":"2020-12-22","purchased_purges":1,"victory":false,"max_hp_per_floor":[75,75,75,75,75,75,75,75,75,85,85,85,85,85,85,85,85,85,85,85,85,85,85,85,85],"card_choices":[{"not_picked":["Thunderclap","Heavy Blade"],"picked":"Clothesline","floor":1.0},{"not_picked":["Clash","Cleave"],"picked":"Spot Weakness","floor":3.0},{"not_picked":["Second Wind","Twin Strike"],"picked":"Iron Wave","floor":4.0},{"not_picked":["Wild Strike","Shrug It Off"],"picked":"Dark Embrace","floor":5.0},{"not_picked":["Twin Strike","Bloodletting"],"picked":"Feel No Pain","floor":6.0},{"not_picked":["Twin Strike","Perfected Strike"],"picked":"Thunderclap","floor":7.0},{"not_picked":["Armaments","Bloodletting"],"picked":"Pummel","floor":10.0},{"not_picked":["Reckless Charge","Wild Strike"],"picked":"Seeing Red","floor":11.0},{"not_picked":["Flex","Second Wind"],"picked":"Feel No Pain","floor":13},{"not_picked":["Clash","Juggernaut"],"picked":"Heavy Blade","floor":14},{"not_picked":["Juggernaut","Berserk"],"picked":"Limit Break","floor":16},{"not_picked":["Sword Boomerang","Iron Wave"],"picked":"Warcry","floor":18},{"not_picked":["Clash","Battle Trance"],"picked":"Inflame","floor":19},{"not_picked":["Clash","Dual Wield"],"picked":"Sentinel","floor":21}],"player_experience":1858946,"relics_obtained":[{"floor":7.0,"key":"Anchor"},{"floor":9.0,"key":"Letter Opener"},{"floor":10.0,"key":"Pear"},{"floor":13,"key":"Mummified Hand"}],"event_choices":[{"damage_healed":0,"gold_gain":0,"player_choice":"Forge","damage_taken":0,"max_hp_gain":0,"max_hp_loss":0,"event_name":"Accursed Blacksmith","floor":20,"gold_loss":0,"cards_upgraded":["True Grit"]}],"is_beta":false,"boss_relics":[{"not_picked":["Runic Cube","Empty Cage"],"picked":"Runic Pyramid"}],"items_purged_floors":[2],"is_endless":false,"potions_floor_spawned":[3,6,11,13,16],"killed_by":"Book of Stabbing","ascension_level":20}}