{"host":"8fjsnt81u6xsmhji","time":1609303515,"event":{"mods":["BaseMod","Beaked The Cultist","Colored Powertips","Downfall","Glutton Mod","Hermit","Minty Spire (QoL Compilation)","Quick Restart","StSLib","The Bug Knight","The Forsaken","The Hierophant"],"gold_per_floor":[119,119,139,89,89,106,106,132,181,181,200,125,141,61,61,163,163,177,194,119,119,154,185,185,201,201,211,211,230,244,244,244,341,341,352,352,371,294,294,294,311,311,311],"floor_reached":42,"playtime":2322,"items_purged":["Pain"],"score":487,"play_id":"b769e7d5-3d6a-4a28-a92a-0191b31c652c","local_time":"20201229224515","is_ascension_mode":true,"campfire_choices":[{"floor":7.0,"key":"RECALL"},{"floor":15.0,"key":"REST"},{"floor":24.0,"key":"REST"},{"floor":28.0,"key":"REST"},{"data":"Defragment","floor":32.0,"key":"SMITH"},{"floor":40.0,"key":"REST"}],"circlet_count":0,"master_deck":["Defend_B","Defend_B","Defend_B","Defend_B","Zap+1","Dualcast","Glacier","Barrage","Double Energy","Darkness","Sweeping Beam","Melter","Defragment+1","Electrodynamics","Self Repair+1","Chaos+1","Necronomicurse","Barrage+1","Seek","Go for the Eyes+1","Undo+1","BootSequence","Slimebound:Tackle+1","Slimebound:Tackle+1","Multi-Cast","Steam Power","Redo+1","Static Discharge","Core Surge"],"relics":["Inserter","WarpedTongs","hexamod:BolsterEngine","Black Star","Necronomicon","Red Mask","Boot","Bottled Flame","HollowMod:PaleOreRelic","Nuclear Battery"],"acts_visited":["Exordium","TheCity","TheBeyond"],"potions_floor_usage":[42,42,42],"damage_taken":[{"damage":2.0,"enemies":"Jaw Worm","floor":1.0,"turns":3.0},{"damage":1.0,"enemies":"Cultist","floor":3.0,"turns":4.0},{"damage":2.0,"enemies":"2 Louse","floor":6.0,"turns":2.0},{"damage":5.0,"enemies":"Lagavulin","floor":8.0,"turns":8.0},{"damage":5.0,"enemies":"Blue Slaver","floor":11.0,"turns":5.0},{"damage":5.0,"enemies":"Red Slaver","floor":13.0,"turns":4.0},{"damage":22.0,"enemies":"The Guardian","floor":16.0,"turns":9.0},{"damage":3.0,"enemies":"Shell Parasite","floor":18.0,"turns":5.0},{"damage":11.0,"enemies":"Chosen","floor":19.0,"turns":6.0},{"damage":23.0,"enemies":"Masked Bandits","floor":22.0,"turns":4.0},{"damage":34.0,"enemies":"Slavers","floor":23.0,"turns":6.0},{"damage":7.0,"enemies":"3 Cultists","floor":25.0,"turns":5.0},{"damage":3.0,"enemies":"Snake Plant","floor":27.0,"turns":4.0},{"damage":16.0,"enemies":"Cultist and Chosen","floor":29.0,"turns":8.0},{"damage":7.0,"enemies":"Centurion and Healer","floor":30.0,"turns":5.0},{"damage":26.0,"enemies":"Automaton","floor":33.0,"turns":10.0},{"damage":29.0,"enemies":"Orb Walker","floor":35.0,"turns":4.0},{"damage":29.0,"enemies":"3 Darklings","floor":37.0,"turns":4.0},{"damage":26.0,"enemies":"Spire Growth","floor":41.0,"turns":4.0},{"damage":52,"enemies":"Giant Head","floor":42,"turns":7}],"seed_played":"1017842468403531860","potions_obtained":[{"floor":3.0,"key":"PowerPotion"},{"floor":8.0,"key":"ColorlessPotion"},{"floor":11.0,"key":"AttackPotion"},{"floor":16.0,"key":"SpeedPotion"},{"floor":18.0,"key":"EssenceOfDarkness"},{"floor":23.0,"key":"Block Potion"},{"floor":25.0,"key":"hexamod:EctoCoolerPotion"},{"floor":27.0,"key":"LiquidMemories"},{"floor":29.0,"key":"LiquidMemories"},{"floor":37.0,"key":"Weak Potion"},{"floor":41.0,"key":"LiquidMemories"}],"is_trial":false,"path_per_floor":["M","?","M","?","?","M","R","E","T","?","M","$","M","$","R","B",null,"M","M","?","?","?","E","R","M","T","M","R","M","M","?","R","B",null,"M","?","M","$","?","R","M","E"],"character_chosen":"DEFECT","items_purchased":["Defragment","Static Discharge"],"campfire_rested":4,"item_purchase_floors":[14,38],"current_hp_per_floor":[73,73,72,72,72,70,70,65,65,65,60,60,55,55,75,53,75,72,71,71,55,42,18,40,43,43,50,72,66,69,69,69,53,75,56,56,37,37,37,59,43,0,0],"gold":311,"neow_bonus":"BOSS_RELIC","is_daily":false,"chose_seed":false,"campfire_upgraded":1,"win_rate":0.0,"timestamp":1609303515,"path_taken":["M","?","?","?","?","?","R","E","T","?","M","$","M","?","R","BOSS","M","M","?","?","?","E","R","M","T","M","R","M","M","?","R","BOSS","M","?","M","?","?","R","M","E"],"items_purchased_type":["Card","Card"],"build_version":"2020-12-22","purchased_purges":1,"victory":false,"max_hp_per_floor":[75,75,75,75,75,75,75,75,75,75,75,75,75,75,75,75,75,75,75,75,75,75,75,75,75,75,75,75,75,75,75,75,75,75,75,75,75,75,75,75,75,75,75],"card_choices":[{"not_picked":["Stack","Ball Lightning"],"picked":"Glacier","floor":1.0},{"not_picked":["Conserve Battery","Beam Cell"],"picked":"Barrage","floor":3.0},{"not_picked":["Scrape","Conserve Battery"],"picked":"Double Energy","floor":6.0},{"not_picked":["Stack","Sweeping Beam"],"picked":"Darkness","floor":8.0},{"not_picked":["Gash","Undo"],"picked":"Sweeping Beam","floor":11.0},{"not_picked":["Ball Lightning","Rebound"],"picked":"Melter","floor":13.0},{"not_picked":["Amplify","Hyperbeam"],"picked":"Electrodynamics","floor":16.0},{"not_picked":["Recycle","Darkness"],"picked":"Self Repair+1","floor":18.0},{"not_picked":["Go for the Eyes","Cold Snap"],"picked":"Chaos+1","floor":19.0},{"not_picked":["Storm","Cold Snap"],"picked":"Barrage+1","floor":22.0},{"not_picked":["Capacitor+1","Conserve Battery"],"picked":"Seek","floor":23.0},{"not_picked":["Steam","Cold Snap"],"picked":"Go for the Eyes+1","floor":25.0},{"not_picked":["Genetic Algorithm","Cold Snap+1"],"picked":"Undo+1","floor":27.0},{"not_picked":["Streamline","Coolheaded"],"picked":"BootSequence","floor":29.0},{"not_picked":["Sunder","Turbo","Steam+1"],"picked":"SKIP","floor":30.0},{"not_picked":["Rainbow","Electrodynamics"],"picked":"Multi-Cast","floor":33.0},{"not_picked":["Steam+1","Storm","Cold Snap"],"picked":"SKIP","floor":35.0},{"not_picked":["Gash","Steam+1"],"picked":"Redo+1","floor":37.0},{"not_picked":["Turbo","Hologram+1"],"picked":"Core Surge","floor":41.0}],"player_experience":618628,"relics_obtained":[{"floor":8.0,"key":"hexamod:BolsterEngine"},{"floor":21.0,"key":"Necronomicon"},{"floor":22.0,"key":"Red Mask"},{"floor":23.0,"key":"Boot"},{"floor":23.0,"key":"Bottled Flame"},{"floor":26.0,"key":"HollowMod:PaleOreRelic"}],"event_choices":[{"damage_healed":0.0,"max_hp_gain":0.0,"max_hp_loss":0.0,"gold_gain":0.0,"event_name":"Upgrade Shrine","player_choice":"Upgraded","floor":2.0,"gold_loss":0.0,"damage_taken":0.0,"cards_upgraded":["Zap"]},{"cards_removed":["Strike_B"],"damage_healed":0.0,"max_hp_gain":0.0,"max_hp_loss":0.0,"gold_gain":0.0,"event_name":"The Cleric","player_choice":"Card Removal","floor":4.0,"gold_loss":50.0,"damage_taken":0.0},{"damage_healed":0.0,"max_hp_gain":0.0,"max_hp_loss":0.0,"gold_gain":0.0,"event_name":"Accursed Blacksmith","player_choice":"Rummage","floor":5.0,"gold_loss":0.0,"damage_taken":0.0,"relics_obtained":["WarpedTongs"],"cards_obtained":["Pain"]},{"damage_healed":0.0,"max_hp_gain":0.0,"max_hp_loss":0.0,"gold_gain":0.0,"event_name":"Shining Light","player_choice":"Ignored","floor":10.0,"gold_loss":0.0,"damage_taken":0.0},{"cards_removed":["Strike_B"],"damage_healed":0.0,"max_hp_gain":0.0,"max_hp_loss":0.0,"gold_gain":0.0,"event_name":"Beggar","player_choice":"Gave Gold","floor":20.0,"gold_loss":75.0,"damage_taken":0.0},{"damage_healed":0.0,"max_hp_gain":0.0,"max_hp_loss":0.0,"gold_gain":0.0,"event_name":"Cursed Tome","player_choice":"Obtained Book","floor":21.0,"gold_loss":0.0,"damage_taken":16.0},{"damage_healed":0.0,"max_hp_gain":0.0,"max_hp_loss":0.0,"gold_gain":0.0,"event_name":"Masked Bandits","player_choice":"Fought Bandits","floor":22.0,"gold_loss":0.0,"damage_taken":0.0},{"damage_healed":0.0,"max_hp_gain":0.0,"max_hp_loss":0.0,"gold_gain":0.0,"cards_transformed":["Slimebound:Tackle"],"event_name":"Transmorgrifier","player_choice":"Transformed","floor":36.0,"gold_loss":0.0,"damage_taken":0.0,"cards_obtained":["Steam Power"]},{"damage_healed":0.0,"max_hp_gain":0.0,"max_hp_loss":0.0,"gold_gain":0.0,"event_name":"The Moai Head","player_choice":"Ignored","floor":39.0,"gold_loss":0.0,"damage_taken":0.0}],"is_beta":false,"boss_relics":[{"not_picked":["Sozu","Philosopher\u0027s Stone"],"picked":"Black Star"},{"not_picked":["Runic Dome","Empty Cage"],"picked":"Nuclear Battery"}],"items_purged_floors":[12],"is_endless":false,"potions_floor_spawned":[3,8,11,16,18,23,25,27,29,30,37,41],"killed_by":"Giant Head","ascension_level":2}}