{"host":"dntw6kil9p09eemm","time":1609354238,"event":{"mods":["Alarm Clock","BaseMod","Downfall","Minty Spire (QoL Compilation)","Permanent Neow","Replay The Spire","Shop Mod","StSLib"],"gold_per_floor":[113,132,146,165,177,203,203,203,203,217,236,33,46,46,46,142,142,157,8,8,20,200,200,127,127,174,185,185,195,195,195,195],"floor_reached":30,"playtime":1425,"items_purged":["hexamod:Defend"],"score":309,"play_id":"957e7079-5659-4cf8-9e8c-00c73392f275","local_time":"20201231035038","is_ascension_mode":false,"campfire_choices":[{"data":"hexamod:Float","floor":8,"key":"SMITH"},{"data":"hexamod:SuperheatedStrike","floor":15,"key":"SMITH"},{"floor":23,"key":"REST"},{"data":"hexamod:SearingWound","floor":25,"key":"SMITH"},{"floor":28,"key":"REST"}],"circlet_count":0,"master_deck":["hexamod:Strike","hexamod:Strike","hexamod:Defend","hexamod:Defend","hexamod:Sear+1","hexamod:Float+1","hexamod:StepThrough+1","hexamod:BurningTouch","hexamod:FastForward+1","hexamod:SuperheatedStrike+1","hexamod:Firestarter","hexamod:Incineration","hexamod:SearingWound+1","hexamod:FastForward","hexamod:ExtraCrispy","hexamod:PhantomFireball","hexamod:ThermalTransfer","hexamod:CatchUp"],"relics":["hexamod:SpiritBrand","Mummified Hand","Mirror","MerchantsRug","Ice Cream","Orichalcum"],"acts_visited":["Exordium","TheCity"],"potions_floor_usage":[30],"damage_taken":[{"damage":0,"enemies":"2 Louse","floor":1,"turns":2},{"damage":1,"enemies":"Cultist","floor":2,"turns":3},{"damage":0,"enemies":"Small Slimes","floor":3,"turns":3},{"damage":1,"enemies":"Blue Slaver","floor":4,"turns":3},{"damage":4,"enemies":"Exordium Thugs","floor":5,"turns":3},{"damage":0,"enemies":"Replay:BlueRogue","floor":6,"turns":5},{"damage":0,"enemies":"2 Fungi Beasts","floor":10,"turns":3},{"damage":0,"enemies":"Blue Slaver","floor":11,"turns":3},{"damage":2,"enemies":"Red Slaver","floor":13,"turns":3},{"damage":0,"enemies":"Slime Boss","floor":16,"turns":7},{"damage":14,"enemies":"Chosen","floor":18,"turns":4},{"damage":1,"enemies":"Shell Parasite","floor":21,"turns":4},{"damage":10,"enemies":"Centurion and Healer","floor":27,"turns":4},{"damage":26,"enemies":"Cultist and Chosen","floor":29,"turns":5},{"damage":30,"enemies":"Shelled Parasite and Fungi","floor":30,"turns":2}],"seed_played":"7078131983526216602","potions_obtained":[{"floor":6,"key":"champ:CounterPotion"},{"floor":10,"key":"AttackPotion"},{"floor":11,"key":"AttackPotion"},{"floor":13,"key":"Fire Potion"},{"floor":27,"key":"Fire Potion"}],"is_trial":false,"path_per_floor":["M","M","M","M","M","E","?","R","T","M","M","$","M","?","R","B",null,"M","$","?","M","?","R","$","R","T","M","R","M","M"],"character_chosen":"THE_SPIRIT","items_purchased":["MerchantsRug","hexamod:Incineration","Ice Cream","hexamod:PhantomFireball"],"campfire_rested":2,"item_purchase_floors":[12,12,19,24],"current_hp_per_floor":[70,69,69,68,64,64,64,64,64,64,64,64,62,48,48,48,53,39,39,39,38,19,34,34,34,34,24,39,13,0,0,0],"gold":195,"neow_bonus":"THREE_CARDS","is_daily":false,"chose_seed":false,"campfire_upgraded":3,"win_rate":0.0,"timestamp":1609354238,"path_taken":["M","M","M","M","M","E","?","R","T","?","M","$","M","?","R","BOSS","M","$","?","M","?","R","$","R","T","?","R","M","M"],"items_purchased_type":["Relic","Card","Relic","Card"],"build_version":"2020-12-22","purchased_purges":1,"victory":false,"max_hp_per_floor":[70,70,70,70,70,70,70,70,70,70,70,70,70,70,70,70,53,53,53,53,53,53,53,53,53,53,53,53,53,53,53,53],"card_choices":[{"not_picked":["hexamod:HeatShield","hexamod:InspiringFlames"],"picked":"hexamod:StepThrough","floor":0},{"not_picked":["hexamod:Firestarter","hexamod:Hexaguard"],"picked":"hexamod:BurningTouch","floor":1},{"not_picked":["hexamod:SpectersWail","hexamod:ThermalTransfer"],"picked":"hexamod:FastForward","floor":2},{"not_picked":["hexamod:PowerFromBeyond","hexamod:Hexaguard","hexamod:BacktrackSmack"],"picked":"SKIP","floor":3},{"not_picked":["hexamod:RainOfEmbers","hexamod:BacktrackSmack"],"picked":"hexamod:SuperheatedStrike","floor":4},{"not_picked":["hexamod:SwordOfDarkness","hexamod:GhostOfSpirePast","hexamod:Hexaguard"],"picked":"SKIP","floor":5},{"not_picked":["hexamod:ShieldOfDarkness","hexamod:Hexaguard","hexamod:EmpoweringStance"],"picked":"SKIP","floor":6},{"not_picked":["hexamod:AdvancingGuard","hexamod:ShieldOfDarkness","hexamod:GhostShield"],"picked":"SKIP","floor":10},{"not_picked":["hexamod:Hexaguard","hexamod:HauntingEcho"],"picked":"hexamod:Firestarter","floor":11},{"not_picked":["hexamod:BacktrackSmack","hexamod:Hexaguard","hexamod:InspiringFlames"],"picked":"SKIP","floor":13},{"not_picked":["hexamod:GhostflameInferno","hexamod:TurnItUp"],"picked":"hexamod:SearingWound","floor":16},{"not_picked":["hexamod:NightmareStrike","hexamod:AdvancingGuard+1"],"picked":"hexamod:FastForward","floor":18},{"not_picked":["hexamod:Again+1","hexamod:NightmareStrike"],"picked":"hexamod:ExtraCrispy","floor":21},{"not_picked":["hexamod:BacktrackSmack+1","hexamod:GhostShield+1"],"picked":"hexamod:ThermalTransfer","floor":27},{"not_picked":["hexamod:BacktrackSmack","hexamod:NightmareStrike"],"picked":"hexamod:CatchUp","floor":29}],"player_experience":441777,"relics_obtained":[{"floor":6,"key":"Mummified Hand"},{"floor":9,"key":"Mirror"},{"floor":26,"key":"Orichalcum"}],"event_choices":[{"damage_healed":0,"gold_gain":0,"player_choice":"Forge","damage_taken":0,"max_hp_gain":0,"max_hp_loss":0,"event_name":"Accursed Blacksmith","floor":7,"gold_loss":0,"cards_upgraded":["hexamod:FastForward"]},{"damage_healed":0,"gold_gain":0,"player_choice":"Entered Light","damage_taken":14,"max_hp_gain":0,"max_hp_loss":0,"event_name":"Shining Light","floor":14,"gold_loss":0,"cards_upgraded":["hexamod:Sear","hexamod:StepThrough"]},{"damage_healed":0,"gold_gain":180,"player_choice":"GOLD GOLD ","damage_taken":19,"max_hp_gain":0,"max_hp_loss":0,"event_name":"Knowing Skull","floor":22,"potions_obtained":[],"gold_loss":0,"cards_obtained":[]}],"is_beta":false,"boss_relics":[{"not_picked":["Ectoplasm","Kintsugi"],"picked":"Replay:Drink Me"}],"items_purged_floors":[12],"is_endless":false,"potions_floor_spawned":[6,10,11,13,27],"killed_by":"Shelled Parasite and Fungi","ascension_level":0}}