{"host":"msa0wxqjs3jv1k3j","time":1609335010,"event":{"mods":["BaseMod","BetterRewards","Colored Map","Highlight Path","KOR Keyword Fix","Keyboard Shortcuts","Minty Spire (QoL Compilation)","Quick Restart","SuperFastMode","everything is the same but u backflip on backflip"],"gold_per_floor":[117,117,192,142,142,175,194,194,194,48,64,89,89,100,100,100,100],"floor_reached":16,"playtime":405,"items_purged":["Defend_R"],"score":133,"play_id":"45ae16e7-ac37-4af8-9223-4df72cf40b0a","local_time":"20201230223010","is_ascension_mode":false,"campfire_choices":[{"data":"Body Slam","floor":8,"key":"SMITH"},{"floor":13,"key":"REST"},{"data":"Immolate","floor":15,"key":"SMITH"}],"circlet_count":0,"master_deck":["Strike_R","Strike_R","Strike_R","Strike_R","Defend_R","Defend_R","Defend_R","Bash","Body Slam+1","Fire Breathing","Ghostly Armor","Immolate+1","Battle Trance"],"relics":["Burning Blood","NeowsBlessing","Bag of Marbles","Torii","Pantograph","Potion Belt"],"acts_visited":["Exordium"],"potions_floor_usage":[16],"damage_taken":[{"damage":0,"enemies":"2 Louse","floor":1,"turns":1},{"damage":0,"enemies":"3 Sentries","floor":6,"turns":2},{"damage":0,"enemies":"Small Slimes","floor":7,"turns":1},{"damage":6,"enemies":"Jaw Worm","floor":11,"turns":3},{"damage":65,"enemies":"Gremlin Nob","floor":12,"turns":6},{"damage":10,"enemies":"Looter","floor":14,"turns":2},{"damage":61,"enemies":"Hexaghost","floor":16,"turns":8}],"seed_played":"5939766460376710416","potions_obtained":[{"floor":14,"key":"Strength Potion"}],"is_trial":false,"path_per_floor":["M","?","?","?","?","E","M","R","T","$","M","E","R","M","R","B"],"character_chosen":"IRONCLAD","items_purchased":["Fire Breathing"],"campfire_rested":1,"item_purchase_floors":[10],"current_hp_per_floor":[80,80,69,69,62,68,74,74,74,74,74,15,39,35,35,0,0],"gold":100,"neow_bonus":"THREE_ENEMY_KILL","is_daily":false,"chose_seed":false,"campfire_upgraded":2,"win_rate":0.0,"timestamp":1609335010,"path_taken":["M","?","?","?","?","E","M","R","T","$","M","E","R","?","R","BOSS"],"items_purchased_type":["Card"],"build_version":"2020-12-22","purchased_purges":1,"victory":false,"max_hp_per_floor":[80,80,80,80,80,80,80,80,80,80,80,80,80,80,80,80,80],"card_choices":[{"not_picked":["Iron Wave","Clothesline","Warcry"],"picked":"SKIP","floor":1},{"not_picked":["Iron Wave","Intimidate"],"picked":"Body Slam","floor":6},{"not_picked":["Rampage","Searing Blow","Heavy Blade"],"picked":"SKIP","floor":7},{"not_picked":["Anger","Headbutt"],"picked":"Ghostly Armor","floor":11},{"not_picked":["Combust","Dark Embrace"],"picked":"Immolate","floor":12},{"not_picked":["Heavy Blade","Entrench"],"picked":"Battle Trance","floor":14}],"player_experience":24393,"relics_obtained":[{"floor":6,"key":"Torii"},{"floor":9,"key":"Pantograph"},{"floor":12,"key":"Potion Belt"}],"event_choices":[{"damage_healed":0,"gold_gain":0,"player_choice":"Ignored","damage_taken":0,"max_hp_gain":0,"max_hp_loss":0,"event_name":"Liars Game","floor":2,"gold_loss":0},{"damage_healed":0,"gold_gain":75,"player_choice":"Gather Gold","damage_taken":11,"max_hp_gain":0,"max_hp_loss":0,"event_name":"World of Goop","floor":3,"gold_loss":0},{"cards_removed":["Strike_R"],"damage_healed":0,"gold_gain":0,"player_choice":"Card Removal","damage_taken":0,"max_hp_gain":0,"max_hp_loss":0,"event_name":"The Cleric","floor":4,"gold_loss":50},{"damage_healed":0,"gold_gain":0,"player_choice":"Success","damage_taken":7,"relics_obtained":["Bag of Marbles"],"max_hp_gain":0,"max_hp_loss":0,"event_name":"Scrap Ooze","floor":5,"gold_loss":0}],"is_beta":false,"boss_relics":[],"items_purged_floors":[10],"is_endless":false,"potions_floor_spawned":[14],"killed_by":"Hexaghost","ascension_level":0}}