{"host":"2461dio7vetlq1z3","time":1609334174,"event":{"mods":["2.2 Compatiblity","AchievementEnabler","Aspiration","BaseMod","Better Third Choice","Friendly Minions","Hermit","Minty Spire (QoL Compilation)","Relic Stats","Spicy Shops","StSLib","The Hierophant","Waifu the Spire"],"gold_per_floor":[119,135,85,10,10,10,36,47,47,63,63,78,78,108,108,183,183,225,17,17,17,30,30,103,103,103,103,103,103,159,175,175,281,281,443,523,105,188,232,325,434,434,434,434,481,481,108,108,108,168,168,168,44,70,70],"floor_reached":56,"playtime":4082,"items_purged":["Strike_P","Defend_P","Consecrate","Defend_P+1"],"score":2133,"play_id":"bb6060d1-f264-4790-bdca-efe2138efe40","local_time":"20201230141614","is_ascension_mode":true,"campfire_choices":[{"data":"WheelKick","floor":6,"key":"SMITH"},{"floor":13,"key":"REST"},{"data":"1","floor":15,"key":"LIFT"},{"data":"2","floor":23,"key":"LIFT"},{"floor":25,"key":"REST"},{"floor":28,"key":"REST"},{"floor":32,"key":"REST"},{"floor":42,"key":"REST"},{"floor":44,"key":"RECALL"},{"floor":49,"key":"REST"},{"data":"3","floor":52,"key":"LIFT"}],"circlet_count":0,"master_deck":["AscendersBane","Eruption+1","Vigilance+1","CurseOfTheBell","WheelKick+1","Meditate","FollowUp+1","EmptyBody+1","WheelKick+1","Omniscience+1","ThirdEye+1","DevaForm+1","EmptyFist+1","Wish+1","LessonLearned+1","TalkToTheHand+1","FearNoEvil+1","TalkToTheHand+1","InnerPeace+1","Omniscience+1","Protect+1","Fasting2+1","Swivel+1","Worship+1","TalkToTheHand+1"],"relics":["Calling Bell","Smiling Mask","Letter Opener","Pocketwatch","Ice Cream","Bag of Marbles","Girya","Astrolabe","Strange Spoon","Akabeko","Boot","Snecko Eye","HornCleat","Prayer Wheel","aspiration:HummingbirdHeart","Mummified Hand","Membership Card","Lizard Tail","Lantern"],"acts_visited":["Exordium","TheCity","TheBeyond","TheEnding"],"potions_floor_usage":[18,18,33,54,55,55],"damage_taken":[{"damage":1,"enemies":"Cultist","floor":1,"turns":4},{"damage":1,"enemies":"Small Slimes","floor":2,"turns":4},{"damage":11,"enemies":"Gremlin Nob","floor":7,"turns":3},{"damage":7,"enemies":"Jaw Worm","floor":8,"turns":2},{"damage":24,"enemies":"Exordium Thugs","floor":10,"turns":5},{"damage":3,"enemies":"Looter","floor":12,"turns":4},{"damage":0,"enemies":"Lagavulin","floor":14,"turns":4},{"damage":3,"enemies":"Hexaghost","floor":16,"turns":8},{"damage":10,"enemies":"3 Byrds","floor":18,"turns":6},{"damage":17,"enemies":"2 Thieves","floor":22,"turns":4},{"damage":25,"enemies":"Sentry and Sphere","floor":24,"turns":6},{"damage":23,"enemies":"Gremlin Leader","floor":30,"turns":7},{"damage":4,"enemies":"3 Cultists","floor":31,"turns":5},{"damage":18,"enemies":"Champ","floor":33,"turns":8},{"damage":3,"enemies":"3 Shapes","floor":35,"turns":5},{"damage":0,"enemies":"3 Darklings","floor":36,"turns":3},{"damage":3,"enemies":"2 Orb Walkers","floor":38,"turns":3},{"damage":0,"enemies":"Maw","floor":39,"turns":5},{"damage":29,"enemies":"Reptomancer","floor":40,"turns":6},{"damage":0,"enemies":"Writhing Mass","floor":41,"turns":3},{"damage":0,"enemies":"3 Darklings","floor":45,"turns":3},{"damage":29,"enemies":"Awakened One","floor":50,"turns":7},{"damage":0,"enemies":"Shield and Spear","floor":54,"turns":4},{"damage":48,"enemies":"The Heart","floor":55,"turns":7}],"seed_played":"-3549343593203666241","potions_obtained":[{"floor":8,"key":"Energy Potion"},{"floor":10,"key":"StancePotion"},{"floor":16,"key":"BlessingOfTheForge"},{"floor":18,"key":"Dexterity Potion"},{"floor":35,"key":"SteroidPotion"},{"floor":39,"key":"FearPotion"}],"is_trial":false,"path_per_floor":["M","M","$","?","$","R","E","M","T","M","?","M","R","E","R","B",null,"M","$","?","$","M","R","M","R","T","?","R","?","E","M","R","B",null,"M","M","$","?","M","E","M","R","T","R","M","?","$","?","R","B",null,"R","$","E","B",null],"character_chosen":"WATCHER","items_purchased":["Strange Spoon","Fasting2","HornCleat","Membership Card","Lizard Tail","TalkToTheHand","LiquidMemories"],"campfire_rested":6,"item_purchase_floors":[19,37,37,47,47,53,53],"current_hp_per_floor":[60,59,59,59,59,59,48,41,41,17,12,9,29,29,29,26,58,48,48,48,48,31,31,6,26,26,7,28,32,9,5,26,8,57,54,54,54,51,51,22,22,43,43,43,43,43,43,38,59,30,62,62,62,62,14],"gold":70,"neow_bonus":"BOSS_RELIC","is_daily":false,"chose_seed":false,"campfire_upgraded":1,"win_rate":0.0,"timestamp":1609334174,"path_taken":["M","M","$","?","$","R","E","M","T","M","?","M","R","E","R","BOSS","M","$","?","?","M","R","M","R","T","?","R","?","E","M","R","BOSS","M","M","$","?","M","E","M","R","T","R","M","?","$","?","R","BOSS","R","$","E","BOSS"],"items_purchased_type":["Relic","Card","Relic","Relic","Relic","Card","Potion"],"build_version":"2020-12-22","purchased_purges":4,"victory":true,"max_hp_per_floor":[68,68,68,68,68,68,68,68,68,68,68,68,68,68,68,68,68,68,68,68,68,68,68,68,68,68,73,73,73,73,73,73,73,73,73,73,73,73,73,73,73,73,73,73,73,73,73,73,73,73,73,73,73,73,73],"relic_stats":{"Strange Spoon":[64],"Lizard Tail":0,"counters":[24,116],"Mummified Hand":[25],"Astrolabe":["EmptyFist","Wish","LessonLearned"],"Snecko Eye":[88,100,99,86],"Prayer Wheel":3,"Letter Opener":[205],"Smiling Mask":175,"Boot":[0],"obtain_stats":[{"Ice Cream":7,"Girya":14,"Lantern":54,"Astrolabe":17,"aspiration:HummingbirdHeart":40,"Letter Opener":0,"Smiling Mask":0,"Boot":30,"Akabeko":26,"Calling Bell":0,"Strange Spoon":19,"Lizard Tail":47,"HornCleat":37,"Mummified Hand":43,"Snecko Eye":34,"Prayer Wheel":38,"Bag of Marbles":11,"Membership Card":47,"PureWater":0,"Pocketwatch":0},{"Ice Cream":3,"Girya":7,"Lantern":23,"Astrolabe":8,"aspiration:HummingbirdHeart":19,"Letter Opener":0,"Smiling Mask":0,"Boot":12,"Akabeko":11,"Calling Bell":0,"Strange Spoon":9,"Lizard Tail":21,"HornCleat":16,"Mummified Hand":20,"Snecko Eye":14,"Prayer Wheel":17,"Bag of Marbles":5,"Membership Card":21,"PureWater":0,"Pocketwatch":0},{"Ice Cream":11,"Girya":26,"Lantern":109,"Astrolabe":34,"aspiration:HummingbirdHeart":92,"Letter Opener":0,"Smiling Mask":0,"Boot":57,"Akabeko":50,"Calling Bell":0,"Strange Spoon":40,"Lizard Tail":98,"HornCleat":78,"Mummified Hand":95,"Snecko Eye":70,"Prayer Wheel":81,"Bag of Marbles":18,"Membership Card":98,"PureWater":0,"Pocketwatch":0}],"Pocketwatch":[137]},"card_choices":[{"not_picked":["ClearTheMind","Sanctity"],"picked":"WheelKick","floor":1},{"not_picked":["Prostrate","CutThroughFate"],"picked":"Meditate","floor":2},{"not_picked":["Evaluate","Halt"],"picked":"FollowUp","floor":7},{"not_picked":["Vengeance","JustLucky"],"picked":"EmptyBody","floor":8},{"not_picked":["CarveReality","PathToVictory"],"picked":"WheelKick","floor":10},{"not_picked":["SashWhip","WaveOfTheHand"],"picked":"Omniscience","floor":12},{"not_picked":["CutThroughFate","FlyingSleeves"],"picked":"ThirdEye","floor":14},{"not_picked":["Devotion","ConjureBlade"],"picked":"DevaForm","floor":16},{"not_picked":["Indignation","Perseverance"],"picked":"TalkToTheHand","floor":18},{"not_picked":["CrushJoints","SashWhip"],"picked":"Consecrate","floor":22},{"not_picked":["FollowUp","JustLucky"],"picked":"FearNoEvil","floor":24},{"not_picked":["FlurryOfBlows","FollowUp+1"],"picked":"TalkToTheHand","floor":30},{"not_picked":["ThirdEye","WindmillStrike"],"picked":"InnerPeace","floor":31},{"not_picked":["DeusExMachina","Establishment"],"picked":"Omniscience","floor":33},{"not_picked":["CutThroughFate","Crescendo"],"picked":"Protect","floor":35},{"not_picked":["PathToVictory+1","Nirvana","ClearTheMind"],"picked":"SKIP","floor":36},{"not_picked":["Halt","Fasting2"],"picked":"Swivel+1","floor":38},{"not_picked":["Sanctity+1","PathToVictory","JustLucky"],"picked":"SKIP","floor":39},{"not_picked":["PathToVictory","ThirdEye","WindmillStrike+1"],"picked":"SKIP","floor":39},{"not_picked":["Prostrate","Scrawl","BowlingBash"],"picked":"SKIP","floor":40},{"not_picked":["SandsOfTime","FearNoEvil","FollowUp+1"],"picked":"SKIP","floor":41},{"not_picked":["SandsOfTime","PathToVictory","Evaluate+1"],"picked":"SKIP","floor":41},{"not_picked":["ForeignInfluence+1","EmptyFist"],"picked":"Worship+1","floor":45},{"not_picked":["FearNoEvil","Prostrate","Evaluate"],"picked":"SKIP","floor":45},{"not_picked":["ClearTheMind","FollowUp+1","ForeignInfluence"],"picked":"SKIP","floor":54}],"player_experience":996318,"relics_obtained":[{"floor":0,"key":"Smiling Mask"},{"floor":0,"key":"Letter Opener"},{"floor":0,"key":"Pocketwatch"},{"floor":7,"key":"Ice Cream"},{"floor":14,"key":"Girya"},{"floor":26,"key":"Akabeko"},{"floor":30,"key":"Boot"},{"floor":38,"key":"Prayer Wheel"},{"floor":40,"key":"aspiration:HummingbirdHeart"},{"floor":43,"key":"Mummified Hand"},{"floor":54,"key":"Lantern"}],"event_choices":[{"cards_removed":["Defend_P"],"damage_healed":0,"gold_gain":0,"player_choice":"Card Removal","damage_taken":0,"max_hp_gain":0,"max_hp_loss":0,"event_name":"The Cleric","floor":4,"gold_loss":75},{"damage_healed":0,"gold_gain":0,"player_choice":"Relic ","damage_taken":5,"max_hp_gain":0,"max_hp_loss":0,"event_name":"betterThird:BetterScrap","floor":11,"gold_loss":0,"cards_obtained":["Intimidate"]},{"cards_removed":["Defend_P"],"damage_healed":0,"gold_gain":0,"player_choice":"Purged","damage_taken":0,"max_hp_gain":0,"max_hp_loss":0,"event_name":"Purifier","floor":20,"gold_loss":0},{"damage_healed":0,"gold_gain":0,"player_choice":"Shed Blood","damage_taken":24,"max_hp_gain":5,"max_hp_loss":0,"event_name":"Forgotten Altar","floor":27,"gold_loss":0},{"damage_healed":0,"gold_gain":0,"player_choice":"Fight","damage_taken":0,"max_hp_gain":0,"max_hp_loss":0,"event_name":"Mysterious Sphere","floor":38,"gold_loss":0},{"damage_healed":0,"gold_gain":0,"player_choice":"Ignored","damage_taken":0,"max_hp_gain":0,"max_hp_loss":0,"event_name":"Tomb of Lord Red Mask","floor":46,"gold_loss":0},{"damage_healed":0,"gold_gain":0,"player_choice":"Memory 2","damage_taken":5,"max_hp_gain":0,"max_hp_loss":0,"event_name":"SensoryStone","floor":48,"gold_loss":0}],"is_beta":false,"boss_relics":[{"not_picked":["Tiny House","Ectoplasm"],"picked":"Astrolabe"},{"not_picked":["SacredBark","Pandora\u0027s Box"],"picked":"Snecko Eye"}],"items_purged_floors":[3,19,37,47],"is_endless":false,"potions_floor_spawned":[8,10,16,18,35,39,45],"ascension_level":19}}