{"host":"ohysexhjt9sgbosk","time":1609357234,"event":{"mods":["BaseMod","Colored Map","Colored Powertips","Curses Come First","Evolution","Minty Spire (QoL Compilation)","Rare Cards Sparkle","StSLib"],"gold_per_floor":[117,137,147,147,322,352,352,352,400,425,425,442,469,488,488,591,591,610,79,91,91,91,123,123,154,180,196,111,125,125,145,145,245,245,261,261,278,36,48,75,75,85,110,110,142,155,11,24,24,24],"floor_reached":51,"playtime":7357,"items_purged":[],"score":792,"play_id":"8f25c86a-1ce0-4119-bea8-d678d0c23372","local_time":"20201230124034","is_ascension_mode":false,"campfire_choices":[{"floor":7,"key":"REST"},{"floor":15,"key":"REST"},{"data":"Creative AI","floor":24,"key":"SMITH"},{"data":"Loop","floor":32,"key":"SMITH"},{"data":"Amplify","floor":41,"key":"SMITH"},{"data":"Defragment","floor":44,"key":"SMITH"},{"floor":49,"key":"REST"}],"circlet_count":0,"master_deck":["Ball Lightning","Strike_B","Strike_B","Strike_B","Defend_B","Defend_B","Defend_B","Defend_B","Zap+1","Dualcast","Scrape","Fusion","Glacier","Loop+1","Chill","Stack+1","Lockon","Conserve Battery+1","Creative AI+1","Compile Driver","Loop+1","Self Repair","Capacitor","Steam","Beam Cell+1","Streamline","Defragment+1","Conserve Battery+1","Amplify+1","White Noise+1","Barrage+1","Steam","Coolheaded+1","Parasite","Lockon+1","Leap","Sweeping Beam","Steam+1"],"relics":["FrozenCore","EVO:Axolotl","Happy Flower","Mercury Hourglass","Bag of Marbles","Letter Opener","Toy Ornithopter","Thread and Needle","Strawberry","Pear","White Beast Statue","Anchor","War Paint","Regal Pillow","Potion Belt","Inserter","Gremlin Horn","Matryoshka","Sundial","Orichalcum","Ancient Tea Set","HandDrill"],"acts_visited":["Exordium","TheCity","TheBeyond"],"potions_floor_usage":[13,13,16,20,23,25,29,33,33,33,39,39,40,45,45,45,48],"damage_taken":[{"damage":8,"enemies":"Jaw Worm","floor":1,"turns":3},{"damage":3,"enemies":"Small Slimes","floor":2,"turns":3},{"damage":0,"enemies":"2 Louse","floor":3,"turns":3},{"damage":5,"enemies":"Lagavulin","floor":6,"turns":7},{"damage":8,"enemies":"3 Sentries","floor":10,"turns":5},{"damage":0,"enemies":"Blue Slaver","floor":12,"turns":3},{"damage":31,"enemies":"Gremlin Nob","floor":13,"turns":5},{"damage":4,"enemies":"2 Fungi Beasts","floor":14,"turns":2},{"damage":9,"enemies":"Slime Boss","floor":16,"turns":9},{"damage":9,"enemies":"Shell Parasite","floor":18,"turns":7},{"damage":1,"enemies":"Chosen","floor":20,"turns":5},{"damage":16,"enemies":"Book of Stabbing","floor":23,"turns":7},{"damage":26,"enemies":"Gremlin Leader","floor":25,"turns":9},{"damage":1,"enemies":"Snecko","floor":27,"turns":7},{"damage":1,"enemies":"Centurion and Healer","floor":29,"turns":7},{"damage":20,"enemies":"Snake Plant","floor":31,"turns":5},{"damage":22,"enemies":"Champ","floor":33,"turns":9},{"damage":5,"enemies":"3 Shapes","floor":35,"turns":9},{"damage":1,"enemies":"Orb Walker","floor":37,"turns":6},{"damage":0,"enemies":"Maw","floor":39,"turns":9},{"damage":8,"enemies":"Nemesis","floor":40,"turns":5},{"damage":0,"enemies":"Writhing Mass","floor":42,"turns":8},{"damage":26,"enemies":"Giant Head","floor":45,"turns":8},{"damage":44,"enemies":"Transient","floor":46,"turns":5},{"damage":0,"enemies":"Jaw Worm Horde","floor":48,"turns":6},{"damage":8,"enemies":"Donu and Deca","floor":50,"turns":11}],"seed_played":"6229127638805046892","potions_obtained":[{"floor":3,"key":"GamblersBrew"},{"floor":6,"key":"DuplicationPotion"},{"floor":12,"key":"PowerPotion"},{"floor":16,"key":"LiquidBronze"},{"floor":18,"key":"Energy Potion"},{"floor":23,"key":"Dexterity Potion"},{"floor":25,"key":"Fire Potion"},{"floor":27,"key":"Dexterity Potion"},{"floor":29,"key":"Explosive Potion"},{"floor":31,"key":"EssenceOfDarkness"},{"floor":33,"key":"FocusPotion"},{"floor":35,"key":"DistilledChaos"},{"floor":37,"key":"LiquidMemories"},{"floor":39,"key":"Strength Potion"},{"floor":40,"key":"EssenceOfDarkness"},{"floor":42,"key":"Block Potion"},{"floor":45,"key":"Fruit Juice"},{"floor":46,"key":"SkillPotion"},{"floor":48,"key":"SteroidPotion"}],"is_trial":false,"path_per_floor":["M","M","M","?","?","E","R","?","T","E","$","M","E","M","R","B",null,"M","$","M","?","T","E","R","E","T","M","?","M","?","M","R","B",null,"M","?","M","$","M","E","R","M","T","R","E","M","$","M","R","B",null],"character_chosen":"DEFECT","items_purchased":["Thread and Needle","Loop","Strawberry","Gremlin Horn","HandDrill"],"campfire_rested":3,"item_purchase_floors":[19,19,19,38,47],"current_hp_per_floor":[67,64,64,57,57,52,74,74,74,66,66,66,35,31,53,49,75,66,73,77,87,87,83,83,69,69,75,75,86,86,73,73,66,92,92,92,91,91,92,84,84,91,91,91,83,46,46,58,97,89],"gold":24,"neow_bonus":"UPGRADE_CARD","is_daily":false,"chose_seed":false,"campfire_upgraded":4,"win_rate":0.0,"timestamp":1609357234,"path_taken":["M","M","M","?","?","E","R","?","T","E","?","?","E","M","R","BOSS","M","$","M","?","?","E","R","E","T","?","?","M","?","M","R","BOSS","M","?","?","$","M","E","R","M","T","R","E","M","$","M","R","BOSS"],"items_purchased_type":["Relic","Card","Relic","Relic","Relic"],"build_version":"2020-12-22","purchased_purges":0,"victory":true,"max_hp_per_floor":[75,75,75,75,75,75,75,75,75,75,75,75,75,75,75,75,75,75,82,82,92,92,92,92,92,92,92,92,92,92,92,92,92,92,92,92,92,92,92,92,92,92,92,92,97,97,97,97,97,97],"card_choices":[{"not_picked":["Beam Cell","Streamline"],"picked":"Scrape","floor":1},{"not_picked":["Auto Shields","Beam Cell"],"picked":"Fusion","floor":2},{"not_picked":["Sweeping Beam","Beam Cell"],"picked":"Glacier","floor":3},{"not_picked":["Leap","Redo"],"picked":"Loop","floor":6},{"not_picked":["Streamline","Beam Cell"],"picked":"Chill","floor":10},{"not_picked":["Biased Cognition","Beam Cell"],"picked":"Stack","floor":12},{"not_picked":["Stack","Conserve Battery"],"picked":"Lockon","floor":13},{"not_picked":["Steam","Reboot"],"picked":"Conserve Battery","floor":14},{"not_picked":["Reboot","Fission"],"picked":"Creative AI","floor":16},{"not_picked":["Hologram","Streamline"],"picked":"Compile Driver","floor":18},{"not_picked":["Lockon","Cold Snap"],"picked":"Self Repair","floor":20},{"not_picked":["Consume+1","Sweeping Beam"],"picked":"Capacitor","floor":23},{"not_picked":["Compile Driver","Cold Snap"],"picked":"Steam","floor":25},{"not_picked":["Stack+1","Gash+1"],"picked":"Beam Cell+1","floor":27},{"not_picked":["Barrage","Gash+1"],"picked":"Streamline","floor":29},{"not_picked":["Hologram","Consume"],"picked":"Conserve Battery+1","floor":31},{"not_picked":["Seek","Biased Cognition"],"picked":"Amplify","floor":33},{"not_picked":["Go for the Eyes+1","Chaos+1"],"picked":"White Noise+1","floor":35},{"not_picked":["Stack+1","Conserve Battery"],"picked":"Barrage+1","floor":37},{"not_picked":["Reprogram+1","Compile Driver"],"picked":"Steam","floor":39},{"not_picked":["Glacier","BootSequence+1"],"picked":"Coolheaded+1","floor":40},{"not_picked":["Sweeping Beam","Auto Shields"],"picked":"Lockon+1","floor":42},{"not_picked":["Tempest","Static Discharge"],"picked":"Leap","floor":45},{"not_picked":["Hologram+1","Tempest"],"picked":"Sweeping Beam","floor":46},{"not_picked":["Biased Cognition","Reprogram+1"],"picked":"Steam+1","floor":48}],"player_experience":47779,"relics_obtained":[{"floor":6,"key":"Mercury Hourglass"},{"floor":9,"key":"Bag of Marbles"},{"floor":10,"key":"Letter Opener"},{"floor":13,"key":"Toy Ornithopter"},{"floor":22,"key":"White Beast Statue"},{"floor":23,"key":"Anchor"},{"floor":25,"key":"War Paint"},{"floor":26,"key":"Regal Pillow"},{"floor":40,"key":"Matryoshka"},{"floor":43,"key":"Sundial"},{"floor":43,"key":"Orichalcum"},{"floor":45,"key":"Ancient Tea Set"}],"event_choices":[{"damage_healed":0,"gold_gain":0,"player_choice":"Success","damage_taken":7,"relics_obtained":["Happy Flower"],"max_hp_gain":0,"max_hp_loss":0,"event_name":"Scrap Ooze","floor":4,"gold_loss":0},{"damage_healed":0,"gold_gain":175,"player_choice":"AGREE","damage_taken":0,"max_hp_gain":0,"max_hp_loss":0,"event_name":"Liars Game","floor":5,"gold_loss":0,"cards_obtained":["Doubt"]},{"damage_healed":0,"gold_gain":0,"player_choice":"Grow","damage_taken":0,"max_hp_gain":0,"max_hp_loss":0,"event_name":"Living Wall","floor":8,"gold_loss":0,"cards_upgraded":["Loop"]},{"damage_healed":0,"gold_gain":0,"player_choice":"Opened","damage_taken":0,"relics_obtained":["Pear"],"max_hp_gain":0,"max_hp_loss":0,"event_name":"The Mausoleum","floor":21,"gold_loss":0},{"damage_healed":0,"gold_gain":0,"player_choice":"Obtained Relic","damage_taken":0,"relics_obtained":["Potion Belt"],"max_hp_gain":0,"max_hp_loss":0,"event_name":"Addict","floor":28,"gold_loss":85},{"damage_healed":0,"gold_gain":0,"player_choice":"Read","damage_taken":0,"max_hp_gain":0,"max_hp_loss":0,"event_name":"The Library","floor":30,"gold_loss":0,"cards_obtained":["Defragment"]},{"cards_removed":["Doubt"],"damage_healed":0,"gold_gain":0,"player_choice":"Removed Curses","damage_taken":0,"max_hp_gain":0,"max_hp_loss":0,"event_name":"Fountain of Cleansing","floor":36,"gold_loss":0}],"is_beta":false,"boss_relics":[{"not_picked":["SacredBark","Busted Crown"],"picked":"FrozenCore"},{"not_picked":["Velvet Choker","Empty Cage"],"picked":"Inserter"}],"items_purged_floors":[],"is_endless":false,"potions_floor_spawned":[3,6,12,16,18,23,25,27,29,31,33,35,37,39,40,42,45,46,48],"ascension_level":0}}