{"host":"y1wiywv50kdwfms8","time":1609333162,"event":{"mods":["ATMod(阿瑾Mod)","Ascension Reborn","Aspiration","BaseMod","Challenge The Spire","Conspire","Hermit","Koishi","Luminous","Minty Spire (QoL Compilation)","Quick Restart","Replay The Spire","StSLib","TestMod","The Alterego","The Bug Knight","The Cursed","Yuri Mod","[地精首领爬塔]The Maniac","vexMod","【功能Mod】混沌之环修复补丁","【功能Mod】聪明的最终Boss"],"gold_per_floor":[114,129,144,159,33,63,78,78,78,108,138,153,153,183,183,283,283,298,301,301,316,316,346,361,376,376,376,406,436,477,514,514,624,1290,1313,1288,25,25,62,62,103,103,103,103,165,221,221,277,277,319],"floor_reached":51,"playtime":3028,"items_purged":["Luminous:Dark_Abyssal_Drop"],"score":1225,"play_id":"f0974339-90ea-4d5b-961d-02e29a3d7504","local_time":"20201230205922","daily_mods":["Cursed Run","ControlledChaos","DeadlyEvents"],"is_ascension_mode":false,"campfire_choices":[{"data":"Luminous:Mirror_Force_Luminous","floor":8.0,"key":"SMITH"},{"data":"Luminous:Light_Wash_Luminous","floor":15.0,"key":"SMITH"},{"floor":27,"key":"REST"},{"data":"Luminous:Erosion_Luminous","floor":32,"key":"SMITH"},{"data":"Madness","floor":40,"key":"SMITH"},{"data":"testmod-TaurusBlackCat","floor":42,"key":"SMITH"},{"data":"Luminous:Equalize_Luminous","floor":44,"key":"SMITH"},{"data":"Pot Of Greed","floor":49,"key":"SMITH"}],"circlet_count":0,"master_deck":["Luminous:Light_Flash_Shower","Luminous:Light_Flash_Shower","Luminous:Light_Flash_Shower","Luminous:Dark_Abyssal_Drop","Luminous:Dark_Abyssal_Drop","Luminous:Defend_Luminous","Luminous:Defend_Luminous","Luminous:Defend_Luminous","Luminous:Defend_Luminous","Luminous:Switch_Luminous","Luminous:Light_Sylvan_Lance","Luminous:Light_Wash_Luminous","Luminous:Light_Spectral_Light","Luminous:Light_Glare","Luminous:Fast_Spell_Luminous+1","Luminous:Dark_Pressure_Void","Luminous:Mirror_Force_Luminous+1","Luminous:Light_Wash_Luminous+1","Luminous:Blinding_Pillar_Luminous","ReplayTheSpireMod:Faulty Equipment","Luminous:Erosion_Luminous+1","Luminous:Lunar_Tide_Luminous+1","Luminous:Dark_Arcane_Pitch","Shame","Luminous:Dark_Extract","Luminous:Dark_Moonlight_Spear","Luminous:Magic_Accelerate_Luminous+1","TheCursedMod:Dregs","Luminous:Balance_Ender","Luminous:Light_Track","Luminous:Light_Gather+1","Luminous:Flash_Blink_Luminous","vexMod:UltimateCard","Luminous:Equalize_Luminous+1","Madness+1","testmod-TaurusBlackCat+1","Pot Of Greed+1","Pot Of Greed","Pot Of Greed+1","Pot Of Greed","AT_LightSaberMaster","Madness+1","Swift Strike","Luminous:Lights_Protection_Luminous+1","Overencumbered","Luminous:Sympathy_Luminous+1","Luminous:Light_Gather+1","Luminous:Lights_Protection_Luminous+1","Doubt"],"relics":["Cursed Key","Darkstone Periapt","Du-Vu Doll","Frozen Eye","AT_ATBox","testmod-TestBox","White Beast Statue","Pondfish Scales","aspiration:HummingbirdHeart","vexMod:BarristanHead","AT_ArcaneBoots","aspiration:RunicSpoon","Red Mask","AT_SilvercatRing","Blue Doll","The Courier","aspiration:FrozenJewel","Replay:Bandana","vexMod:RockOfEvil","AT_BladeRuinedKing","ReplayTheSpireMod:Ninjato","Onion Ring","testmod-Register","Mango","conspire:Flyswatter","Grinning Jar","HollowMod:StagPassRelic","Pear","HollowMod:PaleOreRelic","Vajra"],"acts_visited":["Exordium","TheCity","TheBeyond"],"potions_floor_usage":[16,16,21,22,23,25,25,25,28,31,33,33,33,45,45,46,46,50,50,50],"damage_taken":[{"damage":0.0,"enemies":"Cultist","floor":1.0,"turns":3.0},{"damage":0.0,"enemies":"Small Slimes","floor":2.0,"turns":3.0},{"damage":11.0,"enemies":"conspire:RoseBush","floor":3.0,"turns":2.0},{"damage":6.0,"enemies":"Blue Slaver","floor":4.0,"turns":3.0},{"damage":18.0,"enemies":"Replay:BlueRogue","floor":6.0,"turns":5.0},{"damage":16.0,"enemies":"Exordium Thugs","floor":7.0,"turns":4.0},{"damage":9.0,"enemies":"HollowMod:MossKnight","floor":10.0,"turns":11.0},{"damage":0.0,"enemies":"Gremlin Nob","floor":11.0,"turns":3.0},{"damage":0.0,"enemies":"3 Louse","floor":12.0,"turns":1.0},{"damage":4.0,"enemies":"3 Sentries","floor":14.0,"turns":3.0},{"damage":21,"enemies":"The Guardian","floor":16,"turns":10},{"damage":14,"enemies":"Shell Parasite","floor":18,"turns":5},{"damage":32,"enemies":"Masked Bandits","floor":19,"turns":5},{"damage":25,"enemies":"Spheric Guardian","floor":21,"turns":4},{"damage":0,"enemies":"conspire:HollyBat","floor":22,"turns":3},{"damage":4,"enemies":"Book of Stabbing","floor":23,"turns":5},{"damage":17,"enemies":"Sentry and Sphere","floor":24,"turns":5},{"damage":9,"enemies":"Snake Plant","floor":25,"turns":4},{"damage":17,"enemies":"conspire:SneckoGhost","floor":28,"turns":5},{"damage":0,"enemies":"Book of Stabbing","floor":29,"turns":5},{"damage":2,"enemies":"Cultist and Chosen","floor":30,"turns":5},{"damage":0,"enemies":"3 Cultists","floor":31,"turns":4},{"damage":13,"enemies":"Pondfish","floor":33,"turns":16},{"damage":13,"enemies":"Orb Walker","floor":35,"turns":5},{"damage":7,"enemies":"3 Shapes","floor":39,"turns":3},{"damage":0,"enemies":"Transient","floor":41,"turns":4},{"damage":0,"enemies":"Nemesis","floor":45,"turns":3},{"damage":10,"enemies":"R_Hoarder","floor":46,"turns":3},{"damage":0,"enemies":"HollowMod:StalkingDevout","floor":48,"turns":3},{"damage":0,"enemies":"Donu and Deca","floor":50,"turns":4}],"seed_played":"9091901603564859836","potions_obtained":[{"floor":4.0,"key":"Languid Potion"},{"floor":7.0,"key":"testmod-SpacePotion"},{"floor":10.0,"key":"LifebloodPotion"},{"floor":11.0,"key":"testmod-TestPotion"},{"floor":12.0,"key":"Strength Potion"},{"floor":14.0,"key":"BlessingOfTheForge"},{"floor":16,"key":"Milkshake"},{"floor":18,"key":"Regen Potion"},{"floor":19,"key":"testmod-EscapePotion"},{"floor":21,"key":"testmod-EscapePotion"},{"floor":22,"key":"testmod-TestPotion"},{"floor":23,"key":"Dexterity Potion"},{"floor":24,"key":"GamblersBrew"},{"floor":25,"key":"ColorlessPotion"},{"floor":28,"key":"Weak Potion"},{"floor":29,"key":"LifebloodPotion"},{"floor":30,"key":"Toxic Potion"},{"floor":31,"key":"Dexterity Potion"},{"floor":33,"key":"FearPotion"},{"floor":35,"key":"SteroidPotion"},{"floor":39,"key":"Strength Potion"},{"floor":41,"key":"Strength Potion"},{"floor":45,"key":"Fire Potion"},{"floor":46,"key":"testmod-TimePotion"},{"floor":48,"key":"Energy Potion"}],"is_trial":false,"path_per_floor":["M","M","M","M","$","E","M","R","T","E","E","M","?","E","R","B",null,"M","?","T","M","M","E","M","M","T","R","E","E","M","M","R","B",null,"M","?","$","?","M","R","M","R","T","R","E","E","?","E","R","B",null],"character_chosen":"LuminousClass","items_purchased":["Luminous:Fast_Spell_Luminous+1","ReplayTheSpireMod:Ninjato","Onion Ring","testmod-Register","Madness+1","testmod-TaurusBlackCat","Mango","conspire:Flyswatter","Grinning Jar"],"campfire_rested":1,"item_purchase_floors":[5,37,37,37,37,37,37,37,37],"current_hp_per_floor":[75,75,64,58,58,40,24,24,30,25,25,25,25,21,21,15,87,73,41,47,34,34,30,13,4,10,39,22,22,20,20,20,30,105,92,92,106,96,89,89,89,89,95,95,105,95,95,95,95,101],"gold":319,"neow_bonus":"","is_daily":true,"chose_seed":false,"campfire_upgraded":7,"win_rate":0.0,"timestamp":1609333162,"path_taken":["M","M","?","?","$","E","M","R","T","?","E","M","?","?","R","BOSS","M","?","?","M","M","E","M","M","T","R","E","?","M","M","R","BOSS","M","?","$","?","M","R","?","R","T","R","?","E","?","E","R","BOSS"],"items_purchased_type":["Card","Relic","Relic","Relic","Card","Card","Relic","Relic","Relic"],"build_version":"2020-12-22","purchased_purges":1,"victory":true,"max_hp_per_floor":[75,75,75,75,75,75,75,75,81,81,81,81,81,81,81,87,87,87,87,93,93,93,93,93,93,99,99,99,99,99,99,99,105,105,105,105,119,119,119,119,119,119,125,125,135,135,135,135,135,141],"card_choices":[{"not_picked":["Luminous:Blinding_Pillar_Luminous","Luminous:Concentrate_Luminous"],"picked":"Luminous:Light_Sylvan_Lance","floor":1.0},{"not_picked":["Luminous:Light_Glare","Luminous:Dark_Extract"],"picked":"Luminous:Light_Wash_Luminous","floor":2.0},{"not_picked":["Luminous:Concentrate_Luminous","Luminous:Sympathy_Luminous"],"picked":"Luminous:Light_Spectral_Light","floor":3.0},{"not_picked":["Luminous:Light_Sylvan_Lance","Luminous:Dark_Raid"],"picked":"Luminous:Light_Glare","floor":4.0},{"not_picked":["Luminous:Accumulation_Luminous","Luminous:Reverse_Spell_Luminous"],"picked":"Luminous:Dark_Pressure_Void","floor":6.0},{"not_picked":["Luminous:Accumulation_Luminous","Luminous:Magic_Accelerate_Luminous"],"picked":"Luminous:Mirror_Force_Luminous","floor":7.0},{"not_picked":["Luminous:Light_Glare","Luminous:Blinding_Pillar_Luminous"],"picked":"Luminous:Light_Wash_Luminous","floor":10.0},{"not_picked":["Luminous:Armageddon_Luminous","Luminous:Balance_Baptism","Luminous:Accumulation_Luminous"],"picked":"SKIP","floor":11.0},{"not_picked":["Luminous:Dark_Pressure_Void","Luminous:Light_Spectral_Light","Luminous:Accumulation_Luminous"],"picked":"SKIP","floor":12.0},{"not_picked":["Luminous:Light_Spectral_Light","Luminous:Light_Wash_Luminous"],"picked":"Luminous:Blinding_Pillar_Luminous","floor":14.0},{"not_picked":["Luminous:Lania_Blessing_Luminous","Luminous:Dark_Crescendo_Luminous"],"picked":"Luminous:Erosion_Luminous","floor":16},{"not_picked":["Luminous:Dark_Pressure_Void","Luminous:Accumulation_Luminous"],"picked":"Luminous:Lunar_Tide_Luminous+1","floor":18},{"not_picked":["Luminous:Light_Reflection","Luminous:Light_Wash_Luminous"],"picked":"Luminous:Dark_Arcane_Pitch","floor":19},{"not_picked":["Luminous:Tune_Luminous","Luminous:Dark_Dim_Erosion"],"picked":"Luminous:Dark_Extract","floor":21},{"not_picked":["Luminous:Light_Sylvan_Lance","Luminous:Dark_Dim_Erosion","Luminous:Darks_Surge_Luminous"],"picked":"SKIP","floor":22},{"not_picked":["Luminous:Light_Wash_Luminous","Luminous:Lunar_Tide_Luminous"],"picked":"Luminous:Dark_Moonlight_Spear","floor":23},{"not_picked":["Luminous:Light_Ray_of_Redemption","Luminous:Dark_Dim_Erosion"],"picked":"Luminous:Magic_Accelerate_Luminous+1","floor":24},{"not_picked":["Luminous:Dark_Extract","Luminous:Light_Glare"],"picked":"Luminous:Phantom_Treasure_Luminous","floor":25},{"not_picked":["Luminous:Phantom_Treasure_Luminous","Luminous:Concentrate_Luminous"],"picked":"Luminous:Balance_Ender","floor":28},{"not_picked":["Luminous:Dark_Raid","Luminous:Accumulation_Luminous"],"picked":"Luminous:Light_Track","floor":29},{"not_picked":["Luminous:Dark_Pressure_Void","Luminous:Light_Track"],"picked":"Luminous:Light_Gather+1","floor":30},{"not_picked":["Luminous:Concentrate_Luminous","Luminous:Magic_Guard_Luminous+1"],"picked":"Luminous:Flash_Blink_Luminous","floor":31},{"not_picked":["Luminous:Balance_Baptism","Luminous:Mirror_Force_Luminous"],"picked":"Luminous:Equalize_Luminous","floor":33},{"not_picked":["Luminous:Light_Disperse","Luminous:Light_Wash_Luminous","Luminous:Light_Glare"],"picked":"SKIP","floor":35},{"not_picked":["Swift Strike","testmod-Superconductor"],"picked":"AT_LightSaberMaster","floor":38},{"not_picked":["testmod-WeaknessCounterattack","Blind"],"picked":"Madness","floor":38},{"not_picked":["testmod-LimitFlipper","ReplayTheSpireMod:Trickstab"],"picked":"Swift Strike","floor":38},{"not_picked":["Luminous:Blinding_Pillar_Luminous+1","Luminous:Dark_Moonlight_Spear+1"],"picked":"Luminous:Lights_Protection_Luminous+1","floor":39},{"not_picked":["Luminous:Light_Track","Luminous:Concentrate_Luminous+1","Luminous:Darkness_Mastery_Luminous"],"picked":"SKIP","floor":41},{"not_picked":["Luminous:Fast_Spell_Luminous","Luminous:Blinding_Pillar_Luminous"],"picked":"Luminous:Sympathy_Luminous+1","floor":45},{"not_picked":["Luminous:Accumulation_Luminous","Luminous:Light_Wash_Luminous+1"],"picked":"Luminous:Light_Gather+1","floor":46},{"not_picked":["Luminous:Light_Disperse","Luminous:Dark_Moonlight_Spear+1"],"picked":"Luminous:Lights_Protection_Luminous+1","floor":48}],"player_experience":279106,"relics_obtained":[{"floor":6.0,"key":"White Beast Statue"},{"floor":9.0,"key":"Pondfish Scales"},{"floor":10.0,"key":"aspiration:HummingbirdHeart"},{"floor":11.0,"key":"vexMod:BarristanHead"},{"floor":14.0,"key":"AT_SpeedBoots"},{"floor":19,"key":"Red Mask"},{"floor":20,"key":"AT_SilvercatRing"},{"floor":23,"key":"Blue Doll"},{"floor":26,"key":"The Courier"},{"floor":28,"key":"aspiration:FrozenJewel"},{"floor":29,"key":"Replay:Bandana"},{"floor":43,"key":"HollowMod:StagPassRelic"},{"floor":45,"key":"Pear"},{"floor":46,"key":"HollowMod:PaleOreRelic"},{"floor":48,"key":"Vajra"}],"event_choices":[{"cards_removed":["maniac:Torture"],"damage_healed":0.0,"max_hp_gain":0.0,"max_hp_loss":0.0,"gold_gain":0.0,"event_name":"Wheel of Change","player_choice":"Card Removal","floor":13.0,"gold_loss":0.0,"damage_taken":0.0},{"damage_healed":0,"gold_gain":0,"player_choice":"Fought Bandits","damage_taken":0,"max_hp_gain":0,"max_hp_loss":0,"event_name":"Masked Bandits","floor":19,"gold_loss":0},{"damage_healed":0,"gold_gain":0,"player_choice":"Memory 3","damage_taken":10,"max_hp_gain":0,"max_hp_loss":0,"event_name":"SensoryStone","floor":38,"gold_loss":0},{"cards_removed":["Luminous:Phantom_Treasure_Luminous"],"damage_healed":0,"gold_gain":0,"player_choice":"Removed Skill","damage_taken":0,"max_hp_gain":0,"max_hp_loss":0,"event_name":"Falling","floor":47,"gold_loss":0}],"is_beta":false,"boss_relics":[{"not_picked":["ChewingGum","testmod-Prudence"],"picked":"aspiration:RunicSpoon"},{"not_picked":["conspire:RoyalGoblet","Replay:Drink Me"],"picked":"vexMod:RockOfEvil"}],"items_purged_floors":[5],"is_endless":false,"potions_floor_spawned":[4,7,10,11,12,14,16,18,19,21,22,23,24,25,28,29,30,31,33,35,39,41,45,46,48],"ascension_level":0}}