{"host":"eav5i5w47nlnv2l1","time":1609371970,"event":{"mods":["BaseMod","Minty Spire (QoL Compilation)"],"gold_per_floor":[110,128,53,72,88,88,123,134,157,157,185,203,217,167,167,266,266,280,180,279,294,206,206,219,231,256,272,286,286,286],"floor_reached":29,"playtime":1672,"items_purged":["Strike_P","Swivel+1"],"score":266,"play_id":"65b97921-a877-4382-b673-57cba0970f3e","local_time":"20201230184610","is_ascension_mode":false,"campfire_choices":[{"data":"Wallop","floor":6,"key":"SMITH"},{"data":"Eruption","floor":15,"key":"SMITH"},{"data":"Vault","floor":23,"key":"SMITH"}],"circlet_count":0,"master_deck":["Defend_P","Defend_P","Defend_P","Eruption+1","Vigilance","SashWhip","ClearTheMind","CrushJoints","Wallop+1","ForeignInfluence","EmptyBody","SpiritShield","Consecrate","Vault+1","CrushJoints+1","Blasphemy+1","Good Instincts","Sanctity","SpiritShield"],"relics":["PureWater","Eternal Feather","Juzu Bracelet","Akabeko","Astrolabe","Potion Belt"],"acts_visited":["Exordium","TheCity"],"potions_floor_usage":[7,11,16,18,21,27,27,29],"damage_taken":[{"damage":0,"enemies":"Cultist","floor":1,"turns":3},{"damage":0,"enemies":"2 Louse","floor":2,"turns":2},{"damage":0,"enemies":"Small Slimes","floor":4,"turns":4},{"damage":3,"enemies":"Red Slaver","floor":5,"turns":3},{"damage":37,"enemies":"Lagavulin","floor":7,"turns":8},{"damage":6,"enemies":"3 Louse","floor":8,"turns":4},{"damage":0,"enemies":"Gremlin Nob","floor":11,"turns":3},{"damage":0,"enemies":"Gremlin Gang","floor":12,"turns":6},{"damage":0,"enemies":"Blue Slaver","floor":13,"turns":4},{"damage":19,"enemies":"Hexaghost","floor":16,"turns":11},{"damage":2,"enemies":"Shell Parasite","floor":18,"turns":7},{"damage":43,"enemies":"3 Byrds","floor":21,"turns":6},{"damage":18,"enemies":"Centurion and Healer","floor":24,"turns":6},{"damage":4,"enemies":"Shelled Parasite and Fungi","floor":25,"turns":4},{"damage":0,"enemies":"Chosen and Byrds","floor":27,"turns":2},{"damage":0,"enemies":"Snake Plant","floor":28,"turns":5},{"damage":21,"enemies":"Book of Stabbing","floor":29,"turns":5}],"seed_played":"7592058205868729461","potions_obtained":[{"floor":1,"key":"Explosive Potion"},{"floor":5,"key":"Ancient Potion"},{"floor":8,"key":"AttackPotion"},{"floor":11,"key":"LiquidMemories"},{"floor":16,"key":"SkillPotion"},{"floor":18,"key":"SpeedPotion"},{"floor":21,"key":"DistilledChaos"},{"floor":24,"key":"CultistPotion"}],"is_trial":false,"path_per_floor":["M","M","$","M","M","R","E","M","T","?","E","M","M","?","R","B",null,"M","$","?","M","$","R","M","M","T","M","M","E"],"character_chosen":"WATCHER","items_purchased":["Good Instincts"],"campfire_rested":0,"item_purchase_floors":[22],"current_hp_per_floor":[79,79,79,79,76,76,39,33,33,33,33,33,33,33,42,23,79,77,77,77,34,34,43,25,21,21,21,21,0,0],"gold":286,"neow_bonus":"TEN_PERCENT_HP_BONUS","is_daily":false,"chose_seed":false,"campfire_upgraded":3,"win_rate":0.0,"timestamp":1609371970,"path_taken":["M","M","$","M","M","R","E","?","T","?","E","M","M","?","R","BOSS","M","$","?","M","$","R","M","M","T","M","M","E"],"items_purchased_type":["Card"],"build_version":"2020-12-22","purchased_purges":2,"victory":false,"max_hp_per_floor":[79,79,79,79,79,79,79,79,79,79,79,79,79,79,79,79,79,79,79,79,79,79,79,79,79,79,79,79,79,79],"card_choices":[{"not_picked":["CarveReality","JustLucky"],"picked":"SashWhip","floor":1},{"not_picked":["SignatureMove","Conclude"],"picked":"ClearTheMind","floor":2},{"not_picked":["LikeWater","Protect"],"picked":"CrushJoints","floor":4},{"not_picked":["FlyingSleeves","WheelKick"],"picked":"Wallop","floor":5},{"not_picked":["ClearTheMind","Protect"],"picked":"ForeignInfluence","floor":7},{"not_picked":["BowlingBash","Halt"],"picked":"EmptyBody","floor":8},{"not_picked":["Fasting2","Omniscience"],"picked":"SpiritShield","floor":11},{"not_picked":["JustLucky","Collect","FlurryOfBlows"],"picked":"SKIP","floor":12},{"not_picked":["PathToVictory","JustLucky"],"picked":"Consecrate","floor":13},{"not_picked":["Brilliance","Wish"],"picked":"Vault","floor":16},{"not_picked":["BowlingBash","FlurryOfBlows+1","Wireheading"],"picked":"SKIP","floor":18},{"not_picked":["CutThroughFate+1","Evaluate","FlyingSleeves"],"picked":"SKIP","floor":21},{"not_picked":["ReachHeaven+1","CarveReality","Worship+1"],"picked":"SKIP","floor":24},{"not_picked":["SashWhip","WreathOfFlame+1"],"picked":"Sanctity","floor":25},{"not_picked":["BowlingBash","ThirdEye","CrushJoints"],"picked":"SKIP","floor":27},{"not_picked":["Protect","Fasting2+1"],"picked":"SpiritShield","floor":28}],"player_experience":1418643,"relics_obtained":[{"floor":7,"key":"Eternal Feather"},{"floor":9,"key":"Juzu Bracelet"},{"floor":11,"key":"Akabeko"},{"floor":26,"key":"Potion Belt"}],"event_choices":[{"damage_healed":0,"gold_gain":0,"player_choice":"Ignored","damage_taken":0,"max_hp_gain":0,"max_hp_loss":0,"event_name":"Liars Game","floor":10,"gold_loss":0},{"cards_removed":["Strike_P"],"damage_healed":0,"gold_gain":0,"player_choice":"Card Removal","damage_taken":0,"max_hp_gain":0,"max_hp_loss":0,"event_name":"The Cleric","floor":14,"gold_loss":50},{"damage_healed":0,"gold_gain":99,"player_choice":"Stole From Cult","damage_taken":0,"max_hp_gain":0,"max_hp_loss":0,"event_name":"Nest","floor":20,"gold_loss":0}],"is_beta":false,"boss_relics":[{"not_picked":["SacredBark","Calling Bell"],"picked":"Astrolabe"}],"items_purged_floors":[3,19],"is_endless":false,"potions_floor_spawned":[1,5,8,11,16,18,21,24,25],"killed_by":"Book of Stabbing","ascension_level":0}}