{"host":"2no1vwhhkhf0ohz3","time":1609313951,"event":{"mods":["AchievementEnabler","BaseMod","Colored Map","DeckTracker","Keyboard Shortcuts","Minty Spire (QoL Compilation)","Relic Stats","SuperFastMode"],"gold_per_floor":[119,131,81,81,95,95,109,138,138,158,158,8,39,54,54,154,154,170,182,182,182,193,193,221,256,279,279,279,279,279,378,378,473,473,493,493,493],"floor_reached":36,"playtime":1285,"items_purged":[],"score":484,"play_id":"b0d57886-3d38-47ac-b8d1-6f572bd43010","local_time":"20201230163911","is_ascension_mode":true,"campfire_choices":[{"data":"Electrodynamics","floor":6,"key":"SMITH"},{"floor":15,"key":"REST"},{"data":"Double Energy","floor":23,"key":"SMITH"},{"data":"Coolheaded","floor":27,"key":"SMITH"},{"data":"Chaos","floor":32,"key":"SMITH"}],"circlet_count":0,"master_deck":["Strike_B","Strike_B","Defend_B+1","Defend_B+1","Zap","Dualcast","Gash","Ball Lightning","Chill","Hyperbeam","Hologram","Electrodynamics+1","Beam Cell","Glacier","Conserve Battery","Coolheaded","Capacitor+1","Compile Driver","Buffer+1","CurseOfTheBell","Coolheaded+1","Static Discharge+1","Storm+1","Double Energy+1","Skim","Turbo+1","Loop+1","Chaos+1","Aggregate","Amplify","Fusion+1"],"relics":["FrozenCore","Prayer Wheel","Vajra","Frozen Egg 2","Thread and Needle","Membership Card","War Paint","Calling Bell","Juzu Bracelet","Meat on the Bone","Girya","Nilry\u0027s Codex","Kunai","Red Mask","Potion Belt"],"acts_visited":["Exordium","TheCity","TheBeyond"],"potions_floor_usage":[16,24,24,24,25],"damage_taken":[{"damage":2,"enemies":"2 Louse","floor":1,"turns":2},{"damage":0,"enemies":"Small Slimes","floor":2,"turns":3},{"damage":0,"enemies":"Cultist","floor":5,"turns":3},{"damage":11,"enemies":"Blue Slaver","floor":7,"turns":3},{"damage":17,"enemies":"Gremlin Nob","floor":8,"turns":4},{"damage":6,"enemies":"Looter","floor":10,"turns":3},{"damage":4,"enemies":"3 Sentries","floor":13,"turns":3},{"damage":10,"enemies":"Exordium Wildlife","floor":14,"turns":2},{"damage":0,"enemies":"Hexaghost","floor":16,"turns":11},{"damage":11,"enemies":"2 Thieves","floor":18,"turns":4},{"damage":0,"enemies":"3 Byrds","floor":19,"turns":2},{"damage":21,"enemies":"Snecko","floor":22,"turns":4},{"damage":16,"enemies":"Gremlin Leader","floor":24,"turns":7},{"damage":1,"enemies":"Masked Bandits","floor":25,"turns":2},{"damage":14,"enemies":"Collector","floor":33,"turns":10},{"damage":0,"enemies":"Orb Walker","floor":35,"turns":5},{"damage":84,"enemies":"2 Orb Walkers","floor":36,"turns":5}],"seed_played":"3144651556113038453","potions_obtained":[{"floor":2,"key":"LiquidMemories"},{"floor":7,"key":"EntropicBrew"},{"floor":13,"key":"BlessingOfTheForge"},{"floor":16,"key":"Dexterity Potion"},{"floor":25,"key":"SpeedPotion"}],"is_trial":false,"path_per_floor":["M","M","?","?","M","R","M","E","T","M","?","$","E","M","R","B",null,"M","M","?","?","M","R","E","?","T","R","?","?","?","?","R","B",null,"M","?"],"character_chosen":"DEFECT","items_purchased":["Membership Card"],"campfire_rested":1,"item_purchase_floors":[12],"current_hp_per_floor":[66,66,66,66,66,66,55,38,38,32,29,29,25,15,35,35,68,57,57,41,41,32,32,28,39,39,39,27,27,73,73,73,59,73,73,0,0],"gold":493,"neow_bonus":"ONE_RARE_RELIC","is_daily":false,"chose_seed":false,"campfire_upgraded":4,"win_rate":0.0,"timestamp":1609313951,"path_taken":["M","M","?","?","?","R","M","E","T","M","?","$","E","M","R","BOSS","M","M","?","?","M","R","E","?","T","R","?","?","?","?","R","BOSS","M","?"],"items_purchased_type":["Relic"],"build_version":"2020-12-22","purchased_purges":0,"victory":false,"max_hp_per_floor":[68,68,68,68,68,68,68,68,68,68,68,68,68,68,68,68,68,68,68,68,68,68,68,68,68,68,68,73,73,73,73,73,73,73,73,73,73],"relic_stats":{"counters":[17,73],"Prayer Wheel":10,"Juzu Bracelet":2,"Kunai":[0],"War Paint":["Defend_B","Defend_B"],"obtain_stats":[{"Potion Belt":26,"Girya":17,"Nilry\u0027s Codex":20,"Vajra":8,"Thread and Needle":11,"Juzu Bracelet":17,"Frozen Egg 2":9,"War Paint":13,"FrozenCore":34,"Calling Bell":17,"Prayer Wheel":0,"Red Mask":25,"Membership Card":12,"Kunai":24,"Cracked Core":0,"Meat on the Bone":17},{"Potion Belt":14,"Girya":9,"Nilry\u0027s Codex":11,"Vajra":5,"Thread and Needle":6,"Juzu Bracelet":9,"Frozen Egg 2":5,"War Paint":7,"FrozenCore":15,"Calling Bell":9,"Prayer Wheel":0,"Red Mask":14,"Membership Card":6,"Kunai":13,"Cracked Core":0,"Meat on the Bone":9},{"Potion Belt":53,"Girya":34,"Nilry\u0027s Codex":40,"Vajra":15,"Thread and Needle":18,"Juzu Bracelet":34,"Frozen Egg 2":15,"War Paint":21,"FrozenCore":63,"Calling Bell":34,"Prayer Wheel":0,"Red Mask":53,"Membership Card":18,"Kunai":51,"Cracked Core":0,"Meat on the Bone":34}],"FrozenCore":[3],"Meat on the Bone":36},"card_choices":[{"not_picked":["Leap","Compile Driver"],"picked":"Gash","floor":1},{"not_picked":["Turbo","Beam Cell"],"picked":"Ball Lightning","floor":1},{"not_picked":["Stack","Darkness"],"picked":"Chill","floor":2},{"not_picked":["Ball Lightning","Gash","Chaos"],"picked":"SKIP","floor":2},{"not_picked":["Redo","Go for the Eyes"],"picked":"Hologram","floor":5},{"not_picked":["Hello World","Double Energy"],"picked":"Electrodynamics","floor":5},{"not_picked":["Scrape","Conserve Battery"],"picked":"Beam Cell","floor":7},{"not_picked":["Stack","Rebound"],"picked":"Glacier","floor":7},{"not_picked":["Recycle","Leap"],"picked":"Conserve Battery","floor":8},{"not_picked":["Stack","Compile Driver"],"picked":"Coolheaded","floor":10},{"not_picked":["Consume","Lockon"],"picked":"Capacitor+1","floor":10},{"not_picked":["Reprogram","Multi-Cast","Scrape"],"picked":"SKIP","floor":13},{"not_picked":["Barrage","Blizzard"],"picked":"Compile Driver","floor":14},{"not_picked":["Ball Lightning","Melter","Beam Cell"],"picked":"SKIP","floor":14},{"not_picked":["Rainbow","Meteor Strike"],"picked":"Buffer+1","floor":16},{"not_picked":["Ball Lightning","Barrage+1"],"picked":"Coolheaded","floor":18},{"not_picked":["Redo","Darkness+1"],"picked":"Static Discharge+1","floor":18},{"not_picked":["Streamline+1","Steam+1"],"picked":"Storm+1","floor":19},{"not_picked":["Coolheaded","Chill"],"picked":"Double Energy","floor":19},{"not_picked":["Beam Cell","Redo"],"picked":"Turbo+1","floor":22},{"not_picked":["Conserve Battery","Beam Cell","Cold Snap"],"picked":"SKIP","floor":22},{"not_picked":["Skim+1","Genetic Algorithm"],"picked":"Loop+1","floor":24},{"not_picked":["Meteor Strike","Hyperbeam"],"picked":"Amplify","floor":33},{"not_picked":["Tempest","Turbo+1"],"picked":"Fusion+1","floor":35},{"not_picked":["Gash","Redo","Stack+1"],"picked":"SKIP","floor":35}],"player_experience":268584,"relics_obtained":[{"floor":8,"key":"Vajra"},{"floor":9,"key":"Frozen Egg 2"},{"floor":13,"key":"War Paint"},{"floor":17,"key":"Juzu Bracelet"},{"floor":17,"key":"Meat on the Bone"},{"floor":17,"key":"Girya"},{"floor":20,"key":"Nilry\u0027s Codex"},{"floor":24,"key":"Kunai"},{"floor":25,"key":"Red Mask"},{"floor":26,"key":"Potion Belt"}],"event_choices":[{"cards_removed":["Strike_B"],"damage_healed":0,"gold_gain":0,"player_choice":"Card Removal","damage_taken":0,"max_hp_gain":0,"max_hp_loss":0,"event_name":"The Cleric","floor":3,"gold_loss":50},{"damage_healed":0,"gold_gain":0,"cards_transformed":["Defend_B"],"player_choice":"Transformed","damage_taken":0,"max_hp_gain":0,"max_hp_loss":0,"event_name":"Transmorgrifier","floor":4,"gold_loss":0,"cards_obtained":["Hyperbeam"]},{"damage_healed":0,"gold_gain":0,"player_choice":"Success","damage_taken":3,"relics_obtained":["Thread and Needle"],"max_hp_gain":0,"max_hp_loss":0,"event_name":"Scrap Ooze","floor":11,"gold_loss":0},{"damage_healed":0,"gold_gain":0,"player_choice":"Obtained Book","damage_taken":16,"max_hp_gain":0,"max_hp_loss":0,"event_name":"Cursed Tome","floor":20,"gold_loss":0},{"damage_healed":0,"gold_gain":0,"player_choice":"1 cards matched","damage_taken":0,"max_hp_gain":0,"max_hp_loss":0,"event_name":"Match and Keep!","floor":21,"gold_loss":0,"cards_obtained":["Skim"]},{"damage_healed":0,"gold_gain":0,"player_choice":"Fought Bandits","damage_taken":0,"max_hp_gain":0,"max_hp_loss":0,"event_name":"Masked Bandits","floor":25,"gold_loss":0},{"damage_healed":0,"gold_gain":0,"player_choice":"Shed Blood","damage_taken":17,"max_hp_gain":5,"max_hp_loss":0,"event_name":"Forgotten Altar","floor":28,"gold_loss":0},{"damage_healed":0,"gold_gain":0,"cards_transformed":["Strike_B","Defend_B"],"player_choice":"Became Test Subject","damage_taken":0,"max_hp_gain":0,"max_hp_loss":0,"event_name":"Drug Dealer","floor":29,"gold_loss":0,"cards_obtained":["Chaos","Aggregate"]},{"damage_healed":46,"gold_gain":0,"player_choice":"Full Heal","damage_taken":0,"max_hp_gain":0,"max_hp_loss":0,"event_name":"Wheel of Change","floor":30,"gold_loss":0},{"damage_healed":0,"gold_gain":99,"player_choice":"Stole From Cult","damage_taken":0,"max_hp_gain":0,"max_hp_loss":0,"event_name":"Nest","floor":31,"gold_loss":0},{"damage_healed":0,"gold_gain":0,"player_choice":"Fight","damage_taken":0,"max_hp_gain":0,"max_hp_loss":0,"event_name":"Mysterious Sphere","floor":36,"gold_loss":0}],"is_beta":false,"boss_relics":[{"not_picked":["Snecko Eye","Coffee Dripper"],"picked":"Calling Bell"},{"not_picked":["Black Star","SlaversCollar"],"picked":"FrozenCore"}],"items_purged_floors":[],"is_endless":false,"potions_floor_spawned":[2,7,13,16,24,25],"killed_by":"2 Orb Walkers","ascension_level":2}}