{"host":"agflykcedf93aoo8","time":1609351943,"event":{"mods":["BaseMod","Hermit","Minty Spire (QoL Compilation)","StSLib","Td1madao Mod","The Bug Knight","The Cursed","The Gatherer","The Hierophant","The Runesmith"],"gold_per_floor":[109,120,120,120,136,136,153,188,212,182,212,212,21,36,36,141,141,157,427,96,24,31,31,36,36],"floor_reached":24,"playtime":1951,"items_purged":["hermit:ShadowCloak"],"score":214,"play_id":"b3c76919-f5ba-4fe1-ba11-18de9958755e","local_time":"20201231031223","is_ascension_mode":true,"campfire_choices":[{"floor":12.0,"key":"REST"},{"floor":15.0,"key":"REST"},{"data":"hermit:Maintenance","floor":23.0,"key":"SMITH"}],"circlet_count":0,"master_deck":["hermit:Strike_Hermit+1","hermit:Strike_Hermit","hermit:Strike_Hermit","hermit:Strike_Hermit","hermit:Defend_Hermit","hermit:Defend_Hermit","hermit:Defend_Hermit+1","hermit:Defend_Hermit","hermit:Covet","hermit:LuckOfTheDraw","hermit:Scavenge","hermit:Deadeye","Violence","hermit:OverwhelmingPower","hermit:Gambit","hermit:Deadeye","hermit:Maintenance+1"],"relics":["hermit:Momento","NeowsBlessing","MealTicket","Orichalcum","PreservedInsect","Centennial Puzzle","Philosopher\u0027s Stone","Molten Egg 2"],"acts_visited":["Exordium","TheCity"],"potions_floor_usage":[],"damage_taken":[{"damage":0.0,"enemies":"Small Slimes","floor":1.0,"turns":1.0},{"damage":0.0,"enemies":"Cultist","floor":2.0,"turns":1.0},{"damage":0.0,"enemies":"Jaw Worm","floor":5.0,"turns":1.0},{"damage":7.0,"enemies":"Looter","floor":7.0,"turns":4.0},{"damage":29.0,"enemies":"Gremlin Nob","floor":8.0,"turns":5.0},{"damage":2.0,"enemies":"3 Sentries","floor":11.0,"turns":10.0},{"damage":12.0,"enemies":"Blue Slaver","floor":14.0,"turns":4.0},{"damage":46.0,"enemies":"Slime Boss","floor":16.0,"turns":11.0},{"damage":21.0,"enemies":"Shell Parasite","floor":18.0,"turns":6.0},{"damage":17.0,"enemies":"2 Thieves","floor":22.0,"turns":5.0},{"damage":40,"enemies":"Gremlin Leader","floor":24,"turns":4}],"seed_played":"1970718418856373797","potions_obtained":[{"floor":1.0,"key":"SteroidPotion"},{"floor":2.0,"key":"PowerPotion"},{"floor":10.0,"key":"hermit:Eclipse"},{"floor":10.0,"key":"SteroidPotion"},{"floor":14.0,"key":"Explosive Potion"},{"floor":16.0,"key":"hermit:Tonic"}],"is_trial":false,"path_per_floor":["M","M","?","?","M","?","M","E","T","?","E","R","$","M","R","B",null,"M","?","$","$","M","R","E"],"character_chosen":"HERMIT","items_purchased":["Violence","Molten Egg 2","hermit:Maintenance"],"campfire_rested":2,"item_purchase_floors":[13,20,21],"current_hp_per_floor":[75,75,60,60,60,48,41,12,12,12,10,32,47,35,57,11,75,54,27,42,57,40,40,0,0],"gold":36,"neow_bonus":"THREE_ENEMY_KILL","is_daily":false,"chose_seed":false,"campfire_upgraded":1,"win_rate":0.0,"timestamp":1609351943,"path_taken":["M","M","?","?","?","?","M","E","T","?","E","R","$","?","R","BOSS","M","?","?","$","M","R","E"],"items_purchased_type":["Card","Relic","Card"],"build_version":"2020-12-22","purchased_purges":1,"victory":false,"max_hp_per_floor":[75,75,75,75,75,75,75,75,75,75,75,75,75,75,75,75,75,75,75,75,75,75,75,75,75],"card_choices":[{"not_picked":["hermit:NoHoldsBarred","hermit:Determination"],"picked":"hermit:LuckOfTheDraw","floor":1.0},{"not_picked":["hermit:Misfire","hermit:Desperado"],"picked":"hermit:Scavenge","floor":2.0},{"not_picked":["hermit:Headshot","hermit:TrackingShot"],"picked":"hermit:ShadowCloak","floor":5.0},{"not_picked":["hermit:TrackingShot","hermit:Coalescence"],"picked":"hermit:Deadeye","floor":7.0},{"not_picked":["hermit:Snipe","hermit:Roulette","hermit:BodyArmor"],"picked":"SKIP","floor":8.0},{"not_picked":["hermit:Roulette","hermit:Dive","hermit:Glare"],"picked":"SKIP","floor":11.0},{"not_picked":["hermit:Misfire","hermit:Desperado"],"picked":"hermit:OverwhelmingPower","floor":14.0},{"not_picked":["hermit:FinalCanter","hermit:BlackWind"],"picked":"hermit:Gambit","floor":16.0},{"not_picked":["hermit:TrackingShot","hermit:PistolWhip"],"picked":"hermit:Deadeye","floor":18.0},{"not_picked":["hermit:Determination","hermit:Manifest","hermit:Headshot+1"],"picked":"SKIP","floor":22.0}],"player_experience":335201,"relics_obtained":[{"floor":8.0,"key":"Orichalcum"},{"floor":9.0,"key":"PreservedInsect"},{"floor":11.0,"key":"Centennial Puzzle"}],"event_choices":[{"damage_healed":0.0,"max_hp_gain":0.0,"max_hp_loss":0.0,"gold_gain":0.0,"event_name":"Shining Light","player_choice":"Entered Light","floor":3.0,"gold_loss":0.0,"damage_taken":15.0,"cards_upgraded":["hermit:Strike_Hermit","hermit:Defend_Hermit"]},{"cards_removed":["hermit:Snapshot"],"damage_healed":0.0,"max_hp_gain":0.0,"max_hp_loss":0.0,"gold_gain":0.0,"event_name":"Bonfire Elementals","player_choice":"Offered Basic","floor":4.0,"gold_loss":0.0,"damage_taken":0.0},{"damage_healed":0.0,"max_hp_gain":0.0,"max_hp_loss":0.0,"gold_gain":0.0,"event_name":"Scrap Ooze","player_choice":"Success","floor":6.0,"gold_loss":0.0,"damage_taken":12.0,"relics_obtained":["MealTicket"]},{"damage_healed":0.0,"max_hp_gain":0.0,"max_hp_loss":0.0,"gold_gain":0.0,"event_name":"The Woman in Blue","player_choice":"Bought 2 Potions","floor":10.0,"gold_loss":0.0,"damage_taken":0.0},{"damage_healed":0.0,"max_hp_gain":0.0,"max_hp_loss":0.0,"gold_gain":270.0,"event_name":"Knowing Skull","player_choice":"GOLD GOLD GOLD ","floor":19.0,"potions_obtained":[],"gold_loss":0.0,"damage_taken":27.0,"cards_obtained":[]}],"is_beta":false,"boss_relics":[{"not_picked":["Astrolabe","SacredBark"],"picked":"Philosopher\u0027s Stone"}],"items_purged_floors":[20],"is_endless":false,"potions_floor_spawned":[1,2,14,16],"killed_by":"Gremlin Leader","ascension_level":1}}