{"host":"93n4kdg5le7r8dks","time":1609354595,"event":{"mods":["AlwaysNeverKeys","BaseMod","Better Note","Better Sensory Stone","Better Skull","Better Third Choice","Block Reminder","Colored Map","Colored Powertips","DeckTracker","Infinite Spire","Minty Spire (QoL Compilation)","Quick Restart","StSLib"],"gold_per_floor":[119,0,0,0,0,34,48,68,68,100,100,110,140,90,90,186,186,205,217,34,53,53,79,79,79,79,89,89,100,100,134,134,231,231,242,242,167,183,183,213,213,241,241,260,272,288,288,288,288,288,288,288,288],"floor_reached":52,"playtime":2191,"items_purged":["Strike_R"],"score":793,"play_id":"1a264765-cca7-4238-a7ce-64d8998f90f2","local_time":"20201230125635","is_ascension_mode":false,"campfire_choices":[{"data":"infinitespire:Menacing","floor":11,"key":"SMITH"},{"data":"Armaments","floor":15,"key":"SMITH"},{"data":"Seeing Red","floor":25,"key":"SMITH"},{"data":"Demon Form","floor":28,"key":"SMITH"},{"data":"Battle Trance","floor":30,"key":"SMITH"},{"data":"Metallicize","floor":32,"key":"SMITH"},{"data":"Infernal Blade","floor":41,"key":"SMITH"},{"floor":49,"key":"REST"},{"floor":52,"key":"REST"}],"circlet_count":0,"master_deck":["Defend_R+1","Defend_R+1","Defend_R+1","Defend_R+1","Bash+1","Armaments+1","Enlightenment+1","infinitespire:Menacing+1","Double Tap+1","Battle Trance+1","Cleave+1","Reaper+1","Demon Form+1","Seeing Red+1","Metallicize+1","Barricade+1","Body Slam+1","Shrug It Off+1","Infernal Blade+1","Infernal Blade+1"],"relics":["Burning Blood","NeowsBlessing","Self Forming Clay","Matryoshka","Molten Egg 2","Orichalcum","White Beast Statue","CaptainsWheel","Empty Cage","PreservedInsect","Mummified Hand","Blood Vial","Art of War","Ancient Tea Set","infinitespire:Cupcake","Gremlin Horn","Shuriken","Blue Candle","Mark of the Bloom"],"acts_visited":["Exordium","TheCity","TheBeyond","TheEnding"],"potions_floor_usage":[10,13,16,19,21,23,29,35,42,44,45,50,50,50],"damage_taken":[{"damage":0,"enemies":"Jaw Worm","floor":1,"turns":1},{"damage":0,"enemies":"Lagavulin","floor":6,"turns":3},{"damage":0,"enemies":"Small Slimes","floor":7,"turns":1},{"damage":9,"enemies":"Cultist","floor":8,"turns":4},{"damage":27,"enemies":"Gremlin Nob","floor":10,"turns":5},{"damage":1,"enemies":"3 Louse","floor":12,"turns":3},{"damage":10,"enemies":"3 Sentries","floor":13,"turns":6},{"damage":9,"enemies":"Hexaghost","floor":16,"turns":8},{"damage":11,"enemies":"3 Byrds","floor":18,"turns":6},{"damage":23,"enemies":"2 Thieves","floor":19,"turns":3},{"damage":14,"enemies":"Centurion and Healer","floor":21,"turns":5},{"damage":22,"enemies":"Book of Stabbing","floor":23,"turns":5},{"damage":21,"enemies":"Cultist and Chosen","floor":27,"turns":6},{"damage":4,"enemies":"Snake Plant","floor":29,"turns":4},{"damage":0,"enemies":"Slavers","floor":31,"turns":4},{"damage":58,"enemies":"Automaton","floor":33,"turns":9},{"damage":34,"enemies":"3 Darklings","floor":35,"turns":6},{"damage":0,"enemies":"Orb Walker","floor":38,"turns":4},{"damage":6,"enemies":"Nemesis","floor":40,"turns":6},{"damage":0,"enemies":"Reptomancer","floor":42,"turns":4},{"damage":3,"enemies":"4 Shapes","floor":44,"turns":6},{"damage":21,"enemies":"Transient","floor":45,"turns":5},{"damage":17,"enemies":"Jaw Worm Horde","floor":46,"turns":3},{"damage":70,"enemies":"Donu and Deca","floor":50,"turns":8}],"seed_played":"4742119085181016944","potions_obtained":[{"floor":1,"key":"GamblersBrew"},{"floor":12,"key":"DistilledChaos"},{"floor":13,"key":"DistilledChaos"},{"floor":16,"key":"SkillPotion"},{"floor":18,"key":"ElixirPotion"},{"floor":19,"key":"Explosive Potion"},{"floor":21,"key":"FearPotion"},{"floor":23,"key":"BloodPotion"},{"floor":27,"key":"AttackPotion"},{"floor":29,"key":"SmokeBomb"},{"floor":31,"key":"Energy Potion"},{"floor":33,"key":"LiquidMemories"},{"floor":35,"key":"Energy Potion"},{"floor":42,"key":"Regen Potion"},{"floor":44,"key":"LiquidMemories"},{"floor":45,"key":"SpeedPotion"}],"is_trial":false,"path_per_floor":["M","?","$","?","T","E","M","M","T","E","R","M","E","?","R","B",null,"M","M","$","M","?","E","?","R","T","M","R","M","R","E","R","B",null,"M","?","$","M","?","E","R","E","T","M","M","M","?","?","R","B",null,"R"],"character_chosen":"IRONCLAD","items_purchased":["Metallicize","PreservedInsect"],"campfire_rested":2,"item_purchase_floors":[20,20],"current_hp_per_floor":[80,86,86,66,66,72,78,75,75,54,54,59,55,55,55,57,86,86,83,83,86,86,86,86,86,86,78,78,86,86,86,86,34,86,84,84,84,86,82,82,82,82,82,82,82,82,82,82,82,12,12,12,12],"gold":288,"neow_bonus":"THREE_ENEMY_KILL","is_daily":false,"chose_seed":false,"campfire_upgraded":7,"win_rate":0.0,"timestamp":1609354595,"path_taken":["M","?","$","?","?","E","?","M","T","E","R","M","E","?","R","BOSS","M","M","$","M","?","E","?","R","T","M","R","M","R","E","R","BOSS","M","?","$","M","?","E","R","E","T","M","M","M","?","?","R","BOSS","R"],"items_purchased_type":["Card","Relic"],"build_version":"2020-12-13","purchased_purges":1,"victory":false,"max_hp_per_floor":[80,86,86,86,86,86,86,86,86,86,86,86,86,86,86,86,86,86,86,86,86,86,86,86,86,86,86,86,86,86,86,86,86,86,86,86,86,86,82,82,82,82,82,82,82,82,82,82,82,82,82,82,82],"card_choices":[{"not_picked":["Heavy Blade","Blood for Blood"],"picked":"Armaments","floor":1},{"not_picked":["infinitespire:FinalStrike","infinitespire:Oblivion"],"picked":"infinitespire:Menacing","floor":4},{"not_picked":["Rupture","Iron Wave"],"picked":"Double Tap","floor":6},{"not_picked":["Wild Strike","Pummel","Dual Wield"],"picked":"SKIP","floor":7},{"not_picked":["Rage","Anger"],"picked":"Battle Trance","floor":8},{"not_picked":["Twin Strike+1","Shockwave"],"picked":"Cleave+1","floor":10},{"not_picked":["Havoc","Spot Weakness","Power Through"],"picked":"SKIP","floor":12},{"not_picked":["Heavy Blade+1","Wild Strike+1"],"picked":"Reaper+1","floor":13},{"not_picked":["Limit Break","Exhume"],"picked":"Demon Form","floor":16},{"not_picked":["Havoc+1","Perfected Strike+1"],"picked":"Seeing Red","floor":18},{"not_picked":["Armaments","Pummel+1","Combust"],"picked":"SKIP","floor":19},{"not_picked":["Clothesline+1","Feel No Pain","Havoc"],"picked":"SKIP","floor":21},{"not_picked":["Wild Strike+1","Anger+1","Cleave+1"],"picked":"SKIP","floor":23},{"not_picked":["Shrug It Off","Intimidate","Headbutt+1"],"picked":"SKIP","floor":27},{"not_picked":["Shrug It Off","Intimidate","Headbutt+1"],"picked":"SKIP","floor":27},{"not_picked":["Bludgeon+1","Entrench","Carnage+1"],"picked":"SKIP","floor":29},{"not_picked":["Shockwave+1","Clothesline+1","Pommel Strike+1"],"picked":"SKIP","floor":31},{"not_picked":["Exhume","Reaper+1"],"picked":"Barricade","floor":33},{"not_picked":["Anger+1","Havoc"],"picked":"Body Slam+1","floor":35},{"not_picked":["Clash+1","Combust+1"],"picked":"Shrug It Off+1","floor":38},{"not_picked":["Warcry+1","Havoc"],"picked":"Infernal Blade","floor":40},{"not_picked":["Uppercut+1","Flex+1"],"picked":"Infernal Blade+1","floor":42},{"not_picked":["Flex","Heavy Blade+1","Havoc+1"],"picked":"SKIP","floor":44},{"not_picked":["Perfected Strike+1","Shrug It Off","Rampage+1"],"picked":"SKIP","floor":45},{"not_picked":["Body Slam+1","Spot Weakness+1","Twin Strike+1"],"picked":"SKIP","floor":46}],"player_experience":78437,"relics_obtained":[{"floor":5,"key":"Self Forming Clay"},{"floor":6,"key":"Matryoshka"},{"floor":9,"key":"Molten Egg 2"},{"floor":9,"key":"Orichalcum"},{"floor":10,"key":"White Beast Statue"},{"floor":13,"key":"CaptainsWheel"},{"floor":23,"key":"Mummified Hand"},{"floor":26,"key":"Blood Vial"},{"floor":26,"key":"Art of War"},{"floor":31,"key":"Ancient Tea Set"},{"floor":40,"key":"Gremlin Horn"},{"floor":42,"key":"Shuriken"},{"floor":43,"key":"Blue Candle"}],"event_choices":[{"damage_healed":0,"gold_gain":0,"player_choice":"RENOUNCE","damage_taken":119,"max_hp_gain":0,"max_hp_loss":0,"event_name":"betterThird:BetterSerpent","floor":2,"gold_loss":119,"cards_obtained":["Enlightenment"]},{"cards_removed":["Strike_R"],"damage_healed":0,"gold_gain":0,"player_choice":"Card Removal","damage_taken":0,"max_hp_gain":0,"max_hp_loss":0,"event_name":"The Cleric","floor":14,"gold_loss":50},{"damage_healed":0,"gold_gain":0,"player_choice":"Bought 0 Potions","damage_taken":0,"max_hp_gain":0,"max_hp_loss":0,"event_name":"The Woman in Blue","floor":22,"gold_loss":0},{"damage_healed":0,"gold_gain":0,"player_choice":"Ignored","damage_taken":0,"max_hp_gain":0,"max_hp_loss":0,"event_name":"N\u0027loth","floor":24,"gold_loss":0},{"damage_healed":0,"gold_gain":0,"player_choice":"Ignored","damage_taken":0,"max_hp_gain":0,"max_hp_loss":0,"event_name":"Tomb of Lord Red Mask","floor":36,"gold_loss":0},{"damage_healed":0,"gold_gain":0,"player_choice":"Max HP","damage_taken":0,"max_hp_gain":0,"max_hp_loss":4,"event_name":"Winding Halls","floor":39,"gold_loss":0},{"cards_removed":["Strike_R"],"damage_healed":0,"gold_gain":0,"player_choice":"Removed Attack","damage_taken":0,"max_hp_gain":0,"max_hp_loss":0,"event_name":"Falling","floor":47,"gold_loss":0},{"damage_healed":0,"gold_gain":0,"player_choice":"Upgrade","damage_taken":0,"relics_obtained":["Mark of the Bloom"],"max_hp_gain":0,"max_hp_loss":0,"event_name":"MindBloom","floor":48,"gold_loss":0,"cards_upgraded":["Defend_R","Defend_R","Defend_R","Defend_R","Bash","Enlightenment","Double Tap","Barricade"]}],"is_beta":false,"boss_relics":[{"not_picked":["Snecko Eye","Runic Cube"],"picked":"Empty Cage"},{"not_picked":["SacredBark","Velvet Choker"],"picked":"infinitespire:Cupcake"}],"items_purged_floors":[37],"is_endless":false,"potions_floor_spawned":[1,12,13,16,18,19,21,23,27,29,31,33,35,38,40,42,44,45,46],"ascension_level":0}}