{"host":"vztqq1va2gba8p9y","time":1609289448,"event":{"mods":["AchievementEnabler","BaseMod","DeckTracker","Minty Spire (QoL Compilation)","Permanent Neow","Rare Cards Sparkle","StSLib"],"gold_per_floor":[111,122,142,67,82,108,120,132,184,197,231,231,306,326,326,426,426,446,361,374,274,286,286,304,32,32,32,32,59,59,59,59,161,161,179,231,231,281,281,295,295,295,321,332,358,208,33,53,53,53,53],"floor_reached":50,"playtime":1229,"items_purged":["Strike_R","Strike_R","Strike_R","Strike_R","Strike_R"],"score":502,"play_id":"1a6b0468-291a-49fa-8b1c-4181e0332a22","local_time":"20201230095048","is_ascension_mode":false,"campfire_choices":[{"data":"Rampage","floor":12.0,"key":"SMITH"},{"data":"Sever Soul","floor":15.0,"key":"SMITH"},{"data":"Clash","floor":23.0,"key":"SMITH"},{"data":"Clash","floor":27.0,"key":"SMITH"},{"data":"Dual Wield","floor":32.0,"key":"SMITH"},{"floor":41,"key":"REST"},{"floor":49,"key":"REST"}],"circlet_count":0,"master_deck":["Defend_R","Defend_R","Defend_R","Defend_R","Bash+1","Clash+1","Rampage+1","Dual Wield+1","Clash+1","Clash+1","Sever Soul+1","Writhe","Purity","Dropkick","Armaments+1","Dropkick"],"relics":["Burning Blood","Centennial Puzzle","Ancient Tea Set","Vajra","Busted Crown","Kunai","Whetstone","Happy Flower","Juzu Bracelet","Pen Nib","Question Card","Fusion Hammer","Pocketwatch","Charon\u0027s Ashes","Regal Pillow","Potion Belt"],"acts_visited":["Exordium","TheCity","TheBeyond"],"potions_floor_usage":[38,38,50,50,50],"damage_taken":[{"damage":1.0,"enemies":"Cultist","floor":1.0,"turns":3.0},{"damage":0.0,"enemies":"2 Louse","floor":2.0,"turns":2.0},{"damage":0.0,"enemies":"Small Slimes","floor":3.0,"turns":3.0},{"damage":7.0,"enemies":"2 Fungi Beasts","floor":5.0,"turns":3.0},{"damage":4.0,"enemies":"3 Sentries","floor":6.0,"turns":7.0},{"damage":0.0,"enemies":"Large Slime","floor":7.0,"turns":2.0},{"damage":11.0,"enemies":"Blue Slaver","floor":8.0,"turns":4.0},{"damage":20.0,"enemies":"Exordium Thugs","floor":10.0,"turns":4.0},{"damage":8.0,"enemies":"Gremlin Nob","floor":11.0,"turns":3.0},{"damage":0.0,"enemies":"Looter","floor":14.0,"turns":1.0},{"damage":40.0,"enemies":"Hexaghost","floor":16.0,"turns":5.0},{"damage":10.0,"enemies":"2 Thieves","floor":18.0,"turns":2.0},{"damage":0.0,"enemies":"Chosen","floor":20.0,"turns":3.0},{"damage":16.0,"enemies":"Snake Plant","floor":22.0,"turns":2.0},{"damage":4.0,"enemies":"Centurion and Healer","floor":24.0,"turns":4.0},{"damage":13.0,"enemies":"Book of Stabbing","floor":29.0,"turns":3.0},{"damage":42.0,"enemies":"Automaton","floor":33.0,"turns":5.0},{"damage":10.0,"enemies":"Orb Walker","floor":35.0,"turns":2.0},{"damage":25.0,"enemies":"2 Orb Walkers","floor":36.0,"turns":4.0},{"damage":18,"enemies":"Mind Bloom Boss Battle","floor":38,"turns":3},{"damage":28,"enemies":"3 Darklings","floor":40,"turns":3},{"damage":15,"enemies":"Writhing Mass","floor":44,"turns":2},{"damage":41,"enemies":"Reptomancer","floor":45,"turns":5},{"damage":14,"enemies":"Jaw Worm Horde","floor":48,"turns":3},{"damage":93,"enemies":"Donu and Deca","floor":50,"turns":5}],"seed_played":"-5162371463776212250","potions_obtained":[{"floor":3.0,"key":"AttackPotion"},{"floor":5.0,"key":"DuplicationPotion"},{"floor":8.0,"key":"AttackPotion"},{"floor":10.0,"key":"Explosive Potion"},{"floor":11.0,"key":"EntropicBrew"},{"floor":14.0,"key":"ColorlessPotion"},{"floor":29.0,"key":"GamblersBrew"},{"floor":33.0,"key":"LiquidBronze"},{"floor":36.0,"key":"GamblersBrew"},{"floor":38,"key":"Energy Potion"},{"floor":40,"key":"BloodPotion"},{"floor":48,"key":"Regen Potion"}],"is_trial":false,"path_per_floor":["M","M","M","$","M","E","M","M","T","M","E","R","?","M","R","B",null,"M","?","M","$","M","R","M","$","T","R","?","E","?","?","R","B",null,"M","?","?","?","?","M","R","?","T","M","E","$","$","M","R","B"],"character_chosen":"IRONCLAD","items_purchased":["Whetstone"],"campfire_rested":2,"item_purchase_floors":[25],"current_hp_per_floor":[80,80,80,80,79,80,80,75,75,61,59,59,48,54,54,20,80,76,76,80,80,70,70,72,72,72,72,72,65,65,65,65,29,80,76,57,47,35,35,13,37,80,80,71,36,36,36,28,67,4,4],"gold":53,"neow_bonus":"THREE_CARDS","is_daily":false,"chose_seed":false,"campfire_upgraded":5,"win_rate":0.0,"timestamp":1609289448,"path_taken":["M","M","M","$","M","E","M","?","T","M","E","R","?","M","R","BOSS","M","?","M","$","M","R","M","$","T","R","?","E","?","?","R","BOSS","M","?","?","?","?","M","R","?","T","M","E","?","$","M","R","BOSS"],"items_purchased_type":["Relic"],"build_version":"2020-12-22","purchased_purges":5,"victory":false,"max_hp_per_floor":[80,80,80,80,80,80,80,80,80,80,80,80,80,80,80,80,80,80,80,80,80,80,80,80,80,80,80,80,80,80,80,80,80,80,80,80,80,80,80,80,80,80,80,80,80,80,80,80,80,80,80],"card_choices":[{"not_picked":["Inflame","Heavy Blade"],"picked":"Clash","floor":0.0},{"not_picked":["Armaments","Dark Embrace"],"picked":"Rampage","floor":1.0},{"not_picked":["Seeing Red","Reckless Charge","Carnage"],"picked":"SKIP","floor":2.0},{"not_picked":["Clothesline","Body Slam"],"picked":"Dual Wield","floor":3.0},{"not_picked":["Flex","Power Through"],"picked":"Clash","floor":5.0},{"not_picked":["Whirlwind","Hemokinesis","Flex"],"picked":"SKIP","floor":6.0},{"not_picked":["Combust","Juggernaut","Clothesline"],"picked":"SKIP","floor":7.0},{"not_picked":["Perfected Strike","Searing Blow","Cleave"],"picked":"SKIP","floor":8.0},{"not_picked":["Heavy Blade","Armaments"],"picked":"Clash","floor":10.0},{"not_picked":["Rampage","Body Slam","Cleave"],"picked":"SKIP","floor":11.0},{"not_picked":["Iron Wave","Heavy Blade"],"picked":"Sever Soul","floor":14.0},{"not_picked":["Flex"],"picked":"SKIP","floor":18.0},{"not_picked":["Pommel Strike"],"picked":"SKIP","floor":20.0},{"not_picked":["Shockwave"],"picked":"SKIP","floor":22.0},{"not_picked":["Clash"],"picked":"SKIP","floor":24.0},{"not_picked":["Cleave"],"picked":"SKIP","floor":29.0},{"not_picked":["Metallicize+1","True Grit"],"picked":"SKIP","floor":35.0},{"not_picked":["Thinking Ahead"],"picked":"Purity","floor":37},{"not_picked":["Ghostly Armor"],"picked":"Dropkick","floor":40},{"not_picked":["Cleave"],"picked":"Armaments+1","floor":44},{"not_picked":["Cleave+1","Flex+1"],"picked":"SKIP","floor":45},{"not_picked":["Pommel Strike"],"picked":"Dropkick","floor":48}],"player_experience":1658,"relics_obtained":[{"floor":6.0,"key":"Centennial Puzzle"},{"floor":9.0,"key":"Ancient Tea Set"},{"floor":11.0,"key":"Vajra"},{"floor":26.0,"key":"Happy Flower"},{"floor":29.0,"key":"Juzu Bracelet"},{"floor":30.0,"key":"Pen Nib"},{"floor":36.0,"key":"Pocketwatch"},{"floor":38,"key":"Charon\u0027s Ashes"},{"floor":43,"key":"Regal Pillow"},{"floor":45,"key":"Potion Belt"}],"event_choices":[{"damage_healed":0.0,"max_hp_gain":0.0,"max_hp_loss":0.0,"gold_gain":75.0,"event_name":"World of Goop","player_choice":"Gather Gold","floor":13.0,"gold_loss":0.0,"damage_taken":11.0},{"damage_healed":0.0,"max_hp_gain":0.0,"max_hp_loss":0.0,"gold_gain":0.0,"event_name":"Addict","player_choice":"Obtained Relic","floor":19.0,"gold_loss":85.0,"damage_taken":0.0,"relics_obtained":["Kunai"]},{"damage_healed":0.0,"max_hp_gain":0.0,"max_hp_loss":0.0,"gold_gain":0.0,"event_name":"Cursed Tome","player_choice":"Ignored","floor":28.0,"gold_loss":0.0,"damage_taken":0.0},{"damage_healed":0.0,"max_hp_gain":0.0,"max_hp_loss":0.0,"gold_gain":0.0,"event_name":"Wheel of Change","player_choice":"Relic","floor":30.0,"gold_loss":0.0,"damage_taken":0.0},{"damage_healed":0.0,"max_hp_gain":0.0,"max_hp_loss":0.0,"gold_gain":0.0,"event_name":"The Mausoleum","player_choice":"Opened","floor":31.0,"gold_loss":0.0,"damage_taken":0.0,"relics_obtained":["Question Card"],"cards_obtained":["Writhe"]},{"damage_healed":0.0,"max_hp_gain":0.0,"max_hp_loss":0.0,"gold_gain":0.0,"event_name":"Mysterious Sphere","player_choice":"Fight","floor":36.0,"gold_loss":0.0,"damage_taken":0.0},{"damage_healed":0,"gold_gain":0,"player_choice":"Memory 3","damage_taken":10,"max_hp_gain":0,"max_hp_loss":0,"event_name":"SensoryStone","floor":37,"gold_loss":0},{"damage_healed":0,"gold_gain":0,"player_choice":"Fight","damage_taken":0,"max_hp_gain":0,"max_hp_loss":0,"event_name":"MindBloom","floor":38,"gold_loss":0},{"damage_healed":0,"gold_gain":0,"player_choice":"Ignored","damage_taken":0,"max_hp_gain":0,"max_hp_loss":0,"event_name":"Tomb of Lord Red Mask","floor":39,"gold_loss":0},{"damage_healed":43,"gold_gain":0,"player_choice":"Full Heal","damage_taken":0,"max_hp_gain":0,"max_hp_loss":0,"event_name":"Wheel of Change","floor":42,"gold_loss":0}],"is_beta":false,"boss_relics":[{"not_picked":["Runic Cube","Empty Cage"],"picked":"Busted Crown"},{"not_picked":["Cursed Key","Runic Pyramid"],"picked":"Fusion Hammer"}],"items_purged_floors":[4,21,25,46,47],"is_endless":false,"potions_floor_spawned":[3,5,8,10,11,14,29,33,36,38,40,48],"killed_by":"Donu and Deca","ascension_level":0}}