{"host":"kw4o7b3ro2ktmmbe","time":1609295820,"event":{"mods":["BaseMod","Evolution","Minty Spire (QoL Compilation)","StSLib","The Administrix"],"gold_per_floor":[121,121,121,132,145,145,174,185,210,210,225,225,175,195,195,295,295,308,308,63,80,91,91,110,139,139,139,220,220,220,68,68,163,163,179,0,0,11,30,40,40,73,73,85,103,103,134,153,153,153],"floor_reached":51,"playtime":6271,"items_purged":[],"score":804,"play_id":"c11a3784-8fbe-4409-a5bd-fff462c70984","local_time":"20201230153700","is_ascension_mode":false,"campfire_choices":[{"data":"AdministrixMod:FeastOfDew","floor":6.0,"key":"SMITH"},{"data":"Bandage Up","floor":10.0,"key":"SMITH"},{"data":"AdministrixMod:CastOffRegrets","floor":15.0,"key":"SMITH"},{"data":"AdministrixMod:BrewingCloister","floor":23.0,"key":"SMITH"},{"data":"AdministrixMod:LuminaryPath","floor":29.0,"key":"SMITH"},{"data":"AdministrixMod:DreamsMausoleum","floor":32.0,"key":"SMITH"},{"data":"AdministrixMod:HaveItAll","floor":41.0,"key":"SMITH"},{"data":"AdministrixMod:ImmortalClarity","floor":49,"key":"SMITH"}],"circlet_count":0,"master_deck":["AdministrixMod:PassageOfAges","AdministrixMod:PassageOfAges","AdministrixMod:RedCloak","AdministrixMod:Defend_Administrix+1","AdministrixMod:Defend_Administrix","AdministrixMod:BlueCloak+1","AdministrixMod:CastOffRegrets+1","Bandage Up+1","AdministrixMod:FeastOfDew+1","AdministrixMod:GirlsDoItBetter","AdministrixMod:LuminaryPath+1","AdministrixMod:BrewingCloister+1","AdministrixMod:DreamsMausoleum+1","AdministrixMod:WickedPunishment","AdministrixMod:ArmillarySphere+1","AdministrixMod:HaveItAll+1","AdministrixMod:Transition+1","AdministrixMod:ImmortalClarity+1","AdministrixMod:Overdrive","AdministrixMod:Transition+1"],"relics":["AdministrixMod:ConductorRitualBaton","EVO:Axolotl","MealTicket","Nunchaku","AdministrixMod:ElixirOfImmorality","Meat on the Bone","Regal Pillow","TungstenRod","Pantograph","HandDrill","Busted Crown","Red Mask","Blue Candle","Ornamental Fan","White Beast Statue"],"acts_visited":["Exordium","TheCity","TheBeyond"],"potions_floor_usage":[47,50,50],"damage_taken":[{"damage":0.0,"enemies":"Jaw Worm","floor":1.0,"turns":3.0},{"damage":5.0,"enemies":"2 Louse","floor":4.0,"turns":3.0},{"damage":0.0,"enemies":"Cultist","floor":5.0,"turns":2.0},{"damage":0.0,"enemies":"Lagavulin","floor":7.0,"turns":3.0},{"damage":0.0,"enemies":"Blue Slaver","floor":8.0,"turns":2.0},{"damage":10.0,"enemies":"Looter","floor":11.0,"turns":2.0},{"damage":0.0,"enemies":"Exordium Wildlife","floor":14.0,"turns":3.0},{"damage":15.0,"enemies":"Hexaghost","floor":16.0,"turns":4.0},{"damage":0.0,"enemies":"2 Thieves","floor":18.0,"turns":1.0},{"damage":0.0,"enemies":"Spheric Guardian","floor":21.0,"turns":3.0},{"damage":12.0,"enemies":"Shelled Parasite and Fungi","floor":22.0,"turns":3.0},{"damage":2.0,"enemies":"Snecko","floor":24.0,"turns":3.0},{"damage":3.0,"enemies":"Gremlin Leader","floor":25.0,"turns":2.0},{"damage":5.0,"enemies":"Collector","floor":33.0,"turns":5.0},{"damage":3.0,"enemies":"Orb Walker","floor":35.0,"turns":3.0},{"damage":0.0,"enemies":"3 Darklings","floor":38.0,"turns":1.0},{"damage":0.0,"enemies":"Transient","floor":39.0,"turns":4.0},{"damage":0.0,"enemies":"Jaw Worm Horde","floor":40.0,"turns":1.0},{"damage":4.0,"enemies":"Nemesis","floor":42.0,"turns":3.0},{"damage":0.0,"enemies":"3 Darklings","floor":44.0,"turns":2.0},{"damage":0.0,"enemies":"Maw","floor":45.0,"turns":2.0},{"damage":0,"enemies":"Giant Head","floor":47,"turns":3},{"damage":0,"enemies":"Jaw Worm Horde","floor":48,"turns":1},{"damage":5,"enemies":"Donu and Deca","floor":50,"turns":4}],"seed_played":"3334095571901098542","potions_obtained":[{"floor":7.0,"key":"Swift Potion"},{"floor":8.0,"key":"Ancient Potion"},{"floor":11.0,"key":"Fire Potion"},{"floor":24.0,"key":"Block Potion"},{"floor":39.0,"key":"FearPotion"},{"floor":42.0,"key":"Fruit Juice"},{"floor":45.0,"key":"DistilledChaos"}],"is_trial":false,"path_per_floor":["M","?","?","M","M","R","E","M","T","R","M","?","?","M","R","B",null,"M","?","$","M","M","R","M","E","T","?","T","R","?","$","R","B",null,"M","?","?","M","M","M","R","E","T","M","M","?","E","M","R","B",null],"character_chosen":"TheAdministrix","items_purchased":["Meat on the Bone","HandDrill"],"campfire_rested":0,"item_purchase_floors":[20,31],"current_hp_per_floor":[71,57,57,56,60,60,64,68,68,68,64,69,69,75,75,66,76,76,76,76,76,68,68,72,73,73,73,73,73,76,76,76,76,76,73,73,73,76,76,76,76,81,81,81,81,81,81,81,81,81],"gold":153,"neow_bonus":"TEN_PERCENT_HP_BONUS","is_daily":false,"chose_seed":false,"campfire_upgraded":8,"win_rate":0.0,"timestamp":1609295820,"path_taken":["M","?","?","?","M","R","E","M","T","R","M","?","?","M","R","BOSS","M","?","$","?","M","R","M","E","T","?","?","R","?","?","R","BOSS","M","?","?","?","M","M","R","E","T","M","M","?","E","M","R","BOSS"],"items_purchased_type":["Relic","Relic"],"build_version":"2020-12-22","purchased_purges":0,"victory":true,"max_hp_per_floor":[71,71,71,71,71,71,71,71,71,71,71,76,76,76,76,76,76,76,76,76,76,76,76,76,76,76,76,76,76,76,76,76,76,76,76,76,76,76,76,76,76,81,81,81,81,81,81,81,81,81],"card_choices":[{"not_picked":["AdministrixMod:QuietConspiracy","AdministrixMod:FuneraryRites"],"picked":"AdministrixMod:CastOffRegrets","floor":1.0},{"not_picked":["AdministrixMod:SipOfSparks","AdministrixMod:DiversionaryTactic","AdministrixMod:Transcension"],"picked":"SKIP","floor":4.0},{"not_picked":["AdministrixMod:QuietConspiracy","AdministrixMod:DiversionaryTactic","AdministrixMod:CrackingPangu"],"picked":"SKIP","floor":5.0},{"not_picked":["AdministrixMod:PlateOfAntiquity","AdministrixMod:Katabasis"],"picked":"AdministrixMod:LuminaryPath","floor":7.0},{"not_picked":["AdministrixMod:PassageOfAges","AdministrixMod:RebukeDesires","AdministrixMod:ExtolVirtue"],"picked":"SKIP","floor":8.0},{"not_picked":["AdministrixMod:RegentEdict","AdministrixMod:RebukeDesires","AdministrixMod:CenturiesAscent"],"picked":"SKIP","floor":11.0},{"not_picked":["AdministrixMod:ImmortalPurity","AdministrixMod:CenturiesAscent","AdministrixMod:ExtolVirtue"],"picked":"SKIP","floor":14.0},{"not_picked":["AdministrixMod:GirlsDoItBetter","AdministrixMod:AmassedMasks"],"picked":"AdministrixMod:BrewingCloister","floor":16.0},{"not_picked":["AdministrixMod:RebukeDesires","AdministrixMod:LightOfYourLife"],"picked":"AdministrixMod:DreamsMausoleum","floor":18.0},{"not_picked":["AdministrixMod:SipOfSparks","AdministrixMod:ImmortalPurity","AdministrixMod:CrackingPangu+1"],"picked":"SKIP","floor":21.0},{"not_picked":["AdministrixMod:TenDesires","AdministrixMod:ShadowPlay+1","AdministrixMod:NoblePath"],"picked":"SKIP","floor":22.0},{"not_picked":["AdministrixMod:DiversionaryTactic+1","AdministrixMod:TrickOfTheLight+1","AdministrixMod:PlateOfAntiquity"],"picked":"SKIP","floor":24.0},{"not_picked":["AdministrixMod:NoblePath","AdministrixMod:TouchOfCinnabar"],"picked":"AdministrixMod:ArmillarySphere+1","floor":25.0},{"not_picked":["AdministrixMod:BrewingCloister","AdministrixMod:FalseDeath"],"picked":"AdministrixMod:HaveItAll","floor":33.0},{"not_picked":[],"picked":"AdministrixMod:Transition+1","floor":35.0},{"not_picked":["AdministrixMod:LightOfYourLife"],"picked":"SKIP","floor":38.0},{"not_picked":["AdministrixMod:DiversionaryTactic+1"],"picked":"SKIP","floor":39.0},{"not_picked":["AdministrixMod:MixOfMercury"],"picked":"SKIP","floor":40.0},{"not_picked":["AdministrixMod:SipOfSparks+1"],"picked":"SKIP","floor":42.0},{"not_picked":["AdministrixMod:CenturiesAscent+1"],"picked":"SKIP","floor":44.0},{"not_picked":[],"picked":"AdministrixMod:ImmortalClarity","floor":45.0},{"not_picked":[],"picked":"AdministrixMod:Transition+1","floor":47},{"not_picked":["AdministrixMod:TouchOfCinnabar+1"],"picked":"SKIP","floor":48}],"player_experience":1776845,"relics_obtained":[{"floor":7.0,"key":"MealTicket"},{"floor":9.0,"key":"Nunchaku"},{"floor":25.0,"key":"Regal Pillow"},{"floor":26.0,"key":"TungstenRod"},{"floor":28.0,"key":"Pantograph"},{"floor":42.0,"key":"Blue Candle"},{"floor":43.0,"key":"Ornamental Fan"},{"floor":47,"key":"White Beast Statue"}],"event_choices":[{"damage_healed":0.0,"max_hp_gain":0.0,"max_hp_loss":0.0,"gold_gain":0.0,"event_name":"Shining Light","player_choice":"Entered Light","floor":2.0,"gold_loss":0.0,"damage_taken":14.0,"cards_upgraded":["AdministrixMod:BlueCloak","AdministrixMod:Defend_Administrix"]},{"damage_healed":0.0,"max_hp_gain":0.0,"max_hp_loss":0.0,"gold_gain":0.0,"event_name":"Match and Keep!","player_choice":"3 cards matched","floor":3.0,"gold_loss":0.0,"damage_taken":0.0,"cards_obtained":["Bandage Up","AdministrixMod:FeastOfDew","AdministrixMod:GirlsDoItBetter"]},{"damage_healed":0.0,"max_hp_gain":5.0,"max_hp_loss":0.0,"gold_gain":0.0,"event_name":"Big Fish","player_choice":"Donut","floor":12.0,"gold_loss":0.0,"damage_taken":0.0},{"cards_removed":["AdministrixMod:Defend_Administrix"],"damage_healed":0.0,"max_hp_gain":0.0,"max_hp_loss":0.0,"gold_gain":0.0,"event_name":"The Cleric","player_choice":"Card Removal","floor":13.0,"gold_loss":50.0,"damage_taken":0.0},{"damage_healed":0.0,"max_hp_gain":0.0,"max_hp_loss":0.0,"gold_gain":0.0,"cards_transformed":["AdministrixMod:Defend_Administrix"],"event_name":"Transmorgrifier","player_choice":"Transformed","floor":19.0,"gold_loss":0.0,"damage_taken":0.0,"cards_obtained":["AdministrixMod:WickedPunishment"]},{"damage_healed":0.0,"max_hp_gain":0.0,"max_hp_loss":0.0,"gold_gain":0.0,"event_name":"Vampires","player_choice":"Ignored","floor":27.0,"gold_loss":0.0,"damage_taken":0.0},{"damage_healed":25.0,"max_hp_gain":0.0,"max_hp_loss":0.0,"gold_gain":0.0,"event_name":"The Library","player_choice":"Heal","floor":30.0,"gold_loss":0.0,"damage_taken":0.0},{"damage_healed":0.0,"max_hp_gain":0.0,"max_hp_loss":0.0,"gold_gain":0.0,"event_name":"Tomb of Lord Red Mask","player_choice":"Paid","floor":36.0,"gold_loss":179.0,"damage_taken":0.0,"relics_obtained":["Red Mask"]},{"cards_removed":["AdministrixMod:Strike_Administrix"],"damage_healed":0.0,"max_hp_gain":0.0,"max_hp_loss":0.0,"gold_gain":0.0,"event_name":"Purifier","player_choice":"Purged","floor":37.0,"gold_loss":0.0,"damage_taken":0.0},{"damage_healed":0.0,"max_hp_gain":0.0,"max_hp_loss":0.0,"gold_gain":0.0,"cards_transformed":["AdministrixMod:Strike_Administrix"],"event_name":"Transmorgrifier","player_choice":"Transformed","floor":46.0,"gold_loss":0.0,"damage_taken":0.0,"cards_obtained":["AdministrixMod:Overdrive"]}],"is_beta":false,"boss_relics":[{"not_picked":["Runic Pyramid","Pandora\u0027s Box"],"picked":"AdministrixMod:ElixirOfImmorality"},{"not_picked":["Snecko Eye","SlaversCollar"],"picked":"Busted Crown"}],"items_purged_floors":[],"is_endless":false,"potions_floor_spawned":[7,8,11,24,39,42,45,48],"ascension_level":0}}