{"host":"p7j7o00jacnw7qzt","time":1609301626,"event":{"mods":["BaseMod","Colored Map","Colored Powertips","DeckTracker","Highlight Path","Minty Spire (QoL Compilation)","Relic Stats"],"gold_per_floor":[111,111,36,51,51,81,81,81,108,108,108,128,145,183,183,264,264,283,283,299,315,24,24,41,41,41,41,41,376,376,405,405,477,477,504,231,246,266,266,266,286,312,312,355,369,59,102,122,122,122,122,122,122,122,122],"floor_reached":54,"playtime":3273,"items_purged":["Strike_G","Strike_G","Strike_G","Strike_G"],"score":2046,"play_id":"6bb4a925-b1bc-4725-9743-644f97320c5b","local_time":"20201229231346","is_ascension_mode":true,"campfire_choices":[{"data":"Glass Knife","floor":7.0,"key":"SMITH"},{"data":"Prepared","floor":10.0,"key":"SMITH"},{"data":"Blade Dance","floor":15.0,"key":"SMITH"},{"data":"Accuracy","floor":23.0,"key":"SMITH"},{"floor":27.0,"key":"REST"},{"floor":30.0,"key":"REST"},{"floor":32.0,"key":"RECALL"},{"data":"Calculated Gamble","floor":40.0,"key":"SMITH"},{"data":"Neutralize","floor":49,"key":"SMITH"},{"data":"Accuracy","floor":53,"key":"SMITH"}],"circlet_count":0,"master_deck":["AscendersBane","Defend_G","Defend_G","Defend_G","Defend_G","Defend_G","Survivor","Neutralize+1","Escape Plan","Prepared+1","Tactician","Blade Dance+1","After Image","Accuracy+1","Concentrate","Calculated Gamble+1","Accuracy+1","Venomology+1","Blur","Reflex+1","Escape Plan"],"relics":["Ring of the Snake","NeowsBlessing","Toy Ornithopter","Bronze Scales","Oddly Smooth Stone","CeramicFish","Nunchaku","HoveringKite","Bag of Preparation","InkBottle","Old Coin","Kunai","Runic Pyramid","Sundial","Paper Crane","War Paint","Molten Egg 2"],"acts_visited":["Exordium","TheCity","TheBeyond","TheEnding"],"potions_floor_usage":[47,48,50,51],"damage_taken":[{"damage":0.0,"enemies":"Jaw Worm","floor":1.0,"turns":1.0},{"damage":0.0,"enemies":"Small Slimes","floor":4.0,"turns":1.0},{"damage":0.0,"enemies":"3 Sentries","floor":6.0,"turns":1.0},{"damage":0.0,"enemies":"2 Louse","floor":12.0,"turns":2.0},{"damage":0.0,"enemies":"Red Slaver","floor":13.0,"turns":3.0},{"damage":26.0,"enemies":"Gremlin Nob","floor":14.0,"turns":4.0},{"damage":15.0,"enemies":"Slime Boss","floor":16.0,"turns":8.0},{"damage":3.0,"enemies":"Chosen","floor":18.0,"turns":4.0},{"damage":0.0,"enemies":"Spheric Guardian","floor":20.0,"turns":3.0},{"damage":32.0,"enemies":"Snecko","floor":21.0,"turns":10.0},{"damage":18.0,"enemies":"Snake Plant","floor":24.0,"turns":5.0},{"damage":42.0,"enemies":"Slavers","floor":29.0,"turns":7.0},{"damage":37.0,"enemies":"Gremlin Leader","floor":31.0,"turns":10.0},{"damage":10.0,"enemies":"Automaton","floor":33.0,"turns":11.0},{"damage":6.0,"enemies":"3 Shapes","floor":35.0,"turns":6.0},{"damage":0.0,"enemies":"Orb Walker","floor":37.0,"turns":1.0},{"damage":5.0,"enemies":"Maw","floor":38.0,"turns":8.0},{"damage":0.0,"enemies":"Writhing Mass","floor":41.0,"turns":6.0},{"damage":0.0,"enemies":"Giant Head","floor":42.0,"turns":7.0},{"damage":9.0,"enemies":"Reptomancer","floor":44.0,"turns":9.0},{"damage":0.0,"enemies":"Transient","floor":45.0,"turns":6.0},{"damage":1,"enemies":"Nemesis","floor":47,"turns":9},{"damage":0,"enemies":"Jaw Worm Horde","floor":48,"turns":3},{"damage":1,"enemies":"Donu and Deca","floor":50,"turns":9},{"damage":9,"enemies":"Time Eater","floor":51,"turns":13}],"seed_played":"-3120664765142209993","potions_obtained":[{"floor":4.0,"key":"SneckoOil"},{"floor":6.0,"key":"CultistPotion"},{"floor":19.0,"key":"Swift Potion"},{"floor":19.0,"key":"LiquidMemories"},{"floor":21.0,"key":"LiquidBronze"},{"floor":29.0,"key":"Explosive Potion"},{"floor":31.0,"key":"Ancient Potion"},{"floor":33.0,"key":"CunningPotion"},{"floor":35.0,"key":"LiquidMemories"},{"floor":45.0,"key":"FearPotion"},{"floor":47,"key":"GamblersBrew"}],"is_trial":false,"path_per_floor":["M","?","$","M","T","E","R","?","T","R","?","M","M","E","R","B",null,"M","?","M","M","$","R","M","$","T","R","?","E","R","E","R","B",null,"M","$","M","M","?","R","M","E","T","E","M","$","E","M","R","B","B",null,"R","$"],"character_chosen":"THE_SILENT","items_purchased":["Accuracy","Bag of Preparation","Accuracy","Venomology","War Paint"],"campfire_rested":2,"item_purchase_floors":[22,22,36,36,46],"current_hp_per_floor":[59,59,59,59,59,59,59,59,59,59,59,59,59,33,33,23,55,52,52,57,30,30,30,12,12,12,31,76,34,56,24,24,19,62,56,56,61,61,61,61,66,76,76,72,72,72,75,76,76,75,67,74,74,74,74],"gold":122,"neow_bonus":"THREE_ENEMY_KILL","is_daily":false,"chose_seed":false,"campfire_upgraded":7,"win_rate":0.0,"timestamp":1609301626,"path_taken":["M","?","$","M","?","E","R","?","T","R","?","?","M","E","R","BOSS","M","?","?","M","$","R","M","$","T","R","?","E","R","E","R","BOSS","BOSS","M","$","?","M","?","R","M","E","T","E","M","$","E","?","R","BOSS","BOSS","R","$"],"items_purchased_type":["Card","Relic","Card","Card","Relic"],"build_version":"2020-12-22","purchased_purges":4,"victory":false,"max_hp_per_floor":[66,66,66,66,66,66,66,66,66,66,66,66,66,66,66,66,66,66,66,66,66,66,66,66,66,66,66,76,76,76,76,76,76,76,76,76,76,76,76,76,76,76,76,76,76,76,76,76,76,76,76,76,76,76,76],"relic_stats":{"counters":[25,147],"CeramicFish":99,"HoveringKite":[97],"Bag of Preparation":[30],"War Paint":["Reflex","Venomology"],"Nunchaku":[48],"Sundial":[28],"Bronze Scales":[410],"Kunai":[88],"obtain_stats":[{"NeowsBlessing":0,"CeramicFish":11,"Oddly Smooth Stone":9,"HoveringKite":17,"Bag of Preparation":22,"Paper Crane":44,"War Paint":46,"Old Coin":29,"Nunchaku":14,"Sundial":42,"Bronze Scales":6,"Molten Egg 2":47,"Kunai":31,"Toy Ornithopter":5,"InkBottle":26,"Ring of the Snake":0,"Runic Pyramid":34},{"NeowsBlessing":0,"CeramicFish":3,"Oddly Smooth Stone":3,"HoveringKite":7,"Bag of Preparation":10,"Paper Crane":20,"War Paint":21,"Old Coin":12,"Nunchaku":6,"Sundial":19,"Bronze Scales":3,"Molten Egg 2":22,"Kunai":13,"Toy Ornithopter":2,"InkBottle":11,"Ring of the Snake":0,"Runic Pyramid":14},{"NeowsBlessing":0,"CeramicFish":3,"Oddly Smooth Stone":3,"HoveringKite":20,"Bag of Preparation":37,"Paper Crane":107,"War Paint":113,"Old Coin":49,"Nunchaku":12,"Sundial":98,"Bronze Scales":3,"Molten Egg 2":122,"Kunai":59,"Toy Ornithopter":2,"InkBottle":42,"Ring of the Snake":0,"Runic Pyramid":70}],"Toy Ornithopter":61,"InkBottle":[87],"Ring of the Snake":[50]},"card_choices":[{"not_picked":["Sucker Punch","Dodge and Roll"],"picked":"Escape Plan","floor":1.0},{"not_picked":["Cloak And Dagger","Slice"],"picked":"Prepared","floor":4.0},{"not_picked":["Poisoned Stab","Dodge and Roll"],"picked":"Glass Knife","floor":6.0},{"not_picked":["Deadly Poison","Endless Agony"],"picked":"Tactician","floor":12.0},{"not_picked":["Flying Knee","Bane","Riddle With Holes"],"picked":"SKIP","floor":13.0},{"not_picked":["Quick Slash","Die Die Die"],"picked":"Blade Dance","floor":14.0},{"not_picked":["Wraith Form v2","Tools of the Trade"],"picked":"After Image","floor":16.0},{"not_picked":["Crippling Poison","Dagger Spray","Dagger Throw"],"picked":"SKIP","floor":18.0},{"not_picked":["Finisher","Noxious Fumes+1","Dagger Throw"],"picked":"SKIP","floor":20.0},{"not_picked":["Sucker Punch","Noxious Fumes","Deadly Poison"],"picked":"SKIP","floor":21.0},{"not_picked":["Poisoned Stab","Catalyst","Infinite Blades"],"picked":"SKIP","floor":24.0},{"not_picked":["Prepared","Endless Agony"],"picked":"Concentrate","floor":29.0},{"not_picked":["Distraction","Slice+1","Tactician"],"picked":"SKIP","floor":31.0},{"not_picked":["Backstab","Flechettes"],"picked":"Calculated Gamble","floor":35.0},{"not_picked":["Finisher","Leg Sweep+1","Underhanded Strike"],"picked":"SKIP","floor":37.0},{"not_picked":["Cloak And Dagger+1","Prepared+1","Underhanded Strike"],"picked":"SKIP","floor":38.0},{"not_picked":["Concentrate+1","Blur","Sucker Punch"],"picked":"SKIP","floor":41.0},{"not_picked":["Concentrate+1","Sucker Punch"],"picked":"Blur","floor":41.0},{"not_picked":["Infinite Blades","Glass Knife","Finisher"],"picked":"SKIP","floor":42.0},{"not_picked":["Terror","Flechettes"],"picked":"Reflex","floor":44.0},{"not_picked":["Riddle With Holes+1","Endless Agony","Concentrate"],"picked":"SKIP","floor":45.0},{"not_picked":["Sucker Punch","Bouncing Flask+1"],"picked":"Escape Plan","floor":47},{"not_picked":["Dodge and Roll","Dagger Spray+1","Slice+1"],"picked":"SKIP","floor":48}],"player_experience":887090,"relics_obtained":[{"floor":5.0,"key":"Toy Ornithopter"},{"floor":6.0,"key":"Bronze Scales"},{"floor":9.0,"key":"Oddly Smooth Stone"},{"floor":14.0,"key":"Nunchaku"},{"floor":26.0,"key":"InkBottle"},{"floor":29.0,"key":"Old Coin"},{"floor":31.0,"key":"Kunai"},{"floor":42.0,"key":"Sundial"},{"floor":44.0,"key":"Paper Crane"},{"floor":47,"key":"Molten Egg 2"}],"event_choices":[{"cards_removed":["Strike_G"],"damage_healed":0.0,"max_hp_gain":0.0,"max_hp_loss":0.0,"gold_gain":0.0,"event_name":"Living Wall","player_choice":"Forget","floor":2.0,"gold_loss":0.0,"damage_taken":0.0},{"damage_healed":0.0,"max_hp_gain":0.0,"max_hp_loss":0.0,"gold_gain":0.0,"event_name":"Liars Game","player_choice":"Ignored","floor":8.0,"gold_loss":0.0,"damage_taken":0.0},{"damage_healed":0.0,"max_hp_gain":0.0,"max_hp_loss":0.0,"gold_gain":0.0,"event_name":"WeMeetAgain","player_choice":"Gave Potion","floor":11.0,"gold_loss":0.0,"damage_taken":0.0,"relics_obtained":["CeramicFish"]},{"damage_healed":0.0,"max_hp_gain":0.0,"max_hp_loss":0.0,"gold_gain":0.0,"event_name":"Lab","player_choice":"Got Potions","floor":19.0,"gold_loss":0.0,"damage_taken":0.0},{"cards_removed":["Glass Knife"],"damage_healed":35.0,"max_hp_gain":10.0,"max_hp_loss":0.0,"gold_gain":0.0,"event_name":"Bonfire Elementals","player_choice":"Offered Rare","floor":28.0,"gold_loss":0.0,"damage_taken":0.0},{"damage_healed":0.0,"max_hp_gain":0.0,"max_hp_loss":0.0,"gold_gain":0.0,"event_name":"SecretPortal","player_choice":"Ignored","floor":39.0,"gold_loss":0.0,"damage_taken":0.0}],"is_beta":false,"boss_relics":[{"not_picked":["Ring of the Serpent","Sozu"],"picked":"HoveringKite"},{"not_picked":["Busted Crown","Black Star"],"picked":"Runic Pyramid"}],"items_purged_floors":[3,22,36,46],"is_endless":false,"potions_floor_spawned":[4,6,21,29,31,33,35,45,47,48],"ascension_level":20}}