{"host":"q4axc00jr2bozlh9","time":1609323537,"event":{"mods":["AchievementEnabler","BaseMod","Bestiary","Colored Map","Colored Powertips","Curses Come First","Minty Spire (QoL Compilation)","Relic Stats","StSLib","SuperFastMode"],"gold_per_floor":[110,120,120,120,135,135,176,176,176,206,221,234,257,14,14,139,139,163,176,176,176,176],"floor_reached":21,"playtime":1029,"items_purged":["Strike_R"],"score":181,"play_id":"df49fb50-2e4d-4367-a153-8f448728c328","local_time":"20201230111857","is_ascension_mode":false,"campfire_choices":[{"data":"Bash","floor":6,"key":"SMITH"},{"data":"Juggernaut","floor":8,"key":"SMITH"},{"floor":15,"key":"REST"}],"circlet_count":0,"master_deck":["Strike_R","Strike_R","Strike_R","Defend_R","Defend_R","Defend_R","Defend_R","Bash+1","Juggernaut+1","Blood for Blood","Shrug It Off","Clothesline","True Grit","Thunderclap","Shrug It Off","Thinking Ahead","Demon Form+1","Sever Soul","Discovery","Panacea","Good Instincts","Purity"],"relics":["Burning Blood","Golden Idol","Frozen Egg 2","Self Forming Clay","Odd Mushroom","Busted Crown"],"acts_visited":["Exordium","TheCity"],"potions_floor_usage":[7,11,19,21,21],"damage_taken":[{"damage":1,"enemies":"Cultist","floor":1,"turns":4},{"damage":5,"enemies":"Small Slimes","floor":2,"turns":4},{"damage":5,"enemies":"2 Louse","floor":5,"turns":3},{"damage":24,"enemies":"3 Sentries","floor":7,"turns":7},{"damage":9,"enemies":"The Mushroom Lair","floor":10,"turns":4},{"damage":11,"enemies":"Exordium Wildlife","floor":11,"turns":4},{"damage":8,"enemies":"Red Slaver","floor":12,"turns":4},{"damage":1,"enemies":"2 Fungi Beasts","floor":13,"turns":3},{"damage":32,"enemies":"The Guardian","floor":16,"turns":12},{"damage":17,"enemies":"Shell Parasite","floor":18,"turns":6},{"damage":17,"enemies":"2 Thieves","floor":19,"turns":4},{"damage":48,"enemies":"Cultist and Chosen","floor":21,"turns":6}],"seed_played":"-5738759968675235972","potions_obtained":[{"floor":5,"key":"EssenceOfSteel"},{"floor":7,"key":"Block Potion"},{"floor":10,"key":"LiquidMemories"},{"floor":11,"key":"AttackPotion"},{"floor":13,"key":"DuplicationPotion"},{"floor":18,"key":"BloodPotion"}],"is_trial":false,"path_per_floor":["M","M","?","?","M","R","E","R","T","?","M","M","M","$","R","B",null,"M","M","?","M"],"character_chosen":"IRONCLAD","items_purchased":["Thinking Ahead"],"campfire_rested":1,"item_purchase_floors":[14],"current_hp_per_floor":[80,80,60,60,61,61,43,43,43,40,35,33,38,38,62,36,80,69,58,22,0,0],"gold":176,"neow_bonus":"TRANSFORM_CARD","is_daily":false,"chose_seed":false,"campfire_upgraded":2,"win_rate":0.0,"timestamp":1609323537,"path_taken":["M","M","?","?","M","R","E","R","T","?","M","M","?","?","R","BOSS","M","M","?","?"],"items_purchased_type":["Card"],"build_version":"2020-12-22","purchased_purges":1,"victory":false,"max_hp_per_floor":[80,80,80,80,80,80,80,80,80,80,80,80,80,80,80,80,80,80,80,80,80,80],"relic_stats":{"Busted Crown":4,"counters":[12,61],"Golden Idol":61,"Self Forming Clay":[63],"obtain_stats":[{"Busted Crown":17,"Golden Idol":3,"Self Forming Clay":9,"Frozen Egg 2":7,"Odd Mushroom":10,"Burning Blood":0},{"Busted Crown":9,"Golden Idol":2,"Self Forming Clay":4,"Frozen Egg 2":4,"Odd Mushroom":5,"Burning Blood":0},{"Busted Crown":45,"Golden Idol":8,"Self Forming Clay":18,"Frozen Egg 2":18,"Odd Mushroom":22,"Burning Blood":0}],"Burning Blood":60},"card_choices":[{"not_picked":["Cleave","Havoc"],"picked":"Blood for Blood","floor":1},{"not_picked":["Power Through","Headbutt","Body Slam"],"picked":"SKIP","floor":2},{"not_picked":["Twin Strike","Sentinel"],"picked":"Shrug It Off","floor":5},{"not_picked":["Warcry","Feel No Pain+1"],"picked":"Clothesline","floor":7},{"not_picked":["Feel No Pain+1","Sword Boomerang"],"picked":"True Grit","floor":11},{"not_picked":["Twin Strike","Clothesline"],"picked":"Thunderclap","floor":12},{"not_picked":["Bludgeon","True Grit"],"picked":"Shrug It Off","floor":13},{"not_picked":["Exhume","Corruption+1"],"picked":"Demon Form+1","floor":16},{"not_picked":["Wild Strike"],"picked":"SKIP","floor":18},{"not_picked":[],"picked":"Sever Soul","floor":19}],"player_experience":179541,"relics_obtained":[{"floor":7,"key":"Frozen Egg 2"},{"floor":9,"key":"Self Forming Clay"},{"floor":10,"key":"Odd Mushroom"}],"event_choices":[{"damage_healed":0,"gold_gain":0,"player_choice":"Take Damage","damage_taken":20,"relics_obtained":["Golden Idol"],"max_hp_gain":0,"max_hp_loss":0,"event_name":"Golden Idol","floor":3,"gold_loss":0},{"damage_healed":0,"gold_gain":0,"player_choice":"Ignored","damage_taken":0,"max_hp_gain":0,"max_hp_loss":0,"event_name":"Liars Game","floor":4,"gold_loss":0},{"damage_healed":0,"gold_gain":0,"player_choice":"Fought Mushrooms","damage_taken":0,"max_hp_gain":0,"max_hp_loss":0,"event_name":"Mushrooms","floor":10,"gold_loss":0},{"damage_healed":0,"gold_gain":0,"player_choice":"CARD CARD CARD CARD ","damage_taken":36,"max_hp_gain":0,"max_hp_loss":0,"event_name":"Knowing Skull","floor":20,"potions_obtained":[],"gold_loss":0,"cards_obtained":["Discovery","Panacea","Good Instincts","Purity"]}],"is_beta":false,"boss_relics":[{"not_picked":["SacredBark","Fusion Hammer"],"picked":"Busted Crown"}],"items_purged_floors":[14],"is_endless":false,"potions_floor_spawned":[5,7,10,11,13,18],"killed_by":"Cultist and Chosen","ascension_level":0}}