{"host":"nukjzc0ca34w6eem","time":1609370445,"event":{"mods":["2.2 Compatiblity","AchievementEnabler","BaseMod","Colored Powertips","Downfall","Minty Spire (QoL Compilation)","StSLib"],"gold_per_floor":[99,99,99,99,111,1,1,0,17,50,70,70,70,70],"floor_reached":12,"playtime":830,"items_purged":[],"score":110,"play_id":"f920baae-70d5-44a8-ae2d-c32a160649ea","local_time":"20201230152045","is_ascension_mode":true,"campfire_choices":[{"data":"Slimebound:Split","floor":1,"key":"SMITH"}],"circlet_count":0,"master_deck":["Slimebound:Strike_Slimebound","Slimebound:Strike_Slimebound","Slimebound:Strike_Slimebound","Slimebound:Tackle","Slimebound:Defend_Slimebound","Slimebound:Defend_Slimebound","Slimebound:Defend_Slimebound","Slimebound:Defend_Slimebound","Slimebound:Split+1","Slimebound:CorrosiveSpit","Slimebound:ViciousTackle","Slimebound:RollThrough","Slimebound:Chomp","Slimebound:Recollect","Slimebound:FinishingTackle","Slimebound:ComboTackle","Slimebound:SplitMire","Slimebound:HauntingLick","Slimebound:LevelUp","Slimebound:CheckThePlaybook"],"relics":["Slimebound:AbsorbEndCombat","downfall:HeartsMalice","Dream Catcher"],"acts_visited":["Exordium"],"potions_floor_usage":[10,10,12],"damage_taken":[{"damage":0,"enemies":"Cultist","floor":2,"turns":1},{"damage":0,"enemies":"Jaw Worm","floor":3,"turns":1},{"damage":0,"enemies":"2 Louse","floor":4,"turns":1},{"damage":20,"enemies":"Gremlin Gang","floor":5,"turns":3},{"damage":18,"enemies":"downfall:FleeingMerchant","floor":6,"turns":4},{"damage":19,"enemies":"downfall:FleeingMerchant","floor":8,"turns":4},{"damage":22,"enemies":"Red Slaver","floor":9,"turns":2},{"damage":38,"enemies":"3 Sentries","floor":10,"turns":5},{"damage":7,"enemies":"3 Louse","floor":11,"turns":3},{"damage":30,"enemies":"Lagavulin","floor":12,"turns":4}],"seed_played":"-8206675301940782675","potions_obtained":[{"floor":5,"key":"AttackPotion"},{"floor":9,"key":"Regen Potion"},{"floor":10,"key":"GamblersBrew"}],"is_trial":false,"path_per_floor":["R","M","M","M","M","$","T","$","M","E","M","E"],"character_chosen":"SLIMEBOUND","items_purchased":["Slimebound:ComboTackle","Slimebound:SplitMire"],"campfire_rested":0,"item_purchase_floors":[6,6],"current_hp_per_floor":[54,54,54,54,46,52,52,51,39,39,34,10,10,10],"gold":70,"neow_bonus":"THREE_ENEMY_KILL","is_daily":false,"chose_seed":false,"campfire_upgraded":1,"win_rate":0.0,"timestamp":1609370445,"path_taken":["R","M","M","M","?","?","T","$","M","E","M","E"],"items_purchased_type":["Card","Card"],"build_version":"2020-12-22","purchased_purges":0,"victory":false,"max_hp_per_floor":[60,60,60,60,60,60,60,60,60,60,60,60,60,60],"card_choices":[{"not_picked":["Slimebound:PressTheAttack","Slimebound:SlimeSpikes"],"picked":"Slimebound:ViciousTackle","floor":2},{"not_picked":["Slimebound:SamplingLick","Slimebound:FinishingTackle"],"picked":"Slimebound:RollThrough","floor":3},{"not_picked":["Slimebound:LeechingTouch","Slimebound:ViciousTackle"],"picked":"Slimebound:Chomp","floor":4},{"not_picked":["Slimebound:Gluttony","Slimebound:ViciousTackle"],"picked":"Slimebound:Recollect","floor":5},{"not_picked":["Slimebound:SlimeSpikes","Slimebound:GrowthPunch"],"picked":"Slimebound:FinishingTackle","floor":6},{"not_picked":["Slimebound:FinishingTackle","Slimebound:PressTheAttack"],"picked":"Slimebound:HauntingLick","floor":8},{"not_picked":["Slimebound:SplitAcid","Slimebound:RollThrough"],"picked":"Slimebound:LevelUp","floor":9},{"not_picked":["Slimebound:FinishingTackle","Slimebound:Prepare"],"picked":"Slimebound:CheckThePlaybook","floor":10},{"not_picked":["Slimebound:Schlurp","Slimebound:SplitLeeching","Slimebound:Replication"],"picked":"SKIP","floor":11}],"player_experience":476608,"relics_obtained":[{"floor":10,"key":"Dream Catcher"}],"event_choices":[],"is_beta":false,"boss_relics":[],"items_purged_floors":[],"is_endless":false,"potions_floor_spawned":[5,9,10],"killed_by":"Lagavulin","ascension_level":9}}