{"host":"kn32u0f2pym5bozc","time":1609315518,"event":{"mods":["2.2 Compatiblity","BaseMod","Better Third Choice","Minty Spire (QoL Compilation)","Permanent Neow","Relic Stats","StSLib","The Animator"],"gold_per_floor":[118,41,63,63,75,119,119,152,152,152,186,213,226,226,226,320,320,343,356,375,474,454,488,488,529,604,604,640,655,655,676,676,774,774,795,106,441,476,509,509,554,554,580,598,615,615,115,115,115,119],"floor_reached":51,"playtime":4891,"items_purged":["animator:Strike","animator:Defend"],"score":1226,"play_id":"b319ae60-cfcb-4ba3-b14d-e1e2873b7e40","local_time":"20201230030518","is_ascension_mode":true,"campfire_choices":[{"data":"animator:LeleiLaLalena","floor":7,"key":"SMITH"},{"data":"animator:DwarfShaman","floor":10,"key":"SMITH"},{"floor":15,"key":"REST"},{"floor":24,"key":"REST"},{"floor":27,"key":"REST"},{"floor":30,"key":"REST"},{"data":"animator:SakuraMatou","floor":32,"key":"SMITH"},{"data":"animator:Tatsumaki","floor":40,"key":"SMITH"},{"data":"animator:Envy","floor":42,"key":"SMITH"},{"floor":46,"key":"REST"},{"data":"animator:Kaijin","floor":49,"key":"SMITH"}],"circlet_count":0,"master_deck":["AscendersBane","animator:Strike_GoblinSlayer","animator:Defend_GoblinSlayer","animator:Strike+1","animator:Strike+1","animator:Defend","animator:Defend+1","animator:LizardPriest","animator:DwarfShaman+1","animator:LeleiLaLalena+1","animator:Kaijin+1","animator:Gillette","animator:OrikoMikuni","animator:Witch","animator:Jibril","animator:RinTohsaka","animator:Albedo","animator:DwarfShaman","animator:Caster","animator:SakuraMatou+1","animator:Envy+1","animator:Demiurge","animator:IrohaTamaki","animator:Nanami+1","animator:HigakiRinne","animator:GuildGirl","animator:Rimuru","animator:Priestess","animator:Tatsumaki+1","animator:DolaStephanie","animator:Evileye"],"relics":["animator:VividPicture","animator:TheMissingPiece","animator:PurgingStone","NeowsBlessing","Ancient Tea Set","Pear","Paper Crane","Question Card","Odd Mushroom","Golden Idol","Whetstone","Bag of Marbles","animator:BattleDrones","Matryoshka","Empty Cage","Mummified Hand","Happy Flower","Old Coin","Vajra","Letter Opener","Red Skull","Bottled Lightning","DataDisk"],"acts_visited":["Exordium","TheCity","TheBeyond"],"potions_floor_usage":[11,11,16,18,23,23,28,31,33,35,37,39,41,50],"damage_taken":[{"damage":0,"enemies":"Small Slimes","floor":1,"turns":1},{"damage":0,"enemies":"2 Louse","floor":3,"turns":1},{"damage":0,"enemies":"Cultist","floor":5,"turns":1},{"damage":0,"enemies":"Lagavulin","floor":6,"turns":8},{"damage":13,"enemies":"3 Sentries","floor":8,"turns":11},{"damage":5,"enemies":"Gremlin Nob","floor":11,"turns":5},{"damage":8,"enemies":"The Mushroom Lair","floor":12,"turns":5},{"damage":18,"enemies":"Large Slime","floor":13,"turns":6},{"damage":18,"enemies":"Hexaghost","floor":16,"turns":10},{"damage":15,"enemies":"2 Thieves","floor":18,"turns":4},{"damage":8,"enemies":"Shell Parasite","floor":19,"turns":8},{"damage":2,"enemies":"Snake Plant","floor":20,"turns":5},{"damage":12,"enemies":"animator:HornedBat","floor":23,"turns":6},{"damage":34,"enemies":"Slavers","floor":25,"turns":5},{"damage":24,"enemies":"Book of Stabbing","floor":28,"turns":6},{"damage":2,"enemies":"3 Cultists","floor":29,"turns":5},{"damage":0,"enemies":"Centurion and Healer","floor":31,"turns":9},{"damage":28,"enemies":"Collector","floor":33,"turns":10},{"damage":12,"enemies":"3 Darklings","floor":35,"turns":7},{"damage":10,"enemies":"Mind Bloom Boss Battle","floor":37,"turns":6},{"damage":0,"enemies":"3 Shapes","floor":38,"turns":6},{"damage":0,"enemies":"3 Darklings","floor":39,"turns":3},{"damage":4,"enemies":"Giant Head","floor":41,"turns":8},{"damage":13,"enemies":"Sphere and 2 Shapes","floor":44,"turns":4},{"damage":7,"enemies":"Spire Growth","floor":45,"turns":4},{"damage":57,"enemies":"Awakened One","floor":50,"turns":11}],"seed_played":"7100049999655297318","potions_obtained":[{"floor":8,"key":"EssenceOfSteel"},{"floor":11,"key":"Dexterity Potion"},{"floor":12,"key":"SteroidPotion"},{"floor":18,"key":"Explosive Potion"},{"floor":22,"key":"Block Potion"},{"floor":25,"key":"PowerPotion"},{"floor":29,"key":"Explosive Potion"},{"floor":31,"key":"SmokeBomb"},{"floor":33,"key":"Block Potion"},{"floor":35,"key":"PowerPotion"},{"floor":38,"key":"SpeedPotion"},{"floor":45,"key":"DuplicationPotion"}],"is_trial":false,"path_per_floor":["M","$","M","?","M","E","R","E","T","R","E","?","M","?","R","B",null,"M","M","M","?","?","E","R","E","T","R","E","M","R","M","R","B",null,"M","$","?","M","M","R","E","R","T","M","M","R","$","?","R","B",null],"character_chosen":"THE_ANIMATOR","items_purchased":["animator:Kaijin","DistilledChaos","Mummified Hand","Happy Flower","animator:Rimuru","Bottled Lightning","DataDisk"],"campfire_rested":5,"item_purchase_floors":[2,36,36,36,36,47,47],"current_hp_per_floor":[59,59,59,64,64,64,64,61,61,61,56,48,30,30,54,36,70,55,47,45,45,45,33,57,23,23,47,23,21,45,45,45,17,65,54,54,44,44,44,44,40,40,40,27,20,44,44,72,72,15],"gold":119,"neow_bonus":"THREE_ENEMY_KILL","is_daily":false,"chose_seed":false,"campfire_upgraded":6,"win_rate":0.0,"timestamp":1609315518,"path_taken":["M","$","M","?","M","E","R","E","T","R","E","?","M","?","R","BOSS","M","M","M","?","?","E","R","E","T","R","E","?","R","M","R","BOSS","M","$","?","M","M","R","E","R","T","M","M","R","$","?","R","BOSS"],"items_purchased_type":["Card","Potion","Relic","Relic","Card","Relic","Relic"],"build_version":"2020-12-22","purchased_purges":2,"victory":true,"max_hp_per_floor":[66,66,66,71,71,71,71,81,81,81,81,81,81,81,81,81,81,81,81,81,81,81,81,81,81,81,81,81,81,81,81,81,81,81,82,82,82,82,82,82,82,82,82,82,82,82,82,72,72,72],"relic_stats":{"Happy Flower":[14],"counters":[26,153],"Golden Idol":132,"Mummified Hand":[22],"Whetstone":["animator:Strike","animator:Strike"],"Letter Opener":[60],"Question Card":43,"obtain_stats":[{"Pear":8,"NeowsBlessing":0,"Happy Flower":36,"Golden Idol":14,"animator:TheMissingPiece":0,"animator:BattleDrones":26,"Vajra":41,"Whetstone":23,"Letter Opener":43,"Paper Crane":9,"Odd Mushroom":12,"Ancient Tea Set":6,"Question Card":11,"Empty Cage":34,"Old Coin":37,"DataDisk":47,"Matryoshka":28,"animator:PurgingStone":0,"Mummified Hand":36,"animator:LivingPicture":0,"Bag of Marbles":25,"Bottled Lightning":47,"animator:VividPicture":17,"Red Skull":43},{"Pear":5,"NeowsBlessing":0,"Happy Flower":19,"Golden Idol":8,"animator:TheMissingPiece":0,"animator:BattleDrones":14,"Vajra":23,"Whetstone":13,"Letter Opener":23,"Paper Crane":5,"Odd Mushroom":7,"Ancient Tea Set":4,"Question Card":6,"Empty Cage":18,"Old Coin":20,"DataDisk":25,"Matryoshka":15,"animator:PurgingStone":0,"Mummified Hand":19,"animator:LivingPicture":0,"Bag of Marbles":14,"Bottled Lightning":25,"animator:VividPicture":9,"Red Skull":23},{"Pear":22,"NeowsBlessing":0,"Happy Flower":111,"Golden Idol":38,"animator:TheMissingPiece":0,"animator:BattleDrones":75,"Vajra":134,"Whetstone":71,"Letter Opener":134,"Paper Crane":22,"Odd Mushroom":32,"Ancient Tea Set":11,"Question Card":27,"Empty Cage":104,"Old Coin":117,"DataDisk":142,"Matryoshka":81,"animator:PurgingStone":0,"Mummified Hand":111,"animator:LivingPicture":0,"Bag of Marbles":75,"Bottled Lightning":142,"animator:VividPicture":48,"Red Skull":134}]},"card_choices":[{"not_picked":["animator:Shalltear","animator:ShinjiMatou"],"picked":"animator:LeleiLaLalena","floor":1},{"not_picked":["animator:Spearman","animator:Konayuki"],"picked":"animator:Gillette","floor":3},{"not_picked":["animator:Sonic","animator:Millim"],"picked":"animator:OrikoMikuni","floor":5},{"not_picked":["animator:CowGirl","animator:GuildGirl"],"picked":"animator:Witch","floor":6},{"not_picked":["animator:Illya","animator:DolaStephanie"],"picked":"animator:Jibril","floor":8},{"not_picked":["animator:YuiTsuruno","animator:Tet","animator:HighElfArcher"],"picked":"SKIP","floor":11},{"not_picked":["animator:Albedo","animator:Sloth","animator:Melzalgald"],"picked":"animator:ElricAlphonse","floor":12},{"not_picked":["animator:NagisaMomoe","animator:ShinjiMatou","animator:Yoichi"],"picked":"animator:RinTohsaka","floor":13},{"not_picked":["animator:Saitama","animator:HomuraAkemi","animator:ItamiYouji"],"picked":"animator:Albedo","floor":16},{"not_picked":["animator:Spearman","animator:SwordMaiden","animator:LizardPriest"],"picked":"animator:DwarfShaman","floor":18},{"not_picked":["animator:Chung","animator:Cocytus","animator:ChaikaBohdan"],"picked":"animator:Caster","floor":19},{"not_picked":["animator:Archer+1","animator:DolaSchwi","animator:ChaikaBohdan"],"picked":"animator:SakuraMatou","floor":20},{"not_picked":["animator:Viivi","animator:SayakaMiki","animator:Nanami"],"picked":"animator:Envy","floor":23},{"not_picked":["animator:Priestess","animator:ShinjiMatou","animator:Scar"],"picked":"animator:Demiurge","floor":28},{"not_picked":["animator:LeleiLaLalena","animator:Lancer","animator:Nanami"],"picked":"animator:IrohaTamaki","floor":29},{"not_picked":["animator:Yuuichirou","animator:Gillette+1","animator:Elsword"],"picked":"animator:Nanami+1","floor":31},{"not_picked":["animator:ItamiYouji","animator:GoblinSlayer","animator:Sora"],"picked":"animator:HigakiRinne","floor":33},{"not_picked":["animator:DwarfShaman","animator:Spearman","animator:Hero"],"picked":"animator:GuildGirl","floor":35},{"not_picked":["animator:Geryuganshoop","animator:Berserker","animator:Spearman"],"picked":"animator:Priestess","floor":38},{"not_picked":["animator:ElricAlphonse","animator:Guy","animator:WinryRockbell"],"picked":"animator:Tatsumaki","floor":39},{"not_picked":["animator:Chung","animator:Benimaru","animator:FielNirvalen"],"picked":"animator:DolaStephanie","floor":41},{"not_picked":["animator:Sebas","animator:Shalltear","animator:Demiurge"],"picked":"animator:Evileye","floor":44},{"not_picked":["animator:NagisaMomoe","animator:Lu","animator:Chung","animator:TukaLunaMarceau"],"picked":"SKIP","floor":45}],"player_experience":776119,"relics_obtained":[{"floor":6,"key":"Ancient Tea Set"},{"floor":8,"key":"Pear"},{"floor":9,"key":"Paper Crane"},{"floor":11,"key":"Question Card"},{"floor":12,"key":"Odd Mushroom"},{"floor":23,"key":"Whetstone"},{"floor":25,"key":"Bag of Marbles"},{"floor":26,"key":"animator:BattleDrones"},{"floor":28,"key":"Matryoshka"},{"floor":37,"key":"Old Coin"},{"floor":41,"key":"Vajra"},{"floor":43,"key":"Letter Opener"},{"floor":43,"key":"Red Skull"}],"event_choices":[{"damage_healed":0,"gold_gain":0,"player_choice":"Donut","damage_taken":0,"max_hp_gain":5,"max_hp_loss":0,"event_name":"Big Fish","floor":4,"gold_loss":0},{"damage_healed":0,"gold_gain":0,"player_choice":"Fought Mushrooms","damage_taken":0,"max_hp_gain":0,"max_hp_loss":0,"event_name":"Mushrooms","floor":12,"gold_loss":0},{"damage_healed":0,"gold_gain":0,"player_choice":"Take Wound","damage_taken":0,"relics_obtained":["Golden Idol"],"max_hp_gain":0,"max_hp_loss":0,"event_name":"Golden Idol","floor":14,"gold_loss":0,"cards_obtained":["Injury"]},{"damage_healed":0,"gold_gain":99,"player_choice":"Steal","damage_taken":0,"max_hp_gain":0,"max_hp_loss":0,"event_name":"betterThird:BetterNest","floor":21,"gold_loss":0},{"damage_healed":0,"gold_gain":0,"player_choice":"Bought 1 Potion","damage_taken":0,"max_hp_gain":0,"max_hp_loss":0,"event_name":"The Woman in Blue","floor":22,"gold_loss":0},{"damage_healed":0,"gold_gain":0,"player_choice":"Fight","damage_taken":0,"max_hp_gain":0,"max_hp_loss":0,"event_name":"MindBloom","floor":37,"gold_loss":0},{"damage_healed":72,"gold_gain":0,"player_choice":"Heal","damage_taken":0,"max_hp_gain":0,"max_hp_loss":10,"event_name":"The Moai Head","floor":48,"gold_loss":0}],"is_beta":false,"boss_relics":[{"not_picked":["animator:RacePiece","Busted Crown"],"picked":"animator:VividPicture"},{"not_picked":["animator:CursedBlade","Pandora\u0027s Box"],"picked":"Empty Cage"}],"items_purged_floors":[36,47],"is_endless":false,"potions_floor_spawned":[8,11,12,13,18,25,29,31,33,35,38,45],"ascension_level":13}}