{"host":"7khtwbkyze7y134w","time":1609344813,"event":{"mods":["AchievementEnabler","BaseMod","Bestiary","Colored Map","Colored Powertips","Curses Come First","Highlight Path","Minty Spire (QoL Compilation)","Quick Restart","Relic Stats","Slay-I","StSLib","SuperFastMode"],"gold_per_floor":[366,378,378,57,67,67,98,98,148,159,173,184,217,237,237,341,341,354,379,392,408,408,436,436,122,122,122,72,72,101,120,120,222,222,236,256,256,206,218,218,250,262,262,262,484,495,511,4,4,4],"floor_reached":51,"playtime":3449,"items_purged":["Strike_R","Strike_R","Parasite"],"score":752,"play_id":"b6530bdd-d71a-4fc5-bf83-41bcf0330bc0","local_time":"20201230161333","is_ascension_mode":false,"campfire_choices":[{"data":"Armaments","floor":6.0,"key":"SMITH"},{"data":"Flex","floor":8.0,"key":"SMITH"},{"data":"Flex","floor":15.0,"key":"SMITH"},{"floor":27.0,"key":"REST"},{"floor":29.0,"key":"REST"},{"floor":32.0,"key":"REST"},{"data":"Offering","floor":40,"key":"SMITH"},{"floor":44,"key":"REST"},{"floor":49,"key":"REST"}],"circlet_count":0,"master_deck":["Defend_R","Defend_R","Defend_R+1","Defend_R","Bash","Iron Wave","Armaments+1","Clothesline","Flex+1","Reaper","Flex+1","Iron Wave","Sword Boomerang","Offering+1","Spot Weakness+1","Thunderclap","Intimidate","Demon Form+1","Pommel Strike+1","Flex+1","Twin Strike","Disarm+1"],"relics":["Burning Blood","Pen Nib","Toy Ornithopter","Akabeko","Smiling Mask","Oddly Smooth Stone","Odd Mushroom","Empty Cage","Red Mask","War Paint","Thread and Needle","Frozen Egg 2","PreservedInsect","Sozu","Centennial Puzzle","Letter Opener","ClockworkSouvenir","Incense Burner"],"acts_visited":["Exordium","TheCity","TheBeyond"],"potions_floor_usage":[33],"damage_taken":[{"damage":6.0,"enemies":"Small Slimes","floor":1.0,"turns":5.0},{"damage":5.0,"enemies":"Cultist","floor":2.0,"turns":4.0},{"damage":3.0,"enemies":"Jaw Worm","floor":5.0,"turns":3.0},{"damage":14.0,"enemies":"Gremlin Nob","floor":7.0,"turns":4.0},{"damage":2.0,"enemies":"2 Fungi Beasts","floor":10.0,"turns":3.0},{"damage":5.0,"enemies":"Looter","floor":11.0,"turns":2.0},{"damage":14.0,"enemies":"Large Slime","floor":12.0,"turns":5.0},{"damage":30.0,"enemies":"3 Sentries","floor":13.0,"turns":7.0},{"damage":3.0,"enemies":"The Mushroom Lair","floor":14.0,"turns":4.0},{"damage":41.0,"enemies":"Slime Boss","floor":16.0,"turns":10.0},{"damage":34.0,"enemies":"3 Byrds","floor":18.0,"turns":7.0},{"damage":48.0,"enemies":"Masked Bandits","floor":19.0,"turns":6.0},{"damage":27.0,"enemies":"Shell Parasite","floor":20.0,"turns":5.0},{"damage":24.0,"enemies":"Snake Plant","floor":21.0,"turns":3.0},{"damage":30.0,"enemies":"Book of Stabbing","floor":23.0,"turns":5.0},{"damage":44.0,"enemies":"Slavers","floor":30.0,"turns":6.0},{"damage":23.0,"enemies":"Shelled Parasite and Fungi","floor":31.0,"turns":5.0},{"damage":78,"enemies":"Automaton","floor":33,"turns":9},{"damage":7,"enemies":"Orb Walker","floor":35,"turns":3},{"damage":19,"enemies":"3 Darklings","floor":36,"turns":7},{"damage":35,"enemies":"Transient","floor":39,"turns":5},{"damage":10,"enemies":"Giant Head","floor":41,"turns":6},{"damage":6,"enemies":"Writhing Mass","floor":42,"turns":3},{"damage":6,"enemies":"3 Darklings","floor":46,"turns":3},{"damage":29,"enemies":"Spire Growth","floor":47,"turns":4},{"damage":14,"enemies":"Time Eater","floor":50,"turns":8}],"seed_played":"-3533070840079301370","potions_obtained":[{"floor":3.0,"key":"FearPotion"},{"floor":3.0,"key":"Fruit Juice"},{"floor":3.0,"key":"FairyPotion"},{"floor":7.0,"key":"SteroidPotion"},{"floor":10.0,"key":"SteroidPotion"},{"floor":13.0,"key":"SkillPotion"},{"floor":20.0,"key":"FairyPotion"},{"floor":21.0,"key":"EssenceOfSteel"},{"floor":23.0,"key":"Fruit Juice"},{"floor":31.0,"key":"DistilledChaos"}],"is_trial":false,"path_per_floor":["M","M","?","$","M","R","E","R","T","M","M","M","E","?","R","B",null,"M","?","M","M","?","E","?","$","T","R","$","R","E","M","R","B",null,"M","M","?","$","M","R","E","M","T","R","?","M","M","$","R","B",null],"character_chosen":"IRONCLAD","items_purchased":["Pen Nib","Clothesline","Toy Ornithopter","Thread and Needle","ClockworkSouvenir","Incense Burner"],"campfire_rested":5,"item_purchase_floors":[4,4,4,25,48,48],"current_hp_per_floor":[56,57,57,57,60,60,62,62,62,66,67,67,64,72,72,56,85,57,21,26,8,36,27,27,27,27,54,54,81,61,44,71,24,90,89,88,85,85,62,62,58,58,58,83,83,83,60,60,82,82],"gold":4,"neow_bonus":"TWO_FIFTY_GOLD","is_daily":false,"chose_seed":false,"campfire_upgraded":4,"win_rate":0.0,"timestamp":1609344813,"path_taken":["M","M","?","$","?","R","E","R","T","M","M","M","E","?","R","BOSS","M","?","M","M","?","E","?","$","T","R","$","R","E","M","R","BOSS","M","M","?","$","M","R","E","M","T","R","?","M","M","$","R","BOSS"],"items_purchased_type":["Relic","Card","Relic","Relic","Relic","Relic"],"build_version":"2020-12-22","purchased_purges":3,"victory":true,"max_hp_per_floor":[80,80,80,80,80,80,85,85,85,85,85,85,85,85,85,85,85,85,85,85,85,85,90,90,90,90,90,90,90,90,90,90,90,90,90,90,85,85,85,85,85,85,85,85,85,85,85,82,82,82],"relic_stats":{"Sozu":3,"Centennial Puzzle":[12],"counters":[26,132],"Pen Nib":[22],"PreservedInsect":125,"Letter Opener":[35],"War Paint":["Defend_R","Spot Weakness"],"Smiling Mask":150,"obtain_stats":[{"Oddly Smooth Stone":13,"Thread and Needle":25,"Pen Nib":4,"PreservedInsect":30,"Incense Burner":48,"Letter Opener":43,"Odd Mushroom":14,"War Paint":23,"Frozen Egg 2":26,"Smiling Mask":9,"Empty Cage":17,"Burning Blood":0,"Akabeko":7,"ClockworkSouvenir":48,"Sozu":34,"Centennial Puzzle":41,"Red Mask":19,"Toy Ornithopter":4},{"Oddly Smooth Stone":8,"Thread and Needle":15,"Pen Nib":2,"PreservedInsect":16,"Incense Burner":25,"Letter Opener":23,"Odd Mushroom":9,"War Paint":15,"Frozen Egg 2":15,"Smiling Mask":4,"Empty Cage":10,"Burning Blood":0,"Akabeko":4,"ClockworkSouvenir":25,"Sozu":18,"Centennial Puzzle":22,"Red Mask":12,"Toy Ornithopter":2},{"Oddly Smooth Stone":33,"Thread and Needle":73,"Pen Nib":9,"PreservedInsect":79,"Incense Burner":124,"Letter Opener":117,"Odd Mushroom":37,"War Paint":73,"Frozen Egg 2":73,"Smiling Mask":16,"Empty Cage":47,"Burning Blood":0,"Akabeko":16,"ClockworkSouvenir":124,"Sozu":93,"Centennial Puzzle":114,"Red Mask":60,"Toy Ornithopter":9}],"Burning Blood":150,"Toy Ornithopter":35},"card_choices":[{"not_picked":["Wild Strike","Sword Boomerang"],"picked":"Iron Wave","floor":1.0},{"not_picked":["Hemokinesis","Clash"],"picked":"Armaments","floor":2.0},{"not_picked":["Blood for Blood","Warcry","Armaments"],"picked":"SKIP","floor":5.0},{"not_picked":["Thunderclap","Heavy Blade"],"picked":"Flex","floor":7.0},{"not_picked":["Dark Embrace","Ghostly Armor"],"picked":"Reaper","floor":10.0},{"not_picked":["Armaments","True Grit"],"picked":"Flex","floor":11.0},{"not_picked":["Dropkick","Body Slam","Wild Strike"],"picked":"SKIP","floor":12.0},{"not_picked":["Uppercut","Wild Strike"],"picked":"Iron Wave","floor":13.0},{"not_picked":["Armaments","Second Wind"],"picked":"Sword Boomerang","floor":14.0},{"not_picked":["Impervious","Feed"],"picked":"Offering","floor":16.0},{"not_picked":["Pummel+1","Searing Blow","Dropkick"],"picked":"SKIP","floor":18.0},{"not_picked":["Seeing Red","Clothesline+1"],"picked":"Spot Weakness","floor":19.0},{"not_picked":["Heavy Blade","Clash+1","Wild Strike"],"picked":"SKIP","floor":20.0},{"not_picked":["Cleave","Iron Wave"],"picked":"Thunderclap","floor":21.0},{"not_picked":["Brutality","Seeing Red","Intimidate"],"picked":"SKIP","floor":23.0},{"not_picked":["Berserk+1","Carnage"],"picked":"Intimidate","floor":30.0},{"not_picked":["Body Slam","Clash","Intimidate+1"],"picked":"SKIP","floor":31.0},{"not_picked":["Corruption+1","Offering"],"picked":"Demon Form+1","floor":33},{"not_picked":["Perfected Strike","Sword Boomerang+1"],"picked":"Pommel Strike+1","floor":35},{"not_picked":["Searing Blow+1","Rampage+1"],"picked":"Flex+1","floor":36},{"not_picked":["Sword Boomerang","Warcry+1","Metallicize+1"],"picked":"SKIP","floor":39},{"not_picked":["Seeing Red","Blood for Blood+1","Perfected Strike"],"picked":"SKIP","floor":41},{"not_picked":["Flex","Dark Embrace+1","Warcry"],"picked":"SKIP","floor":42},{"not_picked":["Armaments+1","Pommel Strike+1"],"picked":"Twin Strike","floor":46},{"not_picked":["Combust+1","Searing Blow"],"picked":"Disarm+1","floor":47}],"player_experience":38588,"relics_obtained":[{"floor":7.0,"key":"Akabeko"},{"floor":9.0,"key":"Smiling Mask"},{"floor":13.0,"key":"Oddly Smooth Stone"},{"floor":14.0,"key":"Odd Mushroom"},{"floor":19.0,"key":"Red Mask"},{"floor":23.0,"key":"War Paint"},{"floor":26.0,"key":"Frozen Egg 2"},{"floor":30.0,"key":"PreservedInsect"},{"floor":41,"key":"Centennial Puzzle"},{"floor":43,"key":"Letter Opener"}],"event_choices":[{"damage_healed":0.0,"max_hp_gain":0.0,"max_hp_loss":0.0,"gold_gain":0.0,"event_name":"Lab","player_choice":"Got Potions","floor":3.0,"gold_loss":0.0,"damage_taken":0.0},{"damage_healed":0.0,"max_hp_gain":0.0,"max_hp_loss":0.0,"gold_gain":0.0,"event_name":"Mushrooms","player_choice":"Fought Mushrooms","floor":14.0,"gold_loss":0.0,"damage_taken":0.0},{"damage_healed":0.0,"max_hp_gain":0.0,"max_hp_loss":0.0,"gold_gain":0.0,"event_name":"Masked Bandits","player_choice":"Fought Bandits","floor":19.0,"gold_loss":0.0,"damage_taken":0.0},{"damage_healed":28.0,"max_hp_gain":0.0,"max_hp_loss":0.0,"gold_gain":0.0,"event_name":"The Library","player_choice":"Heal","floor":22.0,"gold_loss":0.0,"damage_taken":0.0},{"cards_removed":["Strike_R"],"damage_healed":0.0,"max_hp_gain":0.0,"max_hp_loss":0.0,"gold_gain":0.0,"event_name":"Back to Basics","player_choice":"Elegance","floor":24.0,"gold_loss":0.0,"damage_taken":0.0},{"damage_healed":0,"gold_gain":0,"player_choice":"Max HP","damage_taken":0,"max_hp_gain":0,"max_hp_loss":5,"event_name":"Winding Halls","floor":37,"gold_loss":0},{"damage_healed":0,"gold_gain":222,"player_choice":"Wore Mask","damage_taken":0,"max_hp_gain":0,"max_hp_loss":0,"event_name":"Tomb of Lord Red Mask","floor":45,"gold_loss":0}],"is_beta":false,"boss_relics":[{"not_picked":["Philosopher\u0027s Stone","Astrolabe"],"picked":"Empty Cage"},{"not_picked":["Black Star","Runic Cube"],"picked":"Sozu"}],"items_purged_floors":[28,38,48],"is_endless":false,"potions_floor_spawned":[7,10,12,13,20,21,23,31,39,42,46],"ascension_level":0}}