{"host":"uflv0e3ja7hvnij7","time":1609289299,"event":{"mods":["BaseMod","Better Altar","Better Match","Better Note","Better Sensory Stone","Better Skull","Better Third Choice","Hubris","Infinite Spire","Minty Spire (QoL Compilation)","Permanent Neow","StSLib"],"gold_per_floor":[111,131,131,144,144,144,163,8,33,48,72,72,85,85,85],"floor_reached":14,"playtime":622,"items_purged":[],"score":109,"play_id":"006c16d8-dc10-4eb4-9c84-31f6da4d30f3","local_time":"20201229194819","is_ascension_mode":true,"campfire_choices":[{"data":"Sweeping Beam","floor":6,"key":"SMITH"},{"floor":12,"key":"REST"}],"circlet_count":0,"master_deck":["Strike_B","Strike_B","Strike_B","Defend_B","Defend_B","Defend_B","Defend_B","Zap","Dualcast","Redo","Sweeping Beam+1","Blizzard","Capacitor","Blizzard"],"relics":["Cracked Core","Golden Idol","Runic Capacitor","Potion Belt"],"acts_visited":["Exordium"],"potions_floor_usage":[],"damage_taken":[{"damage":0,"enemies":"Small Slimes","floor":1,"turns":2},{"damage":3,"enemies":"2 Louse","floor":2,"turns":2},{"damage":0,"enemies":"Cultist","floor":4,"turns":2},{"damage":26,"enemies":"Exordium Thugs","floor":7,"turns":4},{"damage":9,"enemies":"Blue Slaver","floor":10,"turns":4},{"damage":10,"enemies":"Large Slime","floor":11,"turns":4},{"damage":24,"enemies":"Exordium Thugs","floor":13,"turns":4},{"damage":20,"enemies":"Lagavulin","floor":14,"turns":4}],"seed_played":"3965565085789478913","potions_obtained":[{"floor":2,"key":"Explosive Potion"},{"floor":4,"key":"SkillPotion"},{"floor":7,"key":"FocusPotion"},{"floor":11,"key":"Explosive Potion"}],"is_trial":false,"path_per_floor":["M","M","?","M","?","R","M","$","T","M","M","R","M","E"],"character_chosen":"DEFECT","items_purchased":["Runic Capacitor"],"campfire_rested":1,"item_purchase_floors":[8],"current_hp_per_floor":[68,65,70,70,50,50,24,24,24,15,5,29,5,0,0],"gold":85,"neow_bonus":"REMOVE_CARD","is_daily":false,"chose_seed":false,"campfire_upgraded":1,"win_rate":0.0,"timestamp":1609289299,"path_taken":["M","M","?","M","?","R","M","$","T","M","M","R","M","E"],"items_purchased_type":["Relic"],"build_version":"2020-12-22","purchased_purges":0,"victory":false,"max_hp_per_floor":[75,75,80,80,80,80,80,80,80,80,80,80,80,80,80],"card_choices":[{"not_picked":["Cold Snap","Go for the Eyes"],"picked":"Redo","floor":1},{"not_picked":["Gash","Steam"],"picked":"Sweeping Beam","floor":2},{"not_picked":["Leap","Undo"],"picked":"Blizzard","floor":4},{"not_picked":["Streamline","Static Discharge","Undo"],"picked":"SKIP","floor":7},{"not_picked":["Ball Lightning","Streamline"],"picked":"Capacitor","floor":10},{"not_picked":["Static Discharge","hubris:Prefetch"],"picked":"Blizzard","floor":11},{"not_picked":["Hologram","Compile Driver","Leap"],"picked":"SKIP","floor":13}],"player_experience":442622,"relics_obtained":[{"floor":9,"key":"Potion Belt"}],"event_choices":[{"damage_healed":0,"gold_gain":0,"player_choice":"Donut","damage_taken":0,"max_hp_gain":5,"max_hp_loss":0,"event_name":"Big Fish","floor":3,"gold_loss":0},{"damage_healed":0,"gold_gain":0,"player_choice":"Take Damage","damage_taken":20,"relics_obtained":["Golden Idol"],"max_hp_gain":0,"max_hp_loss":0,"event_name":"Golden Idol","floor":5,"gold_loss":0}],"is_beta":false,"boss_relics":[],"items_purged_floors":[],"is_endless":false,"potions_floor_spawned":[2,4,7,11],"killed_by":"Lagavulin","ascension_level":6}}