{"host":"mnljlkge2zm8bbif","time":1609320452,"event":{"mods":["Aspiration","BaseMod","Beaked The Cultist","Better Third Choice","BetterRewards","Challenge The Spire","Hermit","Hubris","Minty Spire (QoL Compilation)","Replay The Spire","Shop Mod","Spicy Shops","StSLib"],"gold_per_floor":[109,127,127,138,88,88,120,138,192,202,236,252,252,264,264,360,360,378,42,42,42,54,82,82,111,487,536,536,563,621,621,621,753,853,899,309,309,56,30,59,78,78,78,96,96,25,25,39,39,39,39],"floor_reached":50,"playtime":3954,"items_purged":["Regret","Regret","Replay:Hysterical Blindness"],"score":888,"play_id":"44630c6c-9098-4d92-b171-fa2f81097452","local_time":"20201230042732","is_ascension_mode":true,"campfire_choices":[{"floor":6,"key":"RECALL"},{"data":"Barricade","floor":13,"key":"SMITH"},{"floor":15,"key":"REST"},{"floor":24,"key":"REST"},{"floor":28,"key":"REST"},{"data":"Life Link","floor":32,"key":"SMITH"},{"floor":45,"key":"REST"},{"floor":47,"key":"REST"},{"floor":49,"key":"REST"}],"circlet_count":0,"master_deck":["Defend_R","Defend_R","Defend_R","Defend_R","Bash+1","ReplayTheSpireMod:Brewmster+1","Sword Boomerang","Barricade+1","Flex","Berserk","Bite","Bite","Bite","Bite","Bite","CommonCold","Life Link+1","Rampage","Replay:Hysterical Blindness","ReplayTheSpireMod:Faulty Equipment","hubris:StunningStrike+1","Whirlwind+1","Run Through","Decay","Corruption","Amnesia","Iron Wave","Shrug It Off","Clash","Panacea","Parasite","Clumsy","Feel No Pain+1"],"relics":["Burning Blood","Du-Vu Doll","Ooze Armor","FossilizedHelix","Ring of Fury","ReplayTheSpireMod:Ring of Collecting","Ornamental Fan","Ring of Greed","Red Mask","MerchantsRug","hubris:Zylophone","Whetstone","Boot","Strange Spoon","Ring of Peace","Smiling Mask","Chemical X"],"acts_visited":["Exordium","TheCity","TheBeyond"],"potions_floor_usage":[1,1,1,1,2,2,4,7,7,7,8,10,10,11,11,11,11,11,12,12,12,14,14,16,16,16,16,16,16,16,16,16,18,18,22,22,23,23,25,25,25,25,29,29,30,33,33,33,35,40,40,40,41,42,48,50,50,50,50,50,50],"damage_taken":[{"damage":15,"enemies":"Jaw Worm","floor":1,"turns":7},{"damage":0,"enemies":"2 Louse","floor":2,"turns":4},{"damage":1,"enemies":"Small Slimes","floor":4,"turns":4},{"damage":17,"enemies":"Gremlin Nob","floor":7,"turns":4},{"damage":18,"enemies":"Blue Slaver","floor":8,"turns":4},{"damage":8,"enemies":"Looter","floor":10,"turns":5},{"damage":18,"enemies":"Replay:BlueRogue","floor":11,"turns":5},{"damage":18,"enemies":"Exordium Wildlife","floor":12,"turns":5},{"damage":11,"enemies":"2 Fungi Beasts","floor":14,"turns":4},{"damage":72,"enemies":"Fading Forest","floor":16,"turns":11},{"damage":28,"enemies":"3 Byrds","floor":18,"turns":5},{"damage":27,"enemies":"2 Thieves","floor":22,"turns":4},{"damage":23,"enemies":"Replay:Snechameleon","floor":23,"turns":3},{"damage":52,"enemies":"Slavers","floor":25,"turns":4},{"damage":22,"enemies":"Masked Bandits","floor":27,"turns":4},{"damage":0,"enemies":"Snecko","floor":29,"turns":4},{"damage":35,"enemies":"Gremlin Leader","floor":30,"turns":8},{"damage":66,"enemies":"Champ","floor":33,"turns":10},{"damage":33,"enemies":"3 Darklings","floor":35,"turns":4},{"damage":42,"enemies":"Giant Head","floor":40,"turns":8},{"damage":0,"enemies":"Orb Walker","floor":41,"turns":2},{"damage":55,"enemies":"Nemesis","floor":42,"turns":6},{"damage":21,"enemies":"Writhing Mass","floor":44,"turns":4},{"damage":22,"enemies":"Spire Growth","floor":48,"turns":4},{"damage":94,"enemies":"Awakened One","floor":50,"turns":7}],"seed_played":"-8007629946928458645","potions_obtained":[{"floor":1,"key":"Fire Potion"},{"floor":10,"key":"FairyPotion"},{"floor":11,"key":"BloodPotion"},{"floor":12,"key":"Explosive Potion"},{"floor":14,"key":"Fire Potion"},{"floor":19,"key":"CultistPotion"},{"floor":19,"key":"Regen Potion"},{"floor":23,"key":"SpeedPotion"},{"floor":27,"key":"DistilledChaos"},{"floor":44,"key":"Dexterity Potion"}],"is_trial":false,"path_per_floor":["M","M","?","M","?","R","E","M","T","M","E","M","R","M","R","B",null,"M","$","?","?","M","E","R","E","T","?","R","M","E","?","R","B",null,"M","$","?","$","$","E","M","E","T","M","R","$","R","M","R","B"],"character_chosen":"IRONCLAD","items_purchased":["Cauldron","FossilizedHelix","MerchantsRug","Brimstone","BargainBundle","hubris:Zylophone","Akabeko","Shrug It Off","Clash","Panacea","Elixir","Whetstone","Boot","Strange Spoon","Chemical X"],"campfire_rested":6,"item_purchase_floors":[19,19,36,36,36,36,36,36,36,36,36,38,38,39,46],"current_hp_per_floor":[63,69,69,72,72,72,61,49,49,49,39,43,43,40,61,14,58,38,38,38,38,43,34,55,19,19,13,34,66,57,64,64,22,60,37,37,37,37,37,9,17,27,27,16,37,37,58,48,69,0,0],"gold":39,"neow_bonus":"RANDOM_COLORLESS_2","is_daily":false,"chose_seed":false,"campfire_upgraded":2,"win_rate":0.0,"timestamp":1609320452,"path_taken":["M","M","?","M","?","R","E","?","T","M","E","M","R","M","R","BOSS","M","$","?","?","M","E","R","E","T","?","R","?","E","?","R","BOSS","M","$","?","?","$","E","?","E","T","?","R","$","R","M","R","BOSS"],"items_purchased_type":["Relic","Relic","Relic","Relic","Relic","Relic","Relic","Card","Card","Card","Potion","Relic","Relic","Relic","Relic"],"build_version":"2020-12-22","purchased_purges":3,"victory":false,"max_hp_per_floor":[72,72,72,72,72,72,72,72,72,72,72,72,72,72,72,72,72,72,72,72,72,72,72,72,72,72,72,72,72,72,72,72,72,72,72,72,72,72,72,72,72,72,72,72,72,72,72,72,72,72,72],"card_choices":[{"not_picked":["Midas Touch","ReplayTheSpireMod:Necrogeddon"],"picked":"ReplayTheSpireMod:Brewmster","floor":0},{"not_picked":["Havoc","Sword Boomerang","Feel No Pain"],"picked":"SKIP","floor":1},{"not_picked":["Anger","Cleave","Burning Pact"],"picked":"SKIP","floor":2},{"not_picked":["Rupture","Flex"],"picked":"Sword Boomerang","floor":4},{"not_picked":["ReplayTheSpireMod:Strike From Hell","Hemokinesis"],"picked":"Barricade","floor":7},{"not_picked":["Replay:Undeath\u0027s Touch","Clothesline","Twin Strike"],"picked":"SKIP","floor":8},{"not_picked":["Twin Strike","Anger","True Grit"],"picked":"SKIP","floor":10},{"not_picked":["Power Through","Cleave","Armaments"],"picked":"SKIP","floor":11},{"not_picked":["Armaments","Wild Strike","ReplayTheSpireMod:LeadingStrike"],"picked":"SKIP","floor":12},{"not_picked":["Brutality","Iron Wave"],"picked":"Flex","floor":14},{"not_picked":["Exhume","Eclipse"],"picked":"Berserk","floor":16},{"not_picked":["Sword Boomerang","Defy Death","Wild Strike+1"],"picked":"SKIP","floor":18},{"not_picked":["Heavy Blade","Twin Strike"],"picked":"Life Link","floor":22},{"not_picked":["Defy Death","Havoc"],"picked":"Rampage","floor":23},{"not_picked":["hubris:ReadiedAction","ReplayTheSpireMod:Muscle Training","Anger"],"picked":"SKIP","floor":25},{"not_picked":["hubris:CleavingFinish+1","Armaments+1"],"picked":"hubris:StunningStrike","floor":27},{"not_picked":["Flame Barrier","ReplayTheSpireMod:Strike From Hell"],"picked":"Whirlwind+1","floor":29},{"not_picked":["Pummel","Clothesline"],"picked":"Run Through","floor":30},{"not_picked":["Eclipse","Feed"],"picked":"Corruption","floor":33},{"not_picked":["hubris:ReadiedAction","Heavy Blade"],"picked":"Iron Wave","floor":35},{"not_picked":["Pommel Strike","Twin Strike","Combust+1"],"picked":"SKIP","floor":40},{"not_picked":["Twin Strike+1","Headbutt+1","Sword Boomerang"],"picked":"SKIP","floor":41},{"not_picked":["Inflame","Heavy Blade"],"picked":"Feel No Pain+1","floor":44},{"not_picked":["Sever Soul","Demonic Infusion","hubris:ReadiedAction"],"picked":"SKIP","floor":48}],"player_experience":437023,"relics_obtained":[{"floor":9,"key":"Blood Vial"},{"floor":11,"key":"Du-Vu Doll"},{"floor":21,"key":"Ring of Fury"},{"floor":21,"key":"ReplayTheSpireMod:Ring of Collecting"},{"floor":25,"key":"Ornamental Fan"},{"floor":26,"key":"Ring of Greed"},{"floor":26,"key":"Old Coin"},{"floor":26,"key":"Replay:Bandana"},{"floor":27,"key":"Red Mask"},{"floor":30,"key":"CeramicFish"},{"floor":40,"key":"Bag of Preparation"},{"floor":43,"key":"Ring of Peace"},{"floor":43,"key":"Smiling Mask"}],"event_choices":[{"damage_healed":0,"gold_gain":0,"player_choice":"Grow","damage_taken":0,"max_hp_gain":0,"max_hp_loss":0,"event_name":"Living Wall","floor":3,"gold_loss":0,"cards_upgraded":["ReplayTheSpireMod:Brewmster"]},{"cards_removed":["Strike_R"],"damage_healed":0,"gold_gain":0,"player_choice":"Card Removal","damage_taken":0,"max_hp_gain":0,"max_hp_loss":0,"event_name":"The Cleric","floor":5,"gold_loss":50},{"damage_healed":0,"gold_gain":0,"player_choice":"Became a vampire (Vial)","damage_taken":0,"max_hp_gain":0,"max_hp_loss":0,"event_name":"Vampires","floor":20,"relics_lost":["Blood Vial"],"gold_loss":0,"cards_obtained":["Bite","Bite","Bite","Bite","Bite"]},{"damage_healed":0,"gold_gain":0,"player_choice":"Fought Bandits","damage_taken":0,"max_hp_gain":0,"max_hp_loss":0,"event_name":"Masked Bandits","floor":27,"gold_loss":0},{"damage_healed":0,"gold_gain":0,"player_choice":"Got Potions","damage_taken":0,"max_hp_gain":0,"max_hp_loss":0,"event_name":"Lab","floor":37,"gold_loss":0}],"is_beta":false,"boss_relics":[{"not_picked":["aspiration:BeakedSkillbook","ChewingGum"],"picked":"Ooze Armor"},{"not_picked":["Philosopher\u0027s Stone","Pandora\u0027s Box"],"picked":"Replay:Wanted Poster"}],"items_purged_floors":[19,36,46],"is_endless":false,"potions_floor_spawned":[1,10,11,12,14,23,27,30,33,44],"killed_by":"Awakened One","ascension_level":6}}