{"host":"ssbj2e5691x5ub3h","time":1609369828,"event":{"mods":["BaseMod","Duelist Mod","Minty Spire (QoL Compilation)","StSLib"],"gold_per_floor":[136,136,149,161,171,200,200,219,219,219,144,158,158,171,171,245,245,264,264,264,264,277,308,321,67,67,79,92,92,92,92,92,166,166,177,187,187,204,220,250,94,125,125,125,140,0,0,0,0,0],"floor_reached":51,"playtime":2700,"items_purged":["theDuelist:CastleWalls"],"score":1488,"play_id":"a48fb867-ed91-4379-a280-fb74c3040546","local_time":"20201230211028","is_ascension_mode":true,"campfire_choices":[{"floor":7,"key":"REST"},{"data":"theDuelist:LonefireBlossom","floor":15,"key":"SMITH"},{"floor":32,"key":"REST"},{"floor":44,"key":"REST"},{"floor":47,"key":"REST"},{"floor":49,"key":"REST"}],"circlet_count":0,"master_deck":["theDuelist:SuperSolarNutrient","theDuelist:AngelTrumpeter","AscendersBane","theDuelist:CactusBouncer","theDuelist:CastleWalls","theDuelist:DarkworldThorns","theDuelist:Inmato","theDuelist:JerryBeansMan+1","theDuelist:JerryBeansMan","theDuelist:Sparks+1","theDuelist:PredaplantSarraceniant","theDuelist:PredaplantPterapenthes","theDuelist:SuperSolarNutrient","theDuelist:SuperSolarNutrient","theDuelist:CactusBouncer","theDuelist:LonefireBlossom+1","theDuelist:VioletCrystal+1","theDuelist:PredaplantChlamydosundew","theDuelist:RevivalRose","theDuelist:Invigoration+1","theDuelist:Inmato+1","theDuelist:PredaplantChimerafflesia","theDuelist:LonefireBlossom","theDuelist:Invigoration+1","theDuelist:PredaplantChlamydosundew","theDuelist:VioletCrystal+1","theDuelist:RevivalRose","theDuelist:RoseWitch+1","theDuelist:VioletCrystal+1","theDuelist:CactusBouncer","theDuelist:TwilightRoseKnight","theDuelist:VioletCrystal+1","theDuelist:BotanicalLion","theDuelist:PredaplantChimerafflesia+1","Pain"],"relics":["theDuelist:MillenniumPuzzle","theDuelist:CardPoolRelic","theDuelist:CardPoolBasicRelic","theDuelist:BoosterPackPoolRelic","theDuelist:CardPoolAddRelic","theDuelist:CardPoolMinusRelic","theDuelist:CardPoolSaveRelic","theDuelist:CardPoolOptionsRelic","theDuelist:BoosterPackSpellEgg","Incense Burner","Cursed Key","theDuelist:CursedHealer","White Beast Statue","Bottled Tornado","Fusion Hammer","theDuelist:YugiMirror","Mercury Hourglass","Lantern","Bird Faced Urn","theDuelist:MillenniumPeriapt","Red Mask"],"acts_visited":["Exordium","TheCity","TheBeyond"],"potions_floor_usage":[5,23,28,36,38,40,50,50],"damage_taken":[{"damage":2,"enemies":"2 Louse","floor":1,"turns":2},{"damage":6,"enemies":"Cultist","floor":3,"turns":5},{"damage":6,"enemies":"Jaw Worm","floor":4,"turns":2},{"damage":10,"enemies":"Red Slaver","floor":5,"turns":3},{"damage":13,"enemies":"Lagavulin","floor":6,"turns":5},{"damage":4,"enemies":"Exordium Thugs","floor":8,"turns":5},{"damage":3,"enemies":"3 Louse","floor":12,"turns":2},{"damage":13,"enemies":"Large Slime","floor":14,"turns":5},{"damage":0,"enemies":"The Guardian","floor":16,"turns":5},{"damage":0,"enemies":"Spheric Guardian","floor":18,"turns":3},{"damage":1,"enemies":"Shell Parasite","floor":22,"turns":4},{"damage":14,"enemies":"Book of Stabbing","floor":23,"turns":5},{"damage":0,"enemies":"Chosen and Byrds","floor":24,"turns":4},{"damage":12,"enemies":"Cultist and Chosen","floor":27,"turns":2},{"damage":0,"enemies":"Snake Plant","floor":28,"turns":4},{"damage":16,"enemies":"Champ","floor":33,"turns":5},{"damage":0,"enemies":"Orb Walker","floor":35,"turns":3},{"damage":2,"enemies":"3 Darklings","floor":36,"turns":3},{"damage":0,"enemies":"Maw","floor":38,"turns":4},{"damage":3,"enemies":"Jaw Worm Horde","floor":39,"turns":2},{"damage":0,"enemies":"Reptomancer","floor":40,"turns":4},{"damage":13,"enemies":"Giant Head","floor":42,"turns":4},{"damage":0,"enemies":"Writhing Mass","floor":45,"turns":4},{"damage":40,"enemies":"Time Eater","floor":50,"turns":7}],"seed_played":"-605826878161474041","potions_obtained":[{"floor":1,"key":"Weak Potion"},{"floor":3,"key":"theDuelist:TributeBottle"},{"floor":14,"key":"theDuelist:MillenniumElixir"},{"floor":16,"key":"theDuelist:FusionPotion"},{"floor":24,"key":"theDuelist:StunPotion"},{"floor":28,"key":"theDuelist:TokenPotionB"},{"floor":35,"key":"LiquidMemories"},{"floor":36,"key":"theDuelist:BurningPotion"},{"floor":38,"key":"Swift Potion"},{"floor":39,"key":"theDuelist:FreezingPotion"},{"floor":40,"key":"theDuelist:OrbBottle"}],"is_trial":false,"path_per_floor":["M","?","M","M","M","E","R","M","T","?","$","M","T","M","R","B",null,"M","?","?","?","M","E","M","$","T","M","M","?","?","?","R","B",null,"M","M","?","M","M","E","$","E","T","R","M","?","R","?","R","B",null],"character_chosen":"THE_DUELIST","items_purchased":["Bottled Tornado","Lantern"],"campfire_rested":5,"item_purchase_floors":[25,41],"current_hp_per_floor":[61,61,55,49,39,26,47,43,43,70,70,67,67,54,54,54,66,66,70,70,70,69,55,55,55,55,43,43,43,43,43,64,48,65,65,63,55,55,52,52,52,39,39,60,64,64,70,70,70,36],"gold":0,"neow_bonus":"ONE_RANDOM_RARE_CARD","is_daily":false,"chose_seed":false,"campfire_upgraded":1,"win_rate":0.0,"timestamp":1609369828,"path_taken":["M","?","?","M","M","E","R","M","T","?","$","?","?","M","R","BOSS","M","?","?","?","M","E","M","$","T","M","?","?","?","?","R","BOSS","M","M","?","?","M","E","$","E","T","R","M","?","R","?","R","BOSS"],"items_purchased_type":["Relic","Relic"],"build_version":"2020-12-22","purchased_purges":1,"victory":true,"max_hp_per_floor":[70,70,70,70,70,70,70,70,70,70,70,70,70,70,70,70,70,70,70,70,70,70,70,70,70,70,70,70,70,70,70,70,70,70,70,70,70,70,70,70,70,70,70,70,70,70,70,70,70,70],"card_choices":[{"not_picked":["theDuelist:JerryBeansMan","theDuelist:SilverApples","theDuelist:PredaplantFlytrap","theDuelist:SangaEarth"],"picked":"theDuelist:PredaplantPterapenthes","floor":1},{"not_picked":[],"picked":"theDuelist:SuperSolarNutrient","floor":3},{"not_picked":["theDuelist:CactusBouncer","theDuelist:WhiteRoseDragon","theDuelist:CheerfulCoffin","theDuelist:Firegrass"],"picked":"theDuelist:WormApocalypse","floor":4},{"not_picked":["theDuelist:BotanicalLion","theDuelist:JerryBeansMan","theDuelist:PredaplantPterapenthes","theDuelist:Predaponics"],"picked":"theDuelist:SuperSolarNutrient","floor":5},{"not_picked":["theDuelist:WorldCarrot","theDuelist:Spore","theDuelist:Firegrass","theDuelist:AngelTrumpeter"],"picked":"theDuelist:CactusBouncer","floor":6},{"not_picked":["theDuelist:BotanicalLion","theDuelist:JerryBeansMan","theDuelist:WhiteRoseDragon","theDuelist:FallenAngelRoses"],"picked":"theDuelist:LonefireBlossom","floor":8},{"not_picked":["theDuelist:WorldTree+1","theDuelist:BloomingDarkestRose","theDuelist:SplendidRose"],"picked":"theDuelist:VioletCrystal+1","floor":12},{"not_picked":["theDuelist:BotanicalLion","theDuelist:JerryBeansMan","theDuelist:Firegrass","theDuelist:WitchBlackRose"],"picked":"theDuelist:PredaplantChlamydosundew","floor":14},{"not_picked":["theDuelist:PlantFoodChain","theDuelist:KamionTimelord","theDuelist:BlossomBombardment","theDuelist:Gigaplant"],"picked":"theDuelist:RevivalRose","floor":16},{"not_picked":["theDuelist:BotanicalLion","theDuelist:SilverApples","theDuelist:WormApocalypse","theDuelist:CheerfulCoffin+1"],"picked":"theDuelist:Invigoration+1","floor":18},{"not_picked":["theDuelist:BotanicalLion","theDuelist:DarkworldThorns","theDuelist:PredaplantPterapenthes","theDuelist:PredaplantDrosophyllum"],"picked":"theDuelist:Inmato+1","floor":22},{"not_picked":["theDuelist:SeedCannon+1","theDuelist:BlackRoseMoonlight"],"picked":"theDuelist:PredaplantChimerafflesia","floor":23},{"not_picked":["theDuelist:CactusBouncer","theDuelist:SilverApples","theDuelist:BotanicalLion","theDuelist:RosePaladin"],"picked":"theDuelist:LonefireBlossom","floor":24},{"not_picked":["theDuelist:CactusBouncer","theDuelist:Inmato","theDuelist:Spore","theDuelist:CheerfulCoffin+1"],"picked":"theDuelist:Invigoration+1","floor":27},{"not_picked":["theDuelist:CactusBouncer","theDuelist:JerryBeansMan","theDuelist:PredaplantPterapenthes","theDuelist:Firegrass"],"picked":"theDuelist:PredaplantChlamydosundew","floor":28},{"not_picked":["theDuelist:SeedCannon+1","theDuelist:KamionTimelord+1","theDuelist:HeartUnderdog+1","theDuelist:BlackRoseMoonlight"],"picked":"theDuelist:RevivalRose","floor":33},{"not_picked":["theDuelist:BotanicalLion+1","theDuelist:CactusBouncer","theDuelist:DarkworldThorns+1","theDuelist:PredaplantFlytrap"],"picked":"theDuelist:RoseWitch+1","floor":35},{"not_picked":["theDuelist:WorldTree+1","theDuelist:BloomingDarkestRose","theDuelist:SplendidRose"],"picked":"theDuelist:VioletCrystal+1","floor":36},{"not_picked":["theDuelist:SangaEarth","theDuelist:QueenAngelRoses","theDuelist:BotanicalGirl","theDuelist:Gigaplant"],"picked":"theDuelist:TwilightRoseKnight","floor":38},{"not_picked":["theDuelist:WorldTree+2","theDuelist:BloomingDarkestRose+1","theDuelist:SplendidRose"],"picked":"theDuelist:VioletCrystal+1","floor":39},{"not_picked":["theDuelist:MiracleFertilizer+1","theDuelist:BirdRoses","theDuelist:BotanicalGirl+1","theDuelist:PotDuality+1"],"picked":"theDuelist:BotanicalLion","floor":40},{"not_picked":["theDuelist:KamionTimelord","theDuelist:BlossomBombardment","theDuelist:HeartUnderdog+1","theDuelist:BeastFangs+1"],"picked":"theDuelist:PredaplantChimerafflesia+1","floor":42},{"not_picked":["theDuelist:CactusBouncer","theDuelist:JerryBeansMan","theDuelist:MudGolem","theDuelist:SangaEarth","theDuelist:WorldCarrot"],"picked":"SKIP","floor":45}],"player_experience":284739,"relics_obtained":[{"floor":6,"key":"Whetstone"},{"floor":9,"key":"theDuelist:BoosterPackSpellEgg"},{"floor":13,"key":"Incense Burner"},{"floor":23,"key":"White Beast Statue"},{"floor":40,"key":"Mercury Hourglass"},{"floor":42,"key":"Bird Faced Urn"},{"floor":43,"key":"theDuelist:MillenniumPeriapt"}],"event_choices":[{"damage_healed":0,"gold_gain":0,"player_choice":"Traded Sparks for Super Solar Nutrient","duelist":true,"damage_taken":0,"max_hp_gain":0,"max_hp_loss":0,"event_name":"Card Trader","floor":2,"gold_loss":0},{"damage_healed":27,"gold_gain":0,"player_choice":"Full Heal","damage_taken":0,"max_hp_gain":0,"max_hp_loss":0,"event_name":"Wheel of Change","floor":10,"gold_loss":0},{"damage_healed":0,"gold_gain":0,"player_choice":"Succumb - +25HP/Cursed Relic","duelist":true,"damage_taken":0,"max_hp_gain":0,"max_hp_loss":0,"event_name":"Tomb of the Nameless","floor":19,"gold_loss":0},{"damage_healed":0,"gold_gain":0,"player_choice":"Leave","duelist":true,"damage_taken":0,"max_hp_gain":0,"max_hp_loss":0,"event_name":"Egyptian Village","floor":20,"gold_loss":0},{"damage_healed":0,"gold_gain":0,"player_choice":"Scored: 943","duelist":true,"damage_taken":0,"max_hp_gain":0,"max_hp_loss":0,"event_name":"Visit from Anubis","floor":21,"gold_loss":0},{"damage_healed":0,"gold_gain":0,"player_choice":"Leave","duelist":true,"damage_taken":0,"max_hp_gain":0,"max_hp_loss":0,"event_name":"Relic Duplicator","floor":29,"gold_loss":0},{"damage_healed":0,"gold_gain":0,"player_choice":"Leave","duelist":true,"damage_taken":0,"max_hp_gain":0,"max_hp_loss":0,"event_name":"Card Trader","floor":30,"gold_loss":0},{"damage_healed":0,"gold_gain":0,"player_choice":"Copied","damage_taken":0,"max_hp_gain":0,"max_hp_loss":0,"event_name":"Duplicator","floor":31,"gold_loss":0,"cards_obtained":["theDuelist:VioletCrystal"]},{"damage_healed":0,"gold_gain":0,"player_choice":"Dig - random Duelist relic","duelist":true,"damage_taken":0,"max_hp_gain":0,"max_hp_loss":0,"event_name":"Aknamkanon\u0027s Tomb","floor":37,"gold_loss":0},{"damage_healed":0,"gold_gain":0,"player_choice":"Paid","damage_taken":0,"relics_obtained":["Red Mask"],"max_hp_gain":0,"max_hp_loss":0,"event_name":"Tomb of Lord Red Mask","floor":46,"gold_loss":140},{"cards_removed":["theDuelist:WormApocalypse"],"damage_healed":0,"gold_gain":0,"player_choice":"Removed Skill","damage_taken":0,"max_hp_gain":0,"max_hp_loss":0,"event_name":"Falling","floor":48,"gold_loss":0}],"is_beta":false,"boss_relics":[{"not_picked":["theDuelist:ElectricKey","Astrolabe"],"picked":"Cursed Key"},{"not_picked":["Velvet Choker","theDuelist:GamblerChip"],"picked":"Fusion Hammer"}],"items_purged_floors":[11],"is_endless":false,"potions_floor_spawned":[1,3,14,16,22,24,27,28,33,35,36,38,39,40,42,45],"ascension_level":15}}