{"host":"vpxex9ryma3s0oll","time":1609359116,"event":{"mods":["AchievementEnabler","BaseMod","Bestiary","Minty Spire (QoL Compilation)","Quick Restart","Shop Mod","StSLib"],"gold_per_floor":[115,115,115,130,154,492,511,554,554,181,202,202,225,245,245,364,364,377,400,150,165,40,40,40,40],"floor_reached":24,"playtime":1376,"items_purged":["Defend_P","Strike_P","Defend_P"],"score":242,"play_id":"1ecb663c-16b3-4656-88c6-3634d6df133a","local_time":"20201230151156","is_ascension_mode":true,"campfire_choices":[{"floor":12.0,"key":"REST"},{"data":"Vault","floor":15.0,"key":"SMITH"},{"data":"Blasphemy","floor":23,"key":"SMITH"}],"circlet_count":0,"master_deck":["Strike_P","Strike_P","Strike_P","Defend_P","Defend_P+1","Eruption","Vigilance","ThirdEye","CutThroughFate","FearNoEvil","ReachHeaven","Vault+1","CutThroughFate","DeceiveReality","Weave","Protect","LessonLearned","Wireheading","Crescendo","Blasphemy+1","SashWhip+1"],"relics":["PureWater","Golden Idol","Old Coin","Nunchaku","Anchor","Ginger","Cursed Key"],"acts_visited":["Exordium","TheCity"],"potions_floor_usage":[],"damage_taken":[{"damage":2.0,"enemies":"Small Slimes","floor":1.0,"turns":4.0},{"damage":0.0,"enemies":"2 Louse","floor":4.0,"turns":3.0},{"damage":0.0,"enemies":"Jaw Worm","floor":5.0,"turns":2.0},{"damage":19.0,"enemies":"Gremlin Nob","floor":6.0,"turns":4.0},{"damage":0.0,"enemies":"Exordium Wildlife","floor":7.0,"turns":3.0},{"damage":29.0,"enemies":"3 Sentries","floor":8.0,"turns":12.0},{"damage":7.0,"enemies":"Lots of Slimes","floor":11.0,"turns":4.0},{"damage":0.0,"enemies":"Exordium Thugs","floor":13.0,"turns":5.0},{"damage":0.0,"enemies":"Gremlin Gang","floor":14.0,"turns":6.0},{"damage":13.0,"enemies":"Hexaghost","floor":16.0,"turns":5.0},{"damage":12.0,"enemies":"2 Thieves","floor":18.0,"turns":2.0},{"damage":2.0,"enemies":"Chosen","floor":19.0,"turns":4.0},{"damage":13,"enemies":"Snecko","floor":21,"turns":6},{"damage":100022,"enemies":"Shelled Parasite and Fungi","floor":24,"turns":5}],"seed_played":"-4298893804488797129","potions_obtained":[{"floor":5.0,"key":"Energy Potion"},{"floor":7.0,"key":"Strength Potion"},{"floor":11.0,"key":"Swift Potion"},{"floor":13.0,"key":"BottledMiracle"},{"floor":16.0,"key":"SteroidPotion"},{"floor":21,"key":"FearPotion"}],"is_trial":false,"path_per_floor":["M","?","?","M","M","E","M","E","T","$","M","R","M","M","R","B",null,"M","M","$","M","$","R","M"],"character_chosen":"WATCHER","items_purchased":["Ginger","Blasphemy"],"campfire_rested":1,"item_purchase_floors":[10,20],"current_hp_per_floor":[77,58,58,58,58,39,39,10,10,10,3,26,26,26,26,13,79,67,65,65,52,52,52,0,0],"gold":40,"neow_bonus":"TEN_PERCENT_HP_BONUS","is_daily":false,"chose_seed":false,"campfire_upgraded":2,"win_rate":0.0,"timestamp":1609359116,"path_taken":["M","?","?","M","M","E","M","E","T","?","?","R","M","M","R","BOSS","M","M","$","M","?","R","M"],"items_purchased_type":["Relic","Card"],"build_version":"2020-12-22","purchased_purges":3,"victory":false,"max_hp_per_floor":[79,79,79,79,79,79,79,79,79,79,79,79,79,79,79,79,79,79,79,79,79,79,79,79,79],"card_choices":[{"not_picked":["FlurryOfBlows","Prostrate"],"picked":"ThirdEye","floor":1.0},{"not_picked":["ThirdEye","EmptyBody"],"picked":"CutThroughFate","floor":4.0},{"not_picked":["Indignation","Swivel"],"picked":"FearNoEvil","floor":5.0},{"not_picked":["Prostrate","FlurryOfBlows"],"picked":"ReachHeaven","floor":6.0},{"not_picked":["Meditate","FollowUp"],"picked":"Vault","floor":7.0},{"not_picked":["PathToVictory","Swivel"],"picked":"CutThroughFate","floor":8.0},{"not_picked":["ThirdEye","FlyingSleeves"],"picked":"DeceiveReality","floor":11.0},{"not_picked":["ThirdEye","PathToVictory"],"picked":"Weave","floor":13.0},{"not_picked":["EmptyFist","CrushJoints"],"picked":"Protect","floor":14.0},{"not_picked":["SpiritShield","Establishment"],"picked":"LessonLearned","floor":16.0},{"not_picked":["Prostrate","Consecrate"],"picked":"Wireheading","floor":18.0},{"not_picked":["LikeWater","FollowUp"],"picked":"Crescendo","floor":19.0},{"not_picked":["Worship","Swivel"],"picked":"SashWhip+1","floor":21}],"player_experience":58430,"relics_obtained":[{"floor":6.0,"key":"Old Coin"},{"floor":8.0,"key":"Nunchaku"},{"floor":9.0,"key":"Anchor"}],"event_choices":[{"damage_healed":0.0,"max_hp_gain":0.0,"max_hp_loss":0.0,"gold_gain":0.0,"event_name":"Golden Idol","player_choice":"Take Damage","floor":2.0,"gold_loss":0.0,"damage_taken":19.0,"relics_obtained":["Golden Idol"]},{"damage_healed":0.0,"max_hp_gain":0.0,"max_hp_loss":0.0,"gold_gain":0.0,"event_name":"Liars Game","player_choice":"Ignored","floor":3.0,"gold_loss":0.0,"damage_taken":0.0}],"is_beta":false,"boss_relics":[{"not_picked":["Coffee Dripper","Fusion Hammer"],"picked":"Cursed Key"}],"items_purged_floors":[10,20,22],"is_endless":false,"potions_floor_spawned":[5,7,11,13,16,21],"killed_by":"Shelled Parasite and Fungi","ascension_level":3}}