{"host":"dpbezu80jg8zk7un","time":1609303728,"event":{"mods":["BaseMod","Colored Map","Colored Powertips","Custom Start","DeckTracker","Minty Spire (QoL Compilation)","Quick Restart","StSLib","SuperFastMode"],"gold_per_floor":[19,38,57,57,77,108,125,50,75,91,91,91,110,137,137,211,211,228,243,255,255,285,285,285],"floor_reached":23,"playtime":694,"items_purged":["Strike_P"],"score":410,"play_id":"47ad9c89-1505-4658-9ca8-3f8144f1821e","local_time":"20201230134848","is_ascension_mode":true,"campfire_choices":[{"data":"Adaptation","floor":12.0,"key":"SMITH"},{"floor":15.0,"key":"RECALL"}],"circlet_count":0,"master_deck":["AscendersBane","Strike_P+1","Strike_P+1","Defend_P+1","Defend_P+1","Defend_P+1","Eruption+1","Vigilance+1","LessonLearned+1","FearNoEvil+1","Adaptation+1","MentalFortress+1"],"relics":["PureWater","TeardropLocket","Omamori","Smiling Mask","Dream Catcher","Cursed Key","Red Mask"],"acts_visited":["Exordium","TheCity"],"potions_floor_usage":[20],"damage_taken":[{"damage":0.0,"enemies":"Cultist","floor":1.0,"turns":2.0},{"damage":2.0,"enemies":"Jaw Worm","floor":2.0,"turns":3.0},{"damage":0.0,"enemies":"Small Slimes","floor":3.0,"turns":2.0},{"damage":8.0,"enemies":"Blue Slaver","floor":5.0,"turns":3.0},{"damage":22.0,"enemies":"Lagavulin","floor":6.0,"turns":6.0},{"damage":5.0,"enemies":"Large Slime","floor":7.0,"turns":5.0},{"damage":0.0,"enemies":"3 Louse","floor":10.0,"turns":2.0},{"damage":4.0,"enemies":"Exordium Thugs","floor":13.0,"turns":2.0},{"damage":11.0,"enemies":"Gremlin Nob","floor":14.0,"turns":3.0},{"damage":11.0,"enemies":"The Guardian","floor":16.0,"turns":12.0},{"damage":0.0,"enemies":"Spheric Guardian","floor":18.0,"turns":2.0},{"damage":9.0,"enemies":"Shell Parasite","floor":19.0,"turns":4.0},{"damage":15,"enemies":"Centurion and Healer","floor":20,"turns":6},{"damage":13,"enemies":"Masked Bandits","floor":22,"turns":5},{"damage":8,"enemies":"Slavers","floor":23,"turns":1}],"seed_played":"-8208973109767440467","potions_obtained":[{"floor":1.0,"key":"Weak Potion"},{"floor":5.0,"key":"PowerPotion"},{"floor":13.0,"key":"SkillPotion"},{"floor":18.0,"key":"ColorlessPotion"},{"floor":22,"key":"FearPotion"}],"is_trial":false,"path_per_floor":["M","M","M","?","M","E","M","$","T","M","?","R","M","E","R","B",null,"M","M","M","?","?","E"],"character_chosen":"WATCHER","items_purchased":[],"campfire_rested":0,"item_purchase_floors":[],"current_hp_per_floor":[61,59,59,59,51,29,24,24,24,24,68,68,64,53,53,42,62,62,53,38,19,6,0,0],"gold":285,"neow_bonus":"TRANSFORM_TWO_CARDS","is_daily":false,"chose_seed":false,"campfire_upgraded":1,"win_rate":0.0,"timestamp":1609303728,"path_taken":["M","?","M","?","M","E","M","$","T","?","?","R","M","E","R","BOSS","M","?","?","?","?","E"],"items_purchased_type":[],"build_version":"2020-12-22","purchased_purges":1,"victory":false,"max_hp_per_floor":[68,68,68,68,68,68,68,68,68,68,68,68,68,68,68,68,68,68,68,68,73,73,73,73],"card_choices":[{"not_picked":["WindmillStrike","Crescendo","Consecrate"],"picked":"SKIP","floor":1.0},{"not_picked":["FollowUp","Halt"],"picked":"FearNoEvil","floor":2.0},{"not_picked":["Omniscience","Indignation","Consecrate"],"picked":"SKIP","floor":3.0},{"not_picked":["Conclude","JustLucky"],"picked":"Adaptation","floor":5.0},{"not_picked":["FollowUp","FlyingSleeves","ThirdEye"],"picked":"SKIP","floor":6.0},{"not_picked":["EmptyFist","Wallop","BowlingBash"],"picked":"SKIP","floor":7.0},{"not_picked":["ClearTheMind","CutThroughFate","Protect"],"picked":"SKIP","floor":10.0},{"not_picked":["DeceiveReality","FearNoEvil","Crescendo"],"picked":"SKIP","floor":13.0},{"not_picked":["WheelKick","ThirdEye","EmptyBody"],"picked":"SKIP","floor":14.0},{"not_picked":["BowlingBash","Meditate","LikeWater"],"picked":"SKIP","floor":18.0},{"not_picked":["WreathOfFlame","Prostrate","Weave"],"picked":"SKIP","floor":19.0},{"not_picked":["Consecrate","FlurryOfBlows","Conclude"],"picked":"SKIP","floor":20},{"not_picked":["ThirdEye","EmptyMind"],"picked":"MentalFortress+1","floor":22}],"player_experience":2803938,"relics_obtained":[{"floor":6.0,"key":"Omamori"},{"floor":9.0,"key":"Smiling Mask"},{"floor":14.0,"key":"Dream Catcher"},{"floor":22,"key":"Red Mask"}],"event_choices":[{"damage_healed":0.0,"max_hp_gain":0.0,"max_hp_loss":0.0,"gold_gain":0.0,"event_name":"WeMeetAgain","player_choice":"Gave Potion","floor":4.0,"gold_loss":0.0,"damage_taken":0.0,"relics_obtained":["TeardropLocket"]},{"cards_removed":["SignatureMove"],"damage_healed":44.0,"max_hp_gain":0.0,"max_hp_loss":0.0,"gold_gain":0.0,"event_name":"Bonfire Elementals","player_choice":"Offered Uncommon","floor":11.0,"gold_loss":0.0,"damage_taken":0.0},{"damage_healed":0,"gold_gain":0,"player_choice":"Shed Blood","damage_taken":24,"max_hp_gain":5,"max_hp_loss":0,"event_name":"Forgotten Altar","floor":21,"gold_loss":0},{"damage_healed":0,"gold_gain":0,"player_choice":"Fought Bandits","damage_taken":0,"max_hp_gain":0,"max_hp_loss":0,"event_name":"Masked Bandits","floor":22,"gold_loss":0}],"is_beta":false,"boss_relics":[{"not_picked":["Runic Dome","Philosopher\u0027s Stone"],"picked":"Cursed Key"}],"items_purged_floors":[8],"is_endless":false,"potions_floor_spawned":[1,5,13,14,18,22],"killed_by":"Slavers","ascension_level":20}}