{"host":"16je3t89sok2dgub","time":1609369006,"event":{"mods":["BaseMod","Better Altar","Better Match","Better Sensory Stone","Better Skull","Better Third Choice","Colored Map","Downfall","Hermit","Minty Spire (QoL Compilation)","Permanent Neow","Relic Stats","StSLib","The Mystic","The Poker Player","Trackpad"],"gold_per_floor":[99,116,116,116,165,195,269,110,141,141,141,152,171,181,196,293,293,293,311,51,69,89,89,89,89,89,89,103,41,41,60,71,170,170,170,181,194,194,239,251,251,281,281,56,67,67,67,67,83,83,83,83,83],"floor_reached":52,"playtime":2114,"items_purged":["Regret","Strike_P"],"score":752,"play_id":"b38b432c-d9f1-47f9-9853-fd9dd2fc1a84","local_time":"20201230165646","daily_mods":["Heirloom","Time Dilation","Flight","Elite Swarm","Lethality"],"is_ascension_mode":true,"campfire_choices":[{"data":"Eruption","floor":1,"key":"SMITH"},{"data":"ConjureBlade","floor":10,"key":"SMITH"},{"data":"1","floor":11,"key":"LIFT"},{"data":"2","floor":18,"key":"LIFT"},{"floor":26,"key":"REST"},{"data":"3","floor":27,"key":"LIFT"},{"floor":30,"key":"REST"},{"floor":35,"key":"RECALL"},{"floor":44,"key":"REST"},{"data":"Perseverance","floor":47,"key":"SMITH"}],"circlet_count":0,"master_deck":["Strike_P+1","Strike_P","Strike_P+1","Defend_P+1","Defend_P+1","Defend_P","Defend_P+1","Eruption+1","Vigilance+1","FlyingSleeves+1","Metamorphosis+1","LessonLearned+1","Crescendo+1","Wireheading","ConjureBlade+1","TalkToTheHand+1","FlurryOfBlows+1","DeusExMachina+1","Evaluate","EmptyBody","Perseverance+1","Tantrum+1","expansioncontent:DarkVoid","Slimebound:Icky"],"relics":["PureWater","Girya","MealTicket","StoneCalendar","Yang","Centennial Puzzle","Cursed Key","Strawberry","trackpad:IceCube","Bottled Lightning","sneckomod:SneckoTalon","Eternal Feather","downfall:HeartBlessingRed","downfall:HeartBlessingGreen","downfall:HeartBlessingBlue"],"acts_visited":["Exordium","TheCity","TheBeyond","TheEnding"],"potions_floor_usage":[16,23,42,52],"damage_taken":[{"damage":6,"enemies":"Small Slimes","floor":2,"turns":4},{"damage":14,"enemies":"Gremlin Nob","floor":6,"turns":3},{"damage":19,"enemies":"downfall:FleeingMerchant","floor":8,"turns":4},{"damage":0,"enemies":"Lagavulin","floor":9,"turns":3},{"damage":4,"enemies":"2 Louse","floor":12,"turns":2},{"damage":2,"enemies":"Jaw Worm","floor":13,"turns":3},{"damage":0,"enemies":"Exordium Wildlife","floor":14,"turns":2},{"damage":17,"enemies":"Gremlin Gang","floor":15,"turns":3},{"damage":13,"enemies":"downfall:Watcher","floor":16,"turns":5},{"damage":16,"enemies":"Chosen","floor":19,"turns":2},{"damage":30,"enemies":"downfall:FleeingMerchant","floor":20,"turns":4},{"damage":12,"enemies":"Snecko","floor":21,"turns":4},{"damage":19,"enemies":"Shelled Parasite and Fungi","floor":22,"turns":5},{"damage":0,"enemies":"Snake Plant","floor":23,"turns":1},{"damage":7,"enemies":"Cultist and Chosen","floor":28,"turns":5},{"damage":0,"enemies":"downfall:FleeingMerchant","floor":29,"turns":2},{"damage":4,"enemies":"Centurion and Healer","floor":31,"turns":3},{"damage":10,"enemies":"Snake Plant","floor":32,"turns":3},{"damage":22,"enemies":"downfall:Silent","floor":33,"turns":5},{"damage":18,"enemies":"3 Darklings","floor":36,"turns":4},{"damage":7,"enemies":"3 Shapes","floor":37,"turns":4},{"damage":3,"enemies":"Jaw Worm Horde","floor":40,"turns":3},{"damage":47,"enemies":"Reptomancer","floor":42,"turns":7},{"damage":21,"enemies":"Sphere and 2 Shapes","floor":45,"turns":4},{"damage":1,"enemies":"3 Darklings","floor":49,"turns":4},{"damage":38,"enemies":"downfall:Ironclad","floor":50,"turns":6},{"damage":97,"enemies":"downfall:CharBossMerchant","floor":52,"turns":7}],"seed_played":"1617796774320103688","potions_obtained":[{"floor":2,"key":"Energy Potion"},{"floor":12,"key":"Strength Potion"},{"floor":14,"key":"StancePotion"},{"floor":22,"key":"SmokeBomb"},{"floor":31,"key":"BottledMiracle"},{"floor":42,"key":"Dexterity Potion"}],"is_trial":true,"path_per_floor":["R","M","?","?","T","E","T","$","E","R","R","M","M","M","M","B",null,"R","M","$","M","M","M","T","?","R","R","M","$","R","M","M","B",null,"R","M","M","?","T","M","T","E","$","R","M","?","R","$","M","B",null,"E"],"character_chosen":"WATCHER","items_purchased":["Wireheading","Strawberry","trackpad:IceCube","Bottled Lightning"],"campfire_rested":3,"item_purchase_floors":[8,20,29,29],"current_hp_per_floor":[72,66,66,66,66,52,52,48,48,48,48,44,42,42,25,12,72,72,56,48,36,17,17,17,17,40,40,33,48,71,67,57,35,79,79,61,54,54,54,51,51,4,19,67,46,46,58,73,72,34,89,0,0],"gold":83,"neow_bonus":"","is_daily":false,"chose_seed":false,"campfire_upgraded":3,"win_rate":0.0,"timestamp":1609369006,"path_taken":["R","M","?","?","?","E","T","$","E","R","R","?","M","M","M","BOSS","R","M","$","M","M","?","T","?","R","R","M","$","R","M","M","BOSS","R","M","M","?","?","M","T","E","$","R","?","?","R","$","M","BOSS","E"],"items_purchased_type":["Card","Relic","Relic","Relic"],"build_version":"2020-12-22","purchased_purges":2,"victory":false,"max_hp_per_floor":[72,72,72,72,72,72,72,72,72,72,72,72,72,72,72,72,72,72,72,79,79,79,79,79,79,79,79,79,79,79,79,79,79,79,79,79,79,79,79,79,79,79,79,89,89,89,89,89,89,89,89,89,89],"relic_stats":{"Centennial Puzzle":[61],"counters":[27,102],"MealTicket":75,"StoneCalendar":[51],"Yang":[186],"Eternal Feather":24,"Cursed Key":1,"obtain_stats":[{"Girya":0,"trackpad:IceCube":29,"downfall:HeartBlessingRed":44,"StoneCalendar":6,"Yang":7,"Eternal Feather":42,"downfall:HeartBlessingGreen":44,"Cursed Key":17,"sneckomod:SneckoTalon":34,"Centennial Puzzle":9,"downfall:HeartBlessingBlue":44,"Strawberry":20,"MealTicket":5,"Bottled Lightning":29,"PureWater":0},{"Girya":0,"trackpad:IceCube":16,"downfall:HeartBlessingRed":23,"StoneCalendar":2,"Yang":2,"Eternal Feather":23,"downfall:HeartBlessingGreen":23,"Cursed Key":9,"sneckomod:SneckoTalon":19,"Centennial Puzzle":4,"downfall:HeartBlessingBlue":23,"Strawberry":11,"MealTicket":1,"Bottled Lightning":16,"PureWater":0},{"Girya":0,"trackpad:IceCube":52,"downfall:HeartBlessingRed":81,"StoneCalendar":7,"Yang":7,"Eternal Feather":81,"downfall:HeartBlessingGreen":81,"Cursed Key":29,"sneckomod:SneckoTalon":63,"Centennial Puzzle":14,"downfall:HeartBlessingBlue":81,"Strawberry":35,"MealTicket":4,"Bottled Lightning":52,"PureWater":0}]},"card_choices":[{"not_picked":["WindmillStrike","Fasting2"],"picked":"FlyingSleeves","floor":2},{"not_picked":["Violence","expansioncontent:Flail"],"picked":"Metamorphosis","floor":4},{"not_picked":["Devotion","Brilliance"],"picked":"LessonLearned","floor":6},{"not_picked":["WindmillStrike","FlyingSleeves"],"picked":"Crescendo","floor":8},{"not_picked":["Scrawl","Alpha"],"picked":"ConjureBlade","floor":9},{"not_picked":["FlyingSleeves","CrushJoints","Vengeance"],"picked":"SKIP","floor":12},{"not_picked":["Consecrate","Perseverance"],"picked":"TalkToTheHand","floor":13},{"not_picked":["Consecrate","BowlingBash"],"picked":"FlurryOfBlows","floor":14},{"not_picked":["InnerPeace","Evaluate","WreathOfFlame"],"picked":"SKIP","floor":15},{"not_picked":["ConjureBlade","Devotion"],"picked":"DeusExMachina","floor":16},{"not_picked":["Adaptation","CrushJoints","Evaluate"],"picked":"SKIP","floor":19},{"not_picked":["Adaptation","CrushJoints"],"picked":"Evaluate","floor":19},{"not_picked":["WreathOfFlame+1","BowlingBash+1"],"picked":"EmptyBody","floor":20},{"not_picked":["Fasting2","WaveOfTheHand","FlyingSleeves"],"picked":"SKIP","floor":21},{"not_picked":["Evaluate","Prostrate","Weave"],"picked":"SKIP","floor":22},{"not_picked":["Consecrate","Evaluate+1","FollowUp"],"picked":"SKIP","floor":28},{"not_picked":["Judgement","PathToVictory","Swivel+1"],"picked":"SKIP","floor":29},{"not_picked":["ThirdEye","WaveOfTheHand+1"],"picked":"Perseverance","floor":31},{"not_picked":["CutThroughFate+1","EmptyFist","ThirdEye"],"picked":"SKIP","floor":32},{"not_picked":["FollowUp+1","Prostrate+1","WreathOfFlame+1"],"picked":"SKIP","floor":36},{"not_picked":["FollowUp+1","CutThroughFate+1"],"picked":"Tantrum+1","floor":37},{"not_picked":["expansioncontent:Chronoboost","expansioncontent:Sear"],"picked":"expansioncontent:DarkVoid","floor":38},{"not_picked":["Meditate","BowlingBash+1","Vengeance+1"],"picked":"SKIP","floor":40},{"not_picked":["Ragnarok","Alpha","ConjureBlade"],"picked":"SKIP","floor":42},{"not_picked":["SashWhip+1","SignatureMove","ThirdEye"],"picked":"SKIP","floor":45},{"not_picked":["BattleHymn+1","Crescendo","Tantrum+1"],"picked":"SKIP","floor":49}],"player_experience":390706,"relics_obtained":[{"floor":5,"key":"MealTicket"},{"floor":6,"key":"StoneCalendar"},{"floor":7,"key":"Yang"},{"floor":9,"key":"Centennial Puzzle"},{"floor":42,"key":"Eternal Feather"}],"event_choices":[{"damage_healed":0,"gold_gain":1,"player_choice":"1","damage_taken":0,"max_hp_gain":0,"max_hp_loss":0,"event_name":"betterStone:BetterStone","floor":4,"gold_loss":0}],"is_beta":false,"boss_relics":[{"not_picked":["Sozu","trackpad:Trackpad"],"picked":"Cursed Key"},{"not_picked":["HolyWater","SacredBark"],"picked":"sneckomod:SneckoTalon"}],"items_purged_floors":[8,20],"is_endless":false,"potions_floor_spawned":[2,12,14,15,22,23,31,32,37,42,45],"killed_by":"downfall:CharBossMerchant","ascension_level":1}}