{"host":"yq9dmb6jykv04g7m","time":1609316299,"event":{"mods":["Aspiration","BaseMod","Colored Map","Colored Powertips","Hubris","Infinite Spire","Minty Spire (QoL Compilation)","MostiFishMod","Rare Cards Sparkle","Replay The Spire","Spicy Shops","StSLib","SuperFastMode","【功能Mod】聪明的最终Boss"],"gold_per_floor":[112,112,112,112,124,124,153,153,153,171,202,7,38,38,38,140,140,151,166,178,195,209,209,236,236,236,253,304,317,347,347,347,448,448,466,376,392,392,409,440,440,474,474,574,604,622,622,636,636,636,636],"floor_reached":50,"playtime":3250,"items_purged":[],"score":1227,"play_id":"f2a79f25-cf05-413d-bd96-953a52dd4729","local_time":"20201230161819","is_ascension_mode":true,"campfire_choices":[{"data":"Double Energy","floor":6.0,"key":"SMITH"},{"floor":23,"key":"RECALL"},{"data":"infinitespire:UltimateForm","floor":25,"key":"SMITH"},{"data":"MostiFishMod:ATRI","floor":32,"key":"SMITH"},{"data":"White Noise","floor":47,"key":"SMITH"},{"data":"infinitespire:Execution","floor":49,"key":"SMITH"}],"circlet_count":0,"master_deck":["Strike_B","Strike_B","Defend_B","Defend_B","Defend_B","Zap","Dualcast","Gash+1","Meteor Strike+1","Double Energy+1","MostiFishMod:ReadyAimFire+1","Defragment+1","Gash+1","MostiFishMod:ATRI+1","infinitespire:UltimateForm+1","White Noise+1","Gash+1","infinitespire:Execution+1","aspiration:Polymerization"],"relics":["Cracked Core","DaveBox","NeowsBlessing","SynthV:TestCard","Transparent","Ornamental Fan","Mummified Hand","Molten Egg 2","hubris:SlimyHat","Smiling Mask","ChiXiaoBlade","Meat on the Bone","Replay:WaspNest","Boot","hubris:TinFlute","PatriotShield","Prayer Wheel","infinitespire:Beetle Shell","infinitespire:Broken Mirror","ReplayTheSpireMod:TigerMarble","infinitespire:Satchel"],"acts_visited":["Exordium","TheCity","TheBeyond"],"potions_floor_usage":[50,50],"damage_taken":[{"damage":0.0,"enemies":"Cultist","floor":1.0,"turns":1.0},{"damage":7.0,"enemies":"Small Slimes","floor":5.0,"turns":1.0},{"damage":7.0,"enemies":"3 Sentries","floor":7.0,"turns":1.0},{"damage":7.0,"enemies":"Jaw Worm","floor":10.0,"turns":1.0},{"damage":7.0,"enemies":"Lagavulin","floor":11.0,"turns":1.0},{"damage":7.0,"enemies":"Gremlin Nob","floor":13.0,"turns":1.0},{"damage":17,"enemies":"The Guardian","floor":16,"turns":2},{"damage":7,"enemies":"Chosen","floor":18,"turns":1},{"damage":7,"enemies":"Spheric Guardian","floor":19,"turns":1},{"damage":7,"enemies":"Snecko","floor":20,"turns":1},{"damage":7,"enemies":"Sentry and Sphere","floor":21,"turns":1},{"damage":7,"enemies":"Snake Plant","floor":22,"turns":1},{"damage":7,"enemies":"Nightmare","floor":24,"turns":1},{"damage":7,"enemies":"3 Cultists","floor":27,"turns":1},{"damage":21,"enemies":"Cultist and Chosen","floor":29,"turns":3},{"damage":7,"enemies":"Book of Stabbing","floor":30,"turns":1},{"damage":7,"enemies":"Champ","floor":33,"turns":1},{"damage":7,"enemies":"Orb Walker","floor":35,"turns":1},{"damage":7,"enemies":"3 Shapes","floor":37,"turns":1},{"damage":14,"enemies":"Transient","floor":39,"turns":2},{"damage":14,"enemies":"Giant Head","floor":40,"turns":2},{"damage":14,"enemies":"Reptomancer","floor":42,"turns":2},{"damage":14,"enemies":"Nightmare","floor":45,"turns":2},{"damage":14,"enemies":"Maw","floor":46,"turns":2},{"damage":7,"enemies":"Writhing Mass","floor":48,"turns":1},{"damage":77,"enemies":"Donu and Deca","floor":50,"turns":11}],"seed_played":"9187002235097215427","potions_obtained":[{"floor":5.0,"key":"GamblersBrew"},{"floor":11.0,"key":"Fire Potion"},{"floor":16,"key":"LiquidMemories"}],"is_trial":false,"path_per_floor":["M","?","?","T","M","R","E","?","T","M","E","$","E","?","R_BF","B",null,"M","M","M","M","M","R","NM","R","T","M","T","M","E","?","R","B",null,"M","?","M","?","M","E","?","E","T","?","NM","M","R","M","R","B"],"character_chosen":"DEFECT","items_purchased":["hubris:SlimyHat","Gash+1"],"campfire_rested":0,"item_purchase_floors":[12,12],"current_hp_per_floor":[68,68,68,68,75,75,75,75,75,75,75,75,75,75,75,75,75,75,75,75,75,75,75,75,75,75,75,75,75,75,75,75,75,75,75,75,75,75,75,75,75,75,75,75,75,75,75,75,75,0,0],"gold":636,"neow_bonus":"THREE_ENEMY_KILL","is_daily":false,"chose_seed":false,"campfire_upgraded":5,"win_rate":0.0,"timestamp":1609316299,"path_taken":["M","?","?","?","?","R","E","?","T","M","E","$","E","?","R_BF","BOSS","M","M","M","M","M","R","NM","R","T","M","?","M","E","?","R","BOSS","M","?","?","?","?","E","?","E","T","?","NM","M","R","?","R","BOSS"],"items_purchased_type":["Relic","Card"],"build_version":"2020-12-22","purchased_purges":0,"victory":false,"max_hp_per_floor":[75,75,75,75,75,75,75,75,75,75,75,75,75,75,75,75,75,75,75,75,75,75,75,75,75,75,75,75,75,75,75,75,75,75,75,75,75,75,75,75,75,75,75,75,75,75,75,75,75,75,75],"card_choices":[{"not_picked":["Conserve Battery","Barrage"],"picked":"Gash","floor":1.0},{"not_picked":["Heatsinks","Compile Driver","Redo","Beam Cell"],"picked":"Double Energy","floor":5.0},{"not_picked":["Leap","hubris:Prefetch","Coolheaded","Melter"],"picked":"MostiFishMod:ReadyAimFire","floor":7.0},{"not_picked":["Barrage","Coolheaded","Ball Lightning","Rebound","Stack"],"picked":"SKIP","floor":10.0},{"not_picked":["BootSequence","Rebound+1","Scrape+1","Barrage+1"],"picked":"Defragment","floor":11.0},{"not_picked":["Scrape+1","MostiFishMod:GatherIntelligence","hubris:SpecializedCircuitry","Self Repair"],"picked":"MostiFishMod:ATRI","floor":13.0},{"not_picked":["Steam","Glacier","Ball Lightning+1","Hologram","Scrape+1"],"picked":"SKIP","floor":18},{"not_picked":["Stack+1","Tempest","Panic Button","Compile Driver+1","Cold Snap+1"],"picked":"SKIP","floor":19},{"not_picked":["MostiFishMod:PushDownKick+1","Go for the Eyes+1","ReplayTheSpireMod:Calculation Training","Turbo","Auto Shields"],"picked":"SKIP","floor":20},{"not_picked":["Redo+1","ReplayTheSpireMod:Omega Cannon+1","Coolheaded","Reprogram","Storm+1"],"picked":"SKIP","floor":21},{"not_picked":["Ball Lightning+1","BasicCrystalCard","ReplayTheSpireMod:Calculation Training","Steam Power+1","Barrage+1"],"picked":"SKIP","floor":22},{"not_picked":["infinitespire:FutureSight","ReplayTheSpireMod:Black Plague"],"picked":"infinitespire:UltimateForm","floor":24},{"not_picked":["Capacitor+1","Hologram","ReplayTheSpireMod:Omega Cannon+1","MostiFishMod:PushDownKick+1"],"picked":"White Noise","floor":24},{"not_picked":["Sweeping Beam+1","Streamline+1","MostiFishMod:FluxCapactior","FTL+1","Conserve Battery"],"picked":"SKIP","floor":27},{"not_picked":["Redo","Coolheaded","Aggregate","MostiFishMod:PushDownKick+1","Barrage+1"],"picked":"SKIP","floor":29},{"not_picked":["Rebound+1","Sweeping Beam+1","MostiFishMod:Prepare","Glacier","Gash+1"],"picked":"SKIP","floor":30},{"not_picked":["MostiFishMod:Overload","ReplayTheSpireMod:Omega Cannon+1","MostiFishMod:SeaWaves","MostiFishMod:StarOceanB"],"picked":"ReplayTheSpireMod:Fabricate Wheel","floor":33},{"not_picked":["Ball Lightning+1","Rebound+1","Skim","Force Field","Conserve Battery+1"],"picked":"SKIP","floor":35},{"not_picked":["Beam Cell+1","Loop+1","Steam","Hologram+1","White Noise+1"],"picked":"SKIP","floor":35},{"not_picked":["Consume","MostiFishMod:PushDownKick+1","Rip and Tear+1","Cold Snap+1","MostiFishMod:LinkProtocol"],"picked":"SKIP","floor":37},{"not_picked":["Gash+1","Rebound+1","Cold Snap+1","Chill","Hologram+1"],"picked":"SKIP","floor":37},{"not_picked":["Time Bomb","ReplayTheSpireMod:System Scan+1","Reprogram+1","BootSequence+1"],"picked":"Gash+1","floor":39},{"not_picked":["Storm","Rebound+1","Darkness+1","Leap","Rip and Tear+1"],"picked":"SKIP","floor":39},{"not_picked":["White Noise","Coolheaded+1","MostiFishMod:Exploitation","Reprogram+1","Hello World+1"],"picked":"SKIP","floor":40},{"not_picked":["Reprogram+1","Compile Driver+1","Thunder Strike+1","Barrage+1","hubris:SpecializedCircuitry"],"picked":"SKIP","floor":42},{"not_picked":["Replay:Fractal Strike","ReplayTheSpireMod:??????????????????????"],"picked":"infinitespire:Execution","floor":45},{"not_picked":["White Noise+1","Redo","BasicCrystalCard+1","Rebound+1","Beam Cell+1"],"picked":"SKIP","floor":45},{"not_picked":["BasicCrystalCard","Hologram+1","Ball Lightning+1","Conserve Battery"],"picked":"aspiration:Polymerization","floor":46},{"not_picked":["Redo","Hologram+1","Conserve Battery+1","Coolheaded+1","MostiFishMod:Prepare"],"picked":"SKIP","floor":46},{"not_picked":["Sweeping Beam+1","MostiFishMod:GatherIntelligence","Steam+1","Panic Button","MostiFishMod:PushDownKick+1"],"picked":"SKIP","floor":48},{"not_picked":["Leap+1","Auto Shields","Mirror Shield","Turbo","Streamline+1"],"picked":"SKIP","floor":48}],"player_experience":109224,"relics_obtained":[{"floor":1.0,"key":"SynthV:TestCard"},{"floor":7.0,"key":"Ornamental Fan"},{"floor":9.0,"key":"Mummified Hand"},{"floor":11.0,"key":"Molten Egg 2"},{"floor":13.0,"key":"Smiling Mask"},{"floor":24,"key":"Meat on the Bone"},{"floor":26,"key":"Replay:WaspNest"},{"floor":28,"key":"Boot"},{"floor":30,"key":"hubris:TinFlute"},{"floor":40,"key":"infinitespire:Beetle Shell"},{"floor":42,"key":"infinitespire:Broken Mirror"},{"floor":43,"key":"ReplayTheSpireMod:TigerMarble"},{"floor":45,"key":"infinitespire:Satchel"}],"event_choices":[{"damage_healed":0.0,"max_hp_gain":0.0,"max_hp_loss":0.0,"gold_gain":0.0,"event_name":"Liars Game","player_choice":"Ignored","floor":2.0,"gold_loss":0.0,"damage_taken":0.0},{"damage_healed":0,"gold_gain":0,"player_choice":"Leave","damage_taken":0,"max_hp_gain":0,"max_hp_loss":0,"event_name":"FaceTrader","floor":14,"gold_loss":0},{"cards_removed":["Strike_B"],"damage_healed":0,"gold_gain":0,"player_choice":"Elegance","damage_taken":0,"max_hp_gain":0,"max_hp_loss":0,"event_name":"Back to Basics","floor":31,"gold_loss":0},{"cards_removed":["Defend_B"],"damage_healed":0,"gold_gain":0,"player_choice":"Upgrade and Remove","damage_taken":0,"max_hp_gain":0,"max_hp_loss":0,"event_name":"Designer","floor":36,"gold_loss":90,"cards_upgraded":["Gash"]},{"damage_healed":0,"gold_gain":0,"player_choice":"Forge","damage_taken":0,"max_hp_gain":0,"max_hp_loss":0,"event_name":"Accursed Blacksmith","floor":38,"gold_loss":0,"cards_upgraded":["Defragment"]},{"damage_healed":0,"gold_gain":100,"player_choice":"Pray","damage_taken":0,"max_hp_gain":0,"max_hp_loss":0,"event_name":"Golden Shrine","floor":44,"gold_loss":0}],"is_beta":false,"boss_relics":[{"not_picked":["TakeMeEscape","SlaversCollar"],"picked":"ChiXiaoBlade"},{"not_picked":["Fusion Hammer","TimeKeys"],"picked":"PatriotShield"}],"items_purged_floors":[],"is_endless":true,"potions_floor_spawned":[5,11,16,20,22,29,30,33,35,42,48],"killed_by":"Donu and Deca","ascension_level":7}}