{"host":"9ylwqx3xq4e4v98b","time":1609287641,"event":{"mods":["AchievementEnabler","BaseMod","Better Silent Start","Colored Map","DeckTracker","Hero for Fun","Minty Spire (QoL Compilation)","Permanent Neow","Quick Restart","Spicy Shops","StSLib","SuperFastMode","Td1madao Mod","The Animator","The Saiyan"],"gold_per_floor":[97,97,97,97,52,52,52,52],"floor_reached":7,"playtime":338,"items_purged":[],"score":62,"play_id":"fbaaa551-4103-492b-bf49-d2c38af2d134","local_time":"20201229162041","is_ascension_mode":false,"campfire_choices":[{"data":"Saiyan:KaioKen","floor":6,"key":"SMITH"}],"circlet_count":0,"master_deck":["Saiyan:SAIYA_Strike","Saiyan:SAIYA_Strike","Saiyan:SAIYA_Strike","Saiyan:SAIYA_Defend","Saiyan:SAIYA_Defend","Saiyan:SAIYA_Defend","Saiyan:SAIYA_Defend","Saiyan:EnergyBlast","Saiyan:KaioKen+1","Saiyan:RuthlessBlow","Saiyan:SpiritSword","Saiyan:Quickening","Saiyan:TurtleShell"],"relics":["SaiyanSoul","SaiyanHeart","Pear","Golden Idol"],"acts_visited":["Exordium"],"potions_floor_usage":[],"damage_taken":[{"damage":0,"enemies":"2 Louse","floor":1,"turns":3},{"damage":41,"enemies":"Gremlin Nob","floor":7,"turns":4}],"seed_played":"3323662988667079574","potions_obtained":[],"is_trial":false,"path_per_floor":["M","?","?","?","$","R","E"],"character_chosen":"SAIYAJIN","items_purchased":["Saiyan:TurtleShell"],"campfire_rested":0,"item_purchase_floors":[5],"current_hp_per_floor":[62,67,59,40,40,40,0,0],"gold":52,"neow_bonus":"TRANSFORM_CARD","is_daily":false,"chose_seed":false,"campfire_upgraded":1,"win_rate":0.0,"timestamp":1609287641,"path_taken":["M","?","?","?","$","R","E"],"items_purchased_type":["Card"],"build_version":"2020-12-22","purchased_purges":0,"victory":false,"max_hp_per_floor":[62,67,77,77,77,77,78,78],"card_choices":[{"not_picked":["Saiyan:SaiyanHubris","Saiyan:Scouter"],"picked":"Saiyan:Quickening","floor":1}],"player_experience":193894,"relics_obtained":[],"event_choices":[{"damage_healed":0,"gold_gain":0,"player_choice":"Donut","damage_taken":0,"max_hp_gain":5,"max_hp_loss":0,"event_name":"Big Fish","floor":2,"gold_loss":0},{"damage_healed":0,"gold_gain":0,"player_choice":"Success","damage_taken":18,"relics_obtained":["Pear"],"max_hp_gain":0,"max_hp_loss":0,"event_name":"Scrap Ooze","floor":3,"gold_loss":0},{"damage_healed":0,"gold_gain":0,"player_choice":"Take Damage","damage_taken":19,"relics_obtained":["Golden Idol"],"max_hp_gain":0,"max_hp_loss":0,"event_name":"Golden Idol","floor":4,"gold_loss":0}],"is_beta":false,"boss_relics":[],"items_purged_floors":[],"is_endless":false,"potions_floor_spawned":[],"killed_by":"Gremlin Nob","ascension_level":0}}