{"host":"dpbezu80jg8zk7un","time":1609370470,"event":{"mods":["BaseMod","Colored Map","Colored Powertips","Custom Start","DeckTracker","Minty Spire (QoL Compilation)","Quick Restart","StSLib","SuperFastMode"],"gold_per_floor":[117,117,42,52,10,10,29,29,52,81,111,146,15,35,35,107,107,120,131,131,149,162,162,172,172,172],"floor_reached":25,"playtime":678,"items_purged":["Strike_R"],"score":426,"play_id":"9e754c8b-0b10-493c-9b16-1db0657358c1","local_time":"20201231082110","is_ascension_mode":true,"campfire_choices":[{"data":"Wild Strike","floor":6.0,"key":"SMITH"},{"data":"Evolve","floor":8.0,"key":"SMITH"},{"data":"Fire Breathing","floor":15.0,"key":"SMITH"},{"data":"Armaments","floor":23,"key":"SMITH"}],"circlet_count":0,"master_deck":["AscendersBane","Bash","Thinking Ahead","Dropkick","Wild Strike+1","Evolve+1","Disarm","Intimidate","Fire Breathing+1","Fiend Fire","Brutality","Berserk","Armaments+1","Sever Soul","Sword Boomerang","Hemokinesis","Shrug It Off","Rupture","Second Wind"],"relics":["Burning Blood","MealTicket","Lantern","Akabeko","Pandora\u0027s Box"],"acts_visited":["Exordium","TheCity"],"potions_floor_usage":[21,25,25],"damage_taken":[{"damage":6.0,"enemies":"Jaw Worm","floor":1.0,"turns":5.0},{"damage":1.0,"enemies":"2 Louse","floor":4.0,"turns":4.0},{"damage":1.0,"enemies":"Cultist","floor":7.0,"turns":3.0},{"damage":32.0,"enemies":"Gremlin Nob","floor":10.0,"turns":4.0},{"damage":15.0,"enemies":"Lagavulin","floor":12.0,"turns":4.0},{"damage":6.0,"enemies":"Red Slaver","floor":14.0,"turns":4.0},{"damage":6.0,"enemies":"The Guardian","floor":16.0,"turns":10.0},{"damage":3.0,"enemies":"Chosen","floor":18.0,"turns":3.0},{"damage":11.0,"enemies":"Spheric Guardian","floor":19.0,"turns":3.0},{"damage":18,"enemies":"Centurion and Healer","floor":21,"turns":5},{"damage":21,"enemies":"Snake Plant","floor":22,"turns":4},{"damage":33,"enemies":"Snecko","floor":24,"turns":5},{"damage":15,"enemies":"Slavers","floor":25,"turns":1}],"seed_played":"5513048909913466017","potions_obtained":[{"floor":4.0,"key":"SteroidPotion"},{"floor":10.0,"key":"DuplicationPotion"},{"floor":16.0,"key":"Swift Potion"},{"floor":18.0,"key":"FearPotion"},{"floor":20.0,"key":"Block Potion"},{"floor":22,"key":"Strength Potion"}],"is_trial":false,"path_per_floor":["M","?","?","M","$","R","M","R","T","E","?","E","$","M","R","B",null,"M","M","?","M","M","R","M","E"],"character_chosen":"IRONCLAD","items_purchased":["Evolve","PowerPotion"],"campfire_rested":0,"item_purchase_floors":[5,13],"current_hp_per_floor":[50,55,55,60,60,60,65,65,65,39,39,30,45,45,45,45,71,74,69,69,57,42,42,15,0,0],"gold":172,"neow_bonus":"RANDOM_COLORLESS_2","is_daily":false,"chose_seed":false,"campfire_upgraded":4,"win_rate":0.0,"timestamp":1609370470,"path_taken":["M","?","?","M","?","R","M","R","T","E","?","E","$","M","R","BOSS","M","M","?","?","M","R","M","E"],"items_purchased_type":["Card","Potion"],"build_version":"2020-12-22","purchased_purges":1,"victory":false,"max_hp_per_floor":[75,80,80,80,80,80,80,80,80,80,80,80,80,80,80,80,80,80,80,80,80,80,80,80,80,80],"card_choices":[{"not_picked":["Mayhem","Transmutation"],"picked":"Thinking Ahead","floor":0.0},{"not_picked":["Twin Strike","Wild Strike"],"picked":"Dropkick","floor":1.0},{"not_picked":["Anger","Cleave"],"picked":"Wild Strike","floor":4.0},{"not_picked":["Brutality","Heavy Blade"],"picked":"Disarm","floor":7.0},{"not_picked":["Perfected Strike","Evolve"],"picked":"Intimidate","floor":10.0},{"not_picked":["Dark Embrace","Sentinel","Flex"],"picked":"SKIP","floor":12.0},{"not_picked":["Sentinel","Clothesline"],"picked":"Fire Breathing","floor":14.0},{"not_picked":["Cleave","Wild Strike","Perfected Strike"],"picked":"SKIP","floor":18.0},{"not_picked":["Pummel","Anger"],"picked":"Shrug It Off","floor":19.0},{"not_picked":["Warcry","Headbutt"],"picked":"Rupture","floor":21},{"not_picked":["Twin Strike","Rupture"],"picked":"Second Wind","floor":22},{"not_picked":["Sword Boomerang","Flame Barrier","Shrug It Off"],"picked":"SKIP","floor":24}],"player_experience":2810663,"relics_obtained":[{"floor":9.0,"key":"MealTicket"},{"floor":10.0,"key":"Lantern"},{"floor":12.0,"key":"Akabeko"}],"event_choices":[{"damage_healed":0.0,"max_hp_gain":5.0,"max_hp_loss":0.0,"gold_gain":0.0,"event_name":"Big Fish","player_choice":"Donut","floor":2.0,"gold_loss":0.0,"damage_taken":0.0},{"cards_removed":["Strike_R"],"damage_healed":0.0,"max_hp_gain":0.0,"max_hp_loss":0.0,"gold_gain":0.0,"event_name":"The Cleric","player_choice":"Card Removal","floor":3.0,"gold_loss":75.0,"damage_taken":0.0},{"damage_healed":0.0,"max_hp_gain":0.0,"max_hp_loss":0.0,"gold_gain":30.0,"event_name":"Dead Adventurer","player_choice":"Searched \u00272\u0027 times","floor":11.0,"gold_loss":0.0,"damage_taken":0.0},{"damage_healed":0.0,"max_hp_gain":0.0,"max_hp_loss":0.0,"gold_gain":0.0,"event_name":"Lab","player_choice":"Got Potions","floor":20.0,"gold_loss":0.0,"damage_taken":0.0}],"is_beta":false,"boss_relics":[{"not_picked":["Velvet Choker","Mark of Pain"],"picked":"Pandora\u0027s Box"}],"items_purged_floors":[13],"is_endless":false,"potions_floor_spawned":[4,10,16,18,22],"killed_by":"Slavers","ascension_level":20}}