{"host":"7uuqqk35leady37t","time":1609332826,"event":{"mods":["BaseMod","Colored Map","Colored Powertips","Downfall","Marisa£®ÏF”Í°°ƒß¿Ì…≥£©","Minty Spire (QoL Compilation)","Robot Space Explorer","StSLib","The Bug Knight","The Servant 0.9.4","Waifu the Spire","Yuri Mod","[IsaacMod]“‘»ˆº‚À˛"],"gold_per_floor":[114,114,142,142,158,158,185,198,225,225,225],"floor_reached":10,"playtime":300,"items_purged":[],"score":68,"play_id":"87ff5780-3636-43a3-8aff-6e06cd6cb069","local_time":"20201230205346","is_ascension_mode":false,"campfire_choices":[{"data":"JA","floor":6,"key":"SMITH"}],"circlet_count":0,"master_deck":["Strike_MRS","Strike_MRS","Strike_MRS","Strike_MRS+1","Defend_MRS","Defend_MRS","Defend_MRS+1","Defend_MRS","MasterSpark","UpSweep","BettingIsNotGood","LuminesStrike","JA+1","ChargingUp","Acceleration","NonDirectionalLaser"],"relics":["MiniHakkero","HushsDoor","DoctorsRemote","Juzu Bracelet","Bronze Scales","BelialBook","Pen Nib"],"acts_visited":["Exordium"],"potions_floor_usage":[],"damage_taken":[{"damage":0,"enemies":"2 Louse","floor":1,"turns":1},{"damage":6,"enemies":"Jaw Worm","floor":3,"turns":3},{"damage":0,"enemies":"Small Slimes","floor":5,"turns":1},{"damage":18,"enemies":"3 Sentries","floor":7,"turns":5},{"damage":3,"enemies":"2 Fungi Beasts","floor":8,"turns":2},{"damage":20,"enemies":"Lagavulin","floor":10,"turns":2}],"seed_played":"7416696687604831016","potions_obtained":[{"floor":8,"key":"Swift Potion"}],"is_trial":false,"path_per_floor":["M","?","M","?","M","R","E","M","T","E"],"character_chosen":"MARISA","items_purchased":[],"campfire_rested":0,"item_purchase_floors":[],"current_hp_per_floor":[75,57,51,36,41,41,23,20,20,0,0],"gold":225,"neow_bonus":"RANDOM_COMMON_RELIC","is_daily":false,"chose_seed":false,"campfire_upgraded":1,"win_rate":0.0,"timestamp":1609332826,"path_taken":["M","?","M","?","M","R","E","M","T","E"],"items_purchased_type":[],"build_version":"2020-12-22","purchased_purges":0,"victory":false,"max_hp_per_floor":[75,75,75,75,75,75,75,75,75,75,75],"card_choices":[{"not_picked":[],"picked":"BettingIsNotGood","floor":0},{"not_picked":["MilkyWay","DoubleSpark"],"picked":"LuminesStrike","floor":1},{"not_picked":["Bomb","6A"],"picked":"JA","floor":3},{"not_picked":["NonDirectionalLaser","UnstableBomb"],"picked":"ChargingUp","floor":5},{"not_picked":["GalacticHalo","CollectingQuirk"],"picked":"Acceleration","floor":7},{"not_picked":["WitchLeyline","MeteoricShower"],"picked":"NonDirectionalLaser","floor":8}],"player_experience":28949,"relics_obtained":[{"floor":7,"key":"BelialBook"},{"floor":9,"key":"Pen Nib"}],"event_choices":[{"damage_healed":0,"gold_gain":0,"player_choice":"Success","damage_taken":18,"relics_obtained":["Bronze Scales"],"max_hp_gain":0,"max_hp_loss":0,"event_name":"Scrap Ooze","floor":2,"gold_loss":0},{"damage_healed":0,"gold_gain":0,"player_choice":"Entered Light","damage_taken":15,"max_hp_gain":0,"max_hp_loss":0,"event_name":"Shining Light","floor":4,"gold_loss":0,"cards_upgraded":["Defend_MRS","Strike_MRS"]}],"is_beta":false,"boss_relics":[],"items_purged_floors":[],"is_endless":false,"potions_floor_spawned":[8],"killed_by":"Lagavulin","ascension_level":0}}