{"host":"3a1ypf1irl30q4k8","time":1609321438,"event":{"mods":["AchievementEnabler","BaseMod","Bestiary","Colored Map","Minty Spire (QoL Compilation)","Relic Stats"],"gold_per_floor":[217,217,228,188,26,58,58,86,112,112,129,141,141,157,157,262,262,275,49,60,78,177,177,205,205,255,271,110,140,140,160,160,255,255,272,322,93,93,110,139,139,157,157,157,187,50,64,91,91,91,91,91,12,44,44],"floor_reached":56,"playtime":3816,"items_purged":["Strike_B","Defend_B","Defend_B"],"score":1405,"play_id":"51d59646-01de-46e4-abd3-7994513ee9ff","local_time":"20201230094358","is_ascension_mode":true,"campfire_choices":[{"data":"Defragment","floor":7.0,"key":"SMITH"},{"data":"Static Discharge","floor":10.0,"key":"SMITH"},{"data":"Coolheaded","floor":13.0,"key":"SMITH"},{"data":"Conserve Battery","floor":15.0,"key":"SMITH"},{"data":"Echo Form","floor":23.0,"key":"SMITH"},{"data":"Defragment","floor":25,"key":"SMITH"},{"data":"Capacitor","floor":32,"key":"SMITH"},{"floor":41,"key":"REST"},{"floor":44,"key":"REST"},{"floor":49,"key":"RECALL"},{"data":"Glacier","floor":52,"key":"SMITH"}],"circlet_count":0,"master_deck":["Defend_B","Zap","Dualcast","Conserve Battery+1","Defragment+1","Biased Cognition","Capacitor+1","Static Discharge+1","Coolheaded+1","Echo Form+1","Defragment+1","Heatsinks","Ball Lightning","Undo","Glacier","Steam Power","Hologram","Aggregate+1","Sweeping Beam","Hologram","Reinforced Body+1","Echo Form","Barrage+1","Barrage","Defragment+1","Glacier+1","Hologram+1","Amplify","Turbo","Defragment+1","Melter+1"],"relics":["Cracked Core","Anchor","Bird Faced Urn","Toy Ornithopter","Empty Cage","Runic Capacitor","Centennial Puzzle","Dream Catcher","CaptainsWheel","Sozu","TungstenRod","Membership Card","Omamori","Art of War","Gremlin Horn","DataDisk","Akabeko"],"acts_visited":["Exordium","TheCity","TheBeyond","TheEnding"],"potions_floor_usage":[33,33,40,55],"damage_taken":[{"damage":7.0,"enemies":"Small Slimes","floor":1.0,"turns":3.0},{"damage":4.0,"enemies":"2 Louse","floor":3.0,"turns":3.0},{"damage":0.0,"enemies":"Gremlin Nob","floor":6.0,"turns":3.0},{"damage":23.0,"enemies":"Lagavulin","floor":8.0,"turns":6.0},{"damage":0.0,"enemies":"Cultist","floor":11.0,"turns":2.0},{"damage":5.0,"enemies":"Large Slime","floor":12.0,"turns":4.0},{"damage":15.0,"enemies":"2 Fungi Beasts","floor":14.0,"turns":3.0},{"damage":13.0,"enemies":"Hexaghost","floor":16.0,"turns":11.0},{"damage":8.0,"enemies":"3 Byrds","floor":18.0,"turns":3.0},{"damage":5.0,"enemies":"Chosen","floor":20.0,"turns":5.0},{"damage":19.0,"enemies":"Snecko","floor":21.0,"turns":5.0},{"damage":31.0,"enemies":"Gremlin Leader","floor":24.0,"turns":6.0},{"damage":13,"enemies":"Chosen and Byrds","floor":27,"turns":4},{"damage":13,"enemies":"Book of Stabbing","floor":29,"turns":5},{"damage":18,"enemies":"3 Cultists","floor":31,"turns":5},{"damage":17,"enemies":"Automaton","floor":33,"turns":12},{"damage":27,"enemies":"3 Darklings","floor":35,"turns":5},{"damage":0,"enemies":"Mind Bloom Boss Battle","floor":36,"turns":9},{"damage":18,"enemies":"Orb Walker","floor":39,"turns":5},{"damage":73,"enemies":"Reptomancer","floor":40,"turns":4},{"damage":2,"enemies":"Sphere and 2 Shapes","floor":42,"turns":5},{"damage":7,"enemies":"Giant Head","floor":45,"turns":8},{"damage":4,"enemies":"Spire Growth","floor":47,"turns":6},{"damage":15,"enemies":"Reptomancer","floor":48,"turns":7},{"damage":13,"enemies":"Awakened One","floor":50,"turns":13},{"damage":22,"enemies":"Shield and Spear","floor":54,"turns":6},{"damage":35,"enemies":"The Heart","floor":55,"turns":8}],"seed_played":"4795506967370930024","potions_obtained":[{"floor":4.0,"key":"PowerPotion"},{"floor":4.0,"key":"DistilledChaos"},{"floor":4.0,"key":"BlessingOfTheForge"},{"floor":6.0,"key":"SpeedPotion"},{"floor":14.0,"key":"Strength Potion"},{"floor":16.0,"key":"ColorlessPotion"},{"floor":20.0,"key":"BlessingOfTheForge"},{"floor":29,"key":"EssenceOfSteel"},{"floor":31,"key":"GamblersBrew"},{"floor":33,"key":"SneckoOil"}],"is_trial":false,"path_per_floor":["M","?","M","?","$","E","R","E","T","R","M","M","R","M","R","B",null,"M","$","M","M","?","R","E","R","T","M","$","E","?","M","R","B",null,"M","?","$","?","M","E","R","M","T","R","E","$","M","E","R","B",null,"R","$","E","B",null],"character_chosen":"DEFECT","items_purchased":["Biased Cognition","Runic Capacitor","Defragment","Steam Power","Hologram","Membership Card","Barrage","Amplify","DataDisk"],"campfire_rested":2,"item_purchase_floors":[5,19,19,28,28,37,37,46,53],"current_hp_per_floor":[68,73,69,69,69,69,69,46,46,46,52,55,55,46,46,46,80,72,72,75,69,69,69,58,58,58,59,59,62,62,60,60,67,80,75,80,80,80,70,15,39,47,47,71,80,80,80,72,72,77,80,80,80,67,67],"gold":44,"neow_bonus":"HUNDRED_GOLD","is_daily":false,"chose_seed":false,"campfire_upgraded":8,"win_rate":0.0,"timestamp":1609321438,"path_taken":["M","?","M","?","$","E","R","E","T","R","?","M","R","M","R","BOSS","M","$","M","M","?","R","E","R","T","M","$","E","?","M","R","BOSS","M","?","$","?","M","E","R","M","T","R","E","$","M","E","R","BOSS","R","$","E","BOSS"],"items_purchased_type":["Card","Relic","Card","Card","Card","Relic","Card","Card","Relic"],"build_version":"2020-12-22","purchased_purges":3,"victory":true,"max_hp_per_floor":[75,80,80,80,80,80,80,80,80,80,80,80,80,80,80,80,80,80,80,80,80,80,80,80,80,80,80,80,80,80,80,80,80,80,80,80,80,80,80,80,80,80,80,80,80,80,80,80,80,80,80,80,80,80,80],"relic_stats":{"Sozu":4,"Centennial Puzzle":[42],"Dream Catcher":2,"Gremlin Horn":[4,4],"counters":[27,156],"Bird Faced Urn":[262],"Art of War":[11],"obtain_stats":[{"Gremlin Horn":48,"Runic Capacitor":19,"Omamori":40,"Empty Cage":17,"Akabeko":54,"Sozu":34,"Anchor":6,"Centennial Puzzle":24,"Dream Catcher":26,"CaptainsWheel":29,"DataDisk":53,"Bird Faced Urn":8,"Art of War":45,"Membership Card":37,"Cracked Core":0,"Toy Ornithopter":9,"TungstenRod":36},{"Gremlin Horn":24,"Runic Capacitor":9,"Omamori":20,"Empty Cage":8,"Akabeko":26,"Sozu":16,"Anchor":3,"Centennial Puzzle":12,"Dream Catcher":12,"CaptainsWheel":14,"DataDisk":25,"Bird Faced Urn":4,"Art of War":22,"Membership Card":18,"Cracked Core":0,"Toy Ornithopter":4,"TungstenRod":18},{"Gremlin Horn":129,"Runic Capacitor":38,"Omamori":103,"Empty Cage":35,"Akabeko":148,"Sozu":80,"Anchor":9,"Centennial Puzzle":54,"Dream Catcher":54,"CaptainsWheel":63,"DataDisk":142,"Bird Faced Urn":15,"Art of War":116,"Membership Card":94,"Cracked Core":0,"Toy Ornithopter":15,"TungstenRod":94}],"Toy Ornithopter":34,"TungstenRod":27},"card_choices":[{"not_picked":["Turbo","Force Field"],"picked":"Conserve Battery","floor":1.0},{"not_picked":["Lockon","Go for the Eyes"],"picked":"Defragment","floor":3.0},{"not_picked":["BootSequence","Hello World"],"picked":"Capacitor","floor":6.0},{"not_picked":["Lockon","Steam"],"picked":"Static Discharge","floor":8.0},{"not_picked":["BootSequence","Loop"],"picked":"Coolheaded","floor":11.0},{"not_picked":["Gash","Beam Cell","Hello World"],"picked":"SKIP","floor":12.0},{"not_picked":["Blizzard","Force Field","Sunder"],"picked":"SKIP","floor":14.0},{"not_picked":["Reboot","Biased Cognition"],"picked":"Echo Form","floor":16.0},{"not_picked":["Sunder","Steam","Go for the Eyes"],"picked":"SKIP","floor":18.0},{"not_picked":["Turbo","Rebound"],"picked":"Heatsinks","floor":20.0},{"not_picked":["Hyperbeam","Chill+1"],"picked":"Ball Lightning","floor":21.0},{"not_picked":["Hello World","Redo"],"picked":"Undo","floor":24.0},{"not_picked":["Ball Lightning","Rebound"],"picked":"Glacier","floor":27},{"not_picked":["Go for the Eyes+1","All For One"],"picked":"Aggregate+1","floor":29},{"not_picked":["Gash","Streamline+1"],"picked":"Reinforced Body+1","floor":31},{"not_picked":["Creative AI","All For One"],"picked":"Echo Form","floor":33},{"not_picked":["Gash","Redo+1","Steam"],"picked":"SKIP","floor":35},{"not_picked":["BootSequence","Coolheaded+1"],"picked":"Barrage+1","floor":36},{"not_picked":["Rebound+1","Go for the Eyes+1"],"picked":"Defragment+1","floor":39},{"not_picked":["Chill","Double Energy+1"],"picked":"Glacier","floor":40},{"not_picked":["FTL+1","Capacitor+1"],"picked":"Hologram+1","floor":41},{"not_picked":["Beam Cell+1","Sweeping Beam","Compile Driver+1"],"picked":"SKIP","floor":42},{"not_picked":["Stack+1","Sunder+1","Conserve Battery"],"picked":"SKIP","floor":45},{"not_picked":["Barrage","Glacier"],"picked":"Turbo","floor":47},{"not_picked":["Sunder+1","Compile Driver+1"],"picked":"Defragment+1","floor":48},{"not_picked":["Stack+1","Glacier"],"picked":"Melter+1","floor":54}],"player_experience":904870,"relics_obtained":[{"floor":6.0,"key":"Anchor"},{"floor":8.0,"key":"Bird Faced Urn"},{"floor":9.0,"key":"Toy Ornithopter"},{"floor":24.0,"key":"Centennial Puzzle"},{"floor":26,"key":"Dream Catcher"},{"floor":29,"key":"CaptainsWheel"},{"floor":36,"key":"TungstenRod"},{"floor":40,"key":"Omamori"},{"floor":45,"key":"Art of War"},{"floor":48,"key":"Gremlin Horn"},{"floor":54,"key":"Akabeko"}],"event_choices":[{"damage_healed":0.0,"max_hp_gain":5.0,"max_hp_loss":0.0,"gold_gain":0.0,"event_name":"Big Fish","player_choice":"Donut","floor":2.0,"gold_loss":0.0,"damage_taken":0.0},{"damage_healed":0.0,"max_hp_gain":0.0,"max_hp_loss":0.0,"gold_gain":0.0,"event_name":"The Woman in Blue","player_choice":"Bought 3 Potions","floor":4.0,"gold_loss":0.0,"damage_taken":0.0},{"damage_healed":0.0,"max_hp_gain":0.0,"max_hp_loss":0.0,"gold_gain":99.0,"event_name":"Nest","player_choice":"Stole From Cult","floor":22.0,"gold_loss":0.0,"damage_taken":0.0},{"damage_healed":0,"gold_gain":0,"cards_transformed":["Defend_B","Strike_B"],"player_choice":"Became Test Subject","damage_taken":0,"max_hp_gain":0,"max_hp_loss":0,"event_name":"Drug Dealer","floor":30,"gold_loss":0,"cards_obtained":["Sweeping Beam","Hologram"]},{"damage_healed":0,"gold_gain":0,"player_choice":"Fight","damage_taken":0,"max_hp_gain":0,"max_hp_loss":0,"event_name":"MindBloom","floor":36,"gold_loss":0},{"damage_healed":0,"gold_gain":0,"player_choice":"Ignored","damage_taken":0,"max_hp_gain":0,"max_hp_loss":0,"event_name":"Mysterious Sphere","floor":38,"gold_loss":0}],"is_beta":false,"boss_relics":[{"not_picked":["Tiny House","Coffee Dripper"],"picked":"Empty Cage"},{"not_picked":["Runic Dome","SacredBark"],"picked":"Sozu"}],"items_purged_floors":[28,37,46],"is_endless":false,"potions_floor_spawned":[6,14,16,20,21,29,31,33,35,39,47,48],"ascension_level":3}}