{"host":"ymw71f7rc9ndansy","time":1609321860,"event":{"mods":["ATMod(°¢èªMod)","Act Like it!","Aspiration","BaseMod","DeckTracker","Hubris","Library of Ruina","Library of Ruina Extra","Lobotomy","LobotomyExtend","Minty Spire (QoL Compilation)","MostiFishMod","Remove Card Discount Mod","Replay The Spire","StSLib","TestMod","¡¾ÒÅÎï¿¨ÅÆ¡¿REMEMod"],"gold_per_floor":[116,134,15,34,34,68,68,100,127,66,91,106,106,106,106,184,184,202,221,205,219,219,253,253,278,304,304,338,356,356,387,387,460,460,473,473,873,1872,1384,1412,1412,1434,1434,1467,1478,1512,1512,1524,1524,1524,1524,1524,1524,1524,837,866,866],"floor_reached":58,"playtime":1419,"items_purged":["hubris:Compulsion","LightAttack","LightAttack","LightAttack","LightDefense","LightDefense","Dodge","Injury","TendonChords","testmod-ChaoticCore","FocusedStrikes","ChargeAndCover","AT_ManFootWork+1","Multislash","LightDefense","LightDefense","testmod-DeathImprint","Normality","Normality"],"score":3974,"play_id":"a5dd500e-4634-40f9-9dda-9f18fdea9fbe","local_time":"20201230175100","is_ascension_mode":true,"campfire_choices":[{"data":"MostiFishMod:SephirahHod","floor":7,"key":"SMITH"},{"floor":13,"key":"RECALL"},{"data":"AT_ManFootWork","floor":15,"key":"SMITH"},{"data":"Reload","floor":27,"key":"SMITH"},{"data":"WillOfThePrescript","floor":30,"key":"SMITH"},{"data":"ChopItOff","floor":32,"key":"SMITH"},{"data":"AT_LightSaberMaster","floor":41,"key":"SMITH"},{"data":"UnforgettableMelody","floor":47,"key":"SMITH"},{"data":"CleanUp","floor":49,"key":"SMITH"},{"data":"EmotionalTurbulence","floor":54,"key":"SMITH"}],"circlet_count":0,"master_deck":["AscendersBane","MostiFishMod:SephirahHod+1","LeRegole","WillOfThePrescript+1","Reload+1","Quickness+1","RepressedFlesh","CleanUp+1","EmotionalTurbulence+1","ChopItOff+1","Faith+1","Necronomicurse","SenseQuarry+1","UnforgettableMelody+1","AT_LightSaberMaster+1","testmod-Reflect+1","MostiFishMod:JungleRules+1","FrontalAssault+1","TheRedNotes","MostiFishMod:PerfectForm"],"relics":["PageOfLibrarian","testmod-TestBox","DaveBox","REME_ComplimentaryCards","MostiFishMod:Hod","testmod-CasingShield","SynthV:TestCard","Toxic Egg 2","aspiration:ChemicalBlood","aspiration:Lifesprig","Question Card","CultistMask","Coffee Dripper","Necronomicon","testmod-IndustrialRevolution","Ancient Tea Set","testmod-ThousandKnives","Lizard Tail","HereWithMe","testmod-Charity","testmod-Acrobat","Dream Catcher","testmod-Hope","White Beast Statue","hubris:ToyBattleship","hubris:MysteriousPyramids","testmod-TurbochargingSystem","AT_ForceNature"],"acts_visited":["Exordium","TheCity","TheBeyond","TheEnding"],"potions_floor_usage":[51,57,57],"damage_taken":[{"damage":0,"enemies":"Small Slimes","floor":1,"turns":3},{"damage":0,"enemies":"Cultist","floor":2,"turns":3},{"damage":6,"enemies":"2 Louse","floor":4,"turns":2},{"damage":11,"enemies":"Gremlin Nob","floor":6,"turns":3},{"damage":7,"enemies":"Lagavulin","floor":8,"turns":3},{"damage":0,"enemies":"Gremlin Nob","floor":11,"turns":2},{"damage":0,"enemies":"Exordium Thugs","floor":12,"turns":2},{"damage":0,"enemies":"Slime Boss","floor":16,"turns":4},{"damage":0,"enemies":"Shell Parasite","floor":18,"turns":2},{"damage":0,"enemies":"3 Byrds","floor":19,"turns":2},{"damage":0,"enemies":"Centurion and Healer","floor":21,"turns":2},{"damage":0,"enemies":"Gremlin Leader","floor":23,"turns":1},{"damage":0,"enemies":"Slavers","floor":25,"turns":2},{"damage":0,"enemies":"Gremlin Leader","floor":28,"turns":1},{"damage":0,"enemies":"Snake Plant","floor":29,"turns":1},{"damage":0,"enemies":"Book of Stabbing","floor":31,"turns":1},{"damage":0,"enemies":"Collector","floor":33,"turns":1},{"damage":0,"enemies":"Orb Walker","floor":35,"turns":1},{"damage":0,"enemies":"R_Hoarder","floor":40,"turns":1},{"damage":0,"enemies":"Reptomancer","floor":44,"turns":1},{"damage":0,"enemies":"3 Darklings","floor":45,"turns":1},{"damage":13,"enemies":"Giant Head","floor":46,"turns":3},{"damage":0,"enemies":"Sphere and 2 Shapes","floor":48,"turns":1},{"damage":0,"enemies":"hubris:GrandSnecko","floor":50,"turns":2},{"damage":0,"enemies":"Donu and Deca","floor":51,"turns":3},{"damage":0,"enemies":"Shield and Spear","floor":56,"turns":2},{"damage":77,"enemies":"The Heart","floor":57,"turns":4}],"seed_played":"2369342722046701793","potions_obtained":[{"floor":1,"key":"Energy Potion"},{"floor":2,"key":"SkillPotion"},{"floor":23,"key":"BlessingOfTheForge"},{"floor":40,"key":"ColorlessPotion"},{"floor":44,"key":"Adrenaline Potion"},{"floor":56,"key":"PowerPotion"}],"is_trial":false,"path_per_floor":["M","M","$","M","?","E","R","E","T","$","E","M","R","?","R","B",null,"M","M","$","M","?","E","?","E","T","R","E","M","R","E","R","B",null,"M","?","?","?","$","E","R","T","T","E","M","E","R","M","R","B","B",null,null,"R","$","E","B",null],"character_chosen":"Librarian","items_purchased":["testmod-DeathImprint","TendonChords","testmod-Charity","testmod-Acrobat","Dream Catcher","hubris:MysteriousPyramids","testmod-TurbochargingSystem","MostiFishMod:PerfectForm","AttackPotion"],"campfire_rested":0,"item_purchase_floors":[3,10,39,39,39,55,55,55,55],"current_hp_per_floor":[54,54,54,48,48,37,37,30,30,30,30,30,30,30,30,30,59,59,59,59,59,38,38,38,38,38,38,38,38,38,38,38,38,67,67,57,57,57,57,62,62,63,63,69,81,76,76,86,86,98,114,114,139,139,139,150,114],"gold":866,"neow_bonus":"THREE_RARE_CARDS","is_daily":false,"chose_seed":false,"campfire_upgraded":9,"win_rate":0.0,"timestamp":1609321860,"path_taken":["M","M","$","M","?","E","R","E","T","$","E","M","R","?","R","BOSS","M","M","$","?","?","E","?","E","T","R","E","M","R","E","R","BOSS","M","?","?","?","$","E","R","?","T","E","M","E","R","?","R","BOSS","BOSS","R","$","E","BOSS"],"items_purchased_type":["Card","Card","Relic","Relic","Relic","Relic","Relic","Card","Potion"],"build_version":"2020-12-22","purchased_purges":19,"victory":true,"max_hp_per_floor":[68,68,68,68,68,68,68,68,68,68,68,68,68,68,68,68,68,68,68,68,78,78,78,78,78,78,78,78,78,78,78,78,76,76,76,76,76,76,76,81,81,82,82,95,107,115,115,125,125,137,147,147,147,147,147,158,178],"card_choices":[{"not_picked":["Decapitation","BlazingStrike"],"picked":"LeRegole","floor":0},{"not_picked":["SetFire","Bvapour","AssaultOrder","InhaleSmoke","Quickness","StructuralAnalysis","UpbeatPerformance","Eliminate"],"picked":"WillOfThePrescript","floor":1},{"not_picked":["Unlock1","ClassAndRespect","Gamble","NonstopAssault","SomberProcuration","MultiBlock","CutIn","Endure","TimeForALittleTest","BladeWhirl"],"picked":"Multislash","floor":2},{"not_picked":["CombatPreparation","ScatteringSlash","SunsetBlade","NightInTheBackstreets","ExtremeEdge","Leap_lor","HandleRequest","UpbeatPerformance","Struggle","Eradication"],"picked":"Reload","floor":4},{"not_picked":["DeepDrag","SkyClearingCut","CutIn","Diversion","Overpower","HighKick","RatsGuideToSurvival+1","MultiBlock+1","Slice_lor","SharpSwipe"],"picked":"Quickness+1","floor":6},{"not_picked":["TasteMyFlamingBat","ExtremeEdge","GoinFirst","PreemptiveStrike","ProselytesBlade","IngredientHunt","FleetFootsteps+1","SinglePointStab","RushDown","UncannyStrike","SharpSwipe"],"picked":"SKIP","floor":8},{"not_picked":["Reload+1","Faith+1","HighSpeedStabbing","EnergyConversion","GuardingStance+1","PreemptiveStrike","UnavoidableGaze+1","YoureAHindrance","RipSpace","ICanCookAnything"],"picked":"RepressedFlesh","floor":11},{"not_picked":["Parry","WildCard+1","HighKick","Quickness+1","LossOfSenses","DevastatingThrash","DesperateStruggle","FeelinGood","FierceOnslaught","SpearedSweep","DarkCloud"],"picked":"CleanUp","floor":12},{"not_picked":["Cruelty","EnergyBeam","Observe+1","SilentNight","WillProduceFineSilk+1"],"picked":"EmotionalTurbulence","floor":16},{"not_picked":["StartinOutLightly+1","Punishment","StructuralAnalysis+1","NightInTheBackstreets","MultiBlock+1","FierceOnslaught","FendThisOffIfYouCan","SmokingPipe+1","SpearedSweep","DesperateStruggle","AsThePrescriptOrders+1","Diversion"],"picked":"SKIP","floor":18},{"not_picked":["ElectricShock","EnergyCycle","StrongStrike","Parry","DesperateStruggle","WildCard+1","SinglePointStab+1","Punishment","Wallop_lor","Riposte","SparkingSpear"],"picked":"ChopItOff","floor":19},{"not_picked":["TendonChords","StayCalm+1","QuickAttack","Collision+1","GuardingStance+1","SomberProcuration+1","Track+1","FierceCharge+1","StructuralAnalysis+1","Deflect_lor+1","Reload+1"],"picked":"Faith+1","floor":21},{"not_picked":["DarkCloud","Faith+1","Gamble","FlowOfTheSword","SuppressingShot+1","ViolentFlame","Marionette+1","Zzzzzap+1","YourShield+1","AsThePrescriptOrders+1","UpbeatPerformance+1","DestructiveImpact+1"],"picked":"SKIP","floor":23},{"not_picked":["FleetEdge","ShrineToMusic","BoundaryOfDeath","Marionette+1","Parry","FieryWaltz","Brawl+1","Overpower+1","Leap_lor","Rewind+1","RepressedFlesh","Gamble"],"picked":"SKIP","floor":25},{"not_picked":["SharpSwipe","Pound","BindingChains","TimeForALittleTest","Thirst+1","DarkCloud","AsThePrescriptOrders+1","CutIn","HighKick","EnergyBeam","FleetEdge"],"picked":"SenseQuarry+1","floor":28},{"not_picked":["BackAttack+1","Leap_lor+1","SunsetBlade","CleanUp","MultiHit","Rewind+1","Diversion+1","Outburst","Wallop_lor","Riposte","Fence+1","UndertakePrescript+1"],"picked":"SKIP","floor":29},{"not_picked":["SharpSwipe","UpbeatPerformance","EnergyBeam","StructuralAnalysis+1","DefenseOrder+1","EndlessBattle","BackAttack+1","FlashOfSunup","Eliminate","SparkingSpear","ClassAndRespect"],"picked":"UnforgettableMelody","floor":31},{"not_picked":["CutIn","BackAttack+1","Outburst+1","ClassAndRespect","Wallop_lor","TrimTheIngredients","ShrineToMusic","PreparedMind+1","WillOfThePrescript+1","EnergyConversion","ScatteringSlash","BoundaryOfDeath"],"picked":"SKIP","floor":35},{"not_picked":["testmod-Recap","Dark Shackles+1","testmod-SubstituteBySubterfuge+1","testmod-ShutDown","MostiFishMod:Mottled","Replay:Sssssssssshield+1","Crow Ritual","testmod-PerfectCombo","testmod-HeadAttack+1","Replay:Sssssssssstrike","Impatience+1"],"picked":"AT_LightSaberMaster","floor":36},{"not_picked":["MostiFishMod:MusicBox","Discovery+1","testmod-ConditionedReflex","MostiFishMod:KingOfFree","ReplayTheSpireMod:Private Reserves+1","Violence+1","ReplayTheSpireMod:Trickstab","Blind+1","testmod-Bloodthirsty+1","Replay:Bootleg Shield Generator+1","testmod-WeaknessCounterattack"],"picked":"testmod-Reflect+1","floor":36},{"not_picked":["Discovery+1","Jack Of All Trades+1","Chrysalis+1","Dark Shackles+1","testmod-ChaoticCore","REME_TheoryOfElimination+1","testmod-Automaton","Swift Strike","ReplayTheSpireMod:Private Reserves+1","REME_TwoStrings+1","Bandage Up+1"],"picked":"MostiFishMod:JungleRules+1","floor":36},{"not_picked":["UpbeatPerformance","Outburst","HighKick","ExtremeEdge","TieShanKao","Pound","CombatPreparation+1","EnergyCycle+1","Slice_lor","Suppress","QuickAttack+1"],"picked":"FrontalAssault+1","floor":40},{"not_picked":["FlowOfTheSword","QuickAttack","FlamingDragonFist","UpbeatPerformance","HighKick","Overpower","PreemptiveStrike","Suppress","Outburst","Quickness+1","KeepItFresh+1","OpportunitySpotted+1"],"picked":"SKIP","floor":44},{"not_picked":["HandlingWork","AsThePrescriptOrders+1","CombatPreparation+1","SuppressingShot","HighKick+1","TendonChords+1","Wallop_lor","FrontalAssault+1","Guardian_lor+1","SmokingPipe+1","FleetEdge+1"],"picked":"TheRedNotes","floor":45},{"not_picked":["CleanUp","Diversion","DarkCloud","SkitterAway+1","Faith+1","Standoff","HandleRequest+1","IllEndYou","Reload+1","NonstopAssault","FleetFootsteps+1","SinglePointStab+1"],"picked":"SKIP","floor":46},{"not_picked":["SilentMist","SetFire","UnavoidableGaze+1","EnergyConversion+1","SturdyDefense+1","Rewind+1","HandleRequest","SkitterAway+1","Standoff","GuardingStance+1","SpearedSweep+1","TendonChords"],"picked":"SKIP","floor":48},{"not_picked":["Fence+1","FierceOnslaught","WillBeTasty","SearingSword","CrackOfDawn","Tttonst+1","Leap_lor","MultiBlock+1","Reload+1","SetFire","StrongStrike+1","Quickness+1"],"picked":"SKIP","floor":56}],"player_experience":1061463,"relics_obtained":[{"floor":1,"key":"SynthV:TestCard"},{"floor":6,"key":"aspiration:ChemicalBlood"},{"floor":8,"key":"aspiration:Lifesprig"},{"floor":11,"key":"Question Card"},{"floor":22,"key":"Necronomicon"},{"floor":25,"key":"testmod-IndustrialRevolution"},{"floor":26,"key":"Ancient Tea Set"},{"floor":28,"key":"testmod-ThousandKnives"},{"floor":31,"key":"Lizard Tail"},{"floor":40,"key":"testmod-Hope"},{"floor":43,"key":"White Beast Statue"},{"floor":44,"key":"hubris:ToyBattleship"},{"floor":56,"key":"AT_ForceNature"}],"event_choices":[{"damage_healed":0,"gold_gain":0,"player_choice":"Trade","damage_taken":0,"relics_obtained":["CultistMask"],"max_hp_gain":0,"max_hp_loss":0,"event_name":"FaceTrader","floor":14,"gold_loss":0},{"damage_healed":0,"gold_gain":0,"player_choice":"Obtained Book","damage_taken":21,"max_hp_gain":0,"max_hp_loss":0,"event_name":"Cursed Tome","floor":22,"gold_loss":0},{"damage_healed":0,"gold_gain":0,"player_choice":"Ignored","damage_taken":0,"max_hp_gain":0,"max_hp_loss":0,"event_name":"Ghosts","floor":24,"gold_loss":0},{"damage_healed":0,"gold_gain":0,"player_choice":"Memory 3","damage_taken":10,"max_hp_gain":0,"max_hp_loss":0,"event_name":"SensoryStone","floor":36,"gold_loss":0},{"damage_healed":0,"gold_gain":400,"player_choice":"Sell","damage_taken":0,"max_hp_gain":0,"max_hp_loss":0,"event_name":"¶÷ÂåË¹µÄÅÌ×Ó","floor":37,"relics_lost":["AT_ATBox"],"gold_loss":0},{"damage_healed":0,"gold_gain":999,"player_choice":"Gold","damage_taken":0,"max_hp_gain":0,"max_hp_loss":0,"event_name":"MindBloom","floor":38,"gold_loss":0,"cards_obtained":["Normality","Normality"]}],"is_beta":false,"boss_relics":[{"not_picked":["aspiration:SilentSkillbook","aspiration:DefectSkillbook"],"picked":"Coffee Dripper"},{"not_picked":["testmod-IncinerationGenerator","Astrolabe"],"picked":"HereWithMe"}],"items_purged_floors":[3,3,3,3,3,3,3,10,10,20,20,20,20,20,20,20,20,39,39],"is_endless":false,"potions_floor_spawned":[1,2,8,11,16,21,25,28,29,33,35,44,45,48,56],"ascension_level":20}}