{"host":"g1wmg2w41xhsnw8g","time":1609355457,"event":{"mods":["2.2 Compatiblity","Act Like it!","BaseMod","Better Altar","Better Match","Better Note","Better Sensory Stone","Better Skull","Better Third Choice","BetterRewards","Booster Modes","CapriCore","Colored Map","Colored Powertips","Curses Come First","Defuse TimeMaze Blight","Displayed Cursed Tome","Evolution","Friendly Minions","GifTheSpireLib","Googly Eyes","Infinite Spire","Minty Spire (QoL Compilation)","Red Circlet Mod","Relic Sorter","Ruin Mod","SCP261 Mod","Shop Mod","Spicy Shops","StSLib","The Sage","Transform Curses","Wandering Minibosses","????"],"gold_per_floor":[117,136,154,154,0,32,32,32,77,77,92,92,111,126,126,229,229,246,196,210,59,59,59],"floor_reached":22,"playtime":1120,"items_purged":["theRuin:DefaultCommonAttack"],"score":300,"play_id":"b3eb3bbd-d664-4788-84c0-016f4bc60288","local_time":"20201230141057","is_ascension_mode":true,"campfire_choices":[{"data":"theRuin:RaiseDead","floor":7,"key":"SMITH"},{"data":"theRuin:BoneToss","floor":10,"key":"SMITH"},{"data":"theRuin:BigBones","floor":15,"key":"SMITH"}],"circlet_count":0,"master_deck":["theRuin:GraveLeap","theRuin:DefaultCommonAttack","theRuin:DefaultCommonAttack","theRuin:DefaultCommonSkill","theRuin:DefaultCommonSkill","theRuin:DefaultCommonSkill","theRuin:DefaultCommonSkill","theRuin:Burial","theRuin:FromTheGrave","theRuin:RaiseDead+1","theRuin:SkeletonParty","theRuin:BoneToss+1","Enlightenment","theRuin:Endure","theRuin:InfectedDagger","theRuin:BigBones+1","theRuin:Forethought","theRuin:SurpriseAttack","theRuin:NecroticBurn","theRuin:BonyShield+1"],"relics":["theRuin:Coffin","EVO:Axolotl","Bronze Scales","Empty Cage","MealTicket"],"acts_visited":["Exordium","TheCity"],"potions_floor_usage":[11,16,16,20],"damage_taken":[{"damage":0,"enemies":"Cultist","floor":1,"turns":3},{"damage":5,"enemies":"Small Slimes","floor":2,"turns":3},{"damage":0,"enemies":"2 Louse","floor":3,"turns":3},{"damage":22,"enemies":"3 Sentries","floor":6,"turns":9},{"damage":0,"enemies":"Looter","floor":11,"turns":2},{"damage":9,"enemies":"Gremlin Gang","floor":13,"turns":4},{"damage":17,"enemies":"Exordium Thugs","floor":14,"turns":5},{"damage":25,"enemies":"Hexaghost","floor":16,"turns":9},{"damage":12,"enemies":"Shell Parasite","floor":18,"turns":5},{"damage":38,"enemies":"2 Thieves","floor":20,"turns":5},{"damage":40,"enemies":"Snake Plant","floor":22,"turns":4}],"seed_played":"-9171920420179423591","potions_obtained":[{"floor":2,"key":"Energy Potion"},{"floor":6,"key":"SCP261:GirlTearsPotion"},{"floor":8,"key":"ColorlessPotion"},{"floor":8,"key":"FearPotion"},{"floor":11,"key":"SCP261:BostonMolassesPotion"},{"floor":20,"key":"Energy Potion"}],"is_trial":false,"path_per_floor":["M","M","M","?","?","E","R","?","T","R","M","$","M","M","R","B",null,"M","?","M","$","M"],"character_chosen":"THE_DEFAULT","items_purchased":["MealTicket"],"campfire_rested":0,"item_purchase_floors":[21],"current_hp_per_floor":[75,70,70,75,81,59,59,59,59,59,59,59,50,33,33,8,86,74,74,36,36,0,0],"gold":59,"neow_bonus":"","is_daily":false,"chose_seed":false,"campfire_upgraded":3,"win_rate":0.0,"timestamp":1609355457,"path_taken":["M","M","?","?","?","E","R","?","T","R","?","?","M","?","R","BOSS","M","?","M","$","M"],"items_purchased_type":["Relic"],"build_version":"2020-12-22","purchased_purges":1,"victory":false,"max_hp_per_floor":[75,75,75,80,86,86,86,86,86,86,86,86,86,86,86,86,86,86,86,86,86,86,86],"card_choices":[{"not_picked":["theRuin:DefensiveDuel","theRuin:GiftFromBeyond"],"picked":"theRuin:RaiseDead","floor":1},{"not_picked":["theRuin:AnkleGrab","theRuin:SharedGrave"],"picked":"theRuin:SkeletonParty","floor":2},{"not_picked":["theRuin:BoneFactory","theRuin:ShallowGraveStrike"],"picked":"theRuin:BoneToss","floor":3},{"not_picked":["theRuin:DraggedDown","theRuin:BigBones"],"picked":"theRuin:Endure","floor":6},{"not_picked":["theRuin:SkeletonParty","theRuin:DefensiveDuel"],"picked":"theRuin:InfectedDagger","floor":11},{"not_picked":["theRuin:InfectedDagger","theRuin:DraggedDown"],"picked":"theRuin:BigBones","floor":13},{"not_picked":["theRuin:GraveRobber","theRuin:SkeletonParty"],"picked":"theRuin:Forethought","floor":14},{"not_picked":["theRuin:Endure","theRuin:Armageddon"],"picked":"theRuin:SurpriseAttack","floor":16},{"not_picked":["theRuin:DefensiveDuel","theRuin:GiftFromBeyond"],"picked":"theRuin:NecroticBurn","floor":18},{"not_picked":["theRuin:ShallowGraveStrike","theRuin:SkeletonWall+1"],"picked":"theRuin:BonyShield+1","floor":20}],"player_experience":942854,"relics_obtained":[{"floor":6,"key":"Bronze Scales"}],"event_choices":[{"damage_healed":0,"gold_gain":0,"player_choice":"Donut","damage_taken":0,"max_hp_gain":5,"max_hp_loss":0,"event_name":"Big Fish","floor":4,"gold_loss":0},{"damage_healed":0,"gold_gain":0,"player_choice":"RENOUNCE","damage_taken":154,"max_hp_gain":0,"max_hp_loss":0,"event_name":"betterThird:BetterSerpent","floor":5,"gold_loss":154,"cards_obtained":["Enlightenment"]},{"damage_healed":0,"gold_gain":0,"player_choice":"Got Potions","damage_taken":0,"max_hp_gain":0,"max_hp_loss":0,"event_name":"Lab","floor":8,"gold_loss":0},{"damage_healed":0,"gold_gain":0,"player_choice":"Bet on Murderer","damage_taken":0,"max_hp_gain":0,"max_hp_loss":0,"event_name":"The Joust","floor":19,"gold_loss":50}],"is_beta":false,"boss_relics":[{"not_picked":["Fusion Hammer","Runic Pyramid"],"picked":"Empty Cage"}],"items_purged_floors":[21],"is_endless":false,"potions_floor_spawned":[2,6,11,14,20],"killed_by":"Snake Plant","ascension_level":1}}