{"host":"56ghxnzsglgdq727","time":1609361680,"event":{"mods":["AchievementEnabler","BaseMod","Minty Spire (QoL Compilation)"],"gold_per_floor":[111,130,130,130,157,191,191,205,205,217,217,248,267,287,287,287,287],"floor_reached":16,"playtime":298,"items_purged":[],"score":144,"play_id":"4f68bd80-96b0-4281-b4b9-20e359406973","local_time":"20201230155440","is_ascension_mode":true,"campfire_choices":[{"data":"Heavy Blade","floor":7,"key":"SMITH"},{"data":"Rampage","floor":15,"key":"SMITH"}],"circlet_count":0,"master_deck":["Strike_R","Strike_R","Strike_R","Strike_R","Defend_R","Defend_R","Defend_R","Defend_R","Bash","Heavy Blade+1","Limit Break","Rampage+1","Carnage"],"relics":["Burning Blood","NeowsBlessing","Anchor","Oddly Smooth Stone","Frozen Egg 2","Potion Belt","Bronze Scales"],"acts_visited":["Exordium"],"potions_floor_usage":[12,12,14,16],"damage_taken":[{"damage":0,"enemies":"Cultist","floor":1,"turns":1},{"damage":0,"enemies":"Small Slimes","floor":2,"turns":1},{"damage":0,"enemies":"Lagavulin","floor":6,"turns":1},{"damage":0,"enemies":"2 Louse","floor":8,"turns":2},{"damage":9,"enemies":"Blue Slaver","floor":10,"turns":3},{"damage":14,"enemies":"Gremlin Nob","floor":12,"turns":3},{"damage":9,"enemies":"2 Fungi Beasts","floor":13,"turns":3},{"damage":15,"enemies":"Exordium Thugs","floor":14,"turns":4},{"damage":56,"enemies":"Slime Boss","floor":16,"turns":8}],"seed_played":"-1865002573592269986","potions_obtained":[{"floor":1,"key":"FearPotion"},{"floor":6,"key":"Ancient Potion"},{"floor":8,"key":"LiquidMemories"},{"floor":12,"key":"SmokeBomb"},{"floor":13,"key":"Swift Potion"}],"is_trial":false,"path_per_floor":["M","M","?","?","T","E","R","M","T","M","?","E","M","M","R","B"],"character_chosen":"IRONCLAD","items_purchased":[],"campfire_rested":0,"item_purchase_floors":[],"current_hp_per_floor":[80,80,80,62,62,68,68,74,74,71,71,63,60,51,51,0,0],"gold":287,"neow_bonus":"THREE_ENEMY_KILL","is_daily":false,"chose_seed":false,"campfire_upgraded":2,"win_rate":0.0,"timestamp":1609361680,"path_taken":["M","?","?","?","?","E","R","M","T","M","?","E","M","M","R","BOSS"],"items_purchased_type":[],"build_version":"2020-12-22","purchased_purges":0,"victory":false,"max_hp_per_floor":[80,80,80,80,80,80,80,80,80,80,80,80,80,80,80,80,80],"card_choices":[{"not_picked":["Seeing Red","Evolve"],"picked":"Heavy Blade","floor":1},{"not_picked":["Twin Strike","Clothesline","True Grit"],"picked":"SKIP","floor":2},{"not_picked":["Headbutt","Ghostly Armor","Clash"],"picked":"SKIP","floor":6},{"not_picked":["Pommel Strike","Thunderclap"],"picked":"Limit Break","floor":8},{"not_picked":["Clash","Body Slam"],"picked":"Rampage","floor":10},{"not_picked":["Sword Boomerang","Havoc","Battle Trance"],"picked":"SKIP","floor":12},{"not_picked":["Clothesline","Twin Strike"],"picked":"Carnage","floor":13},{"not_picked":["Shockwave","Fiend Fire","Headbutt"],"picked":"SKIP","floor":14}],"player_experience":60282,"relics_obtained":[{"floor":5,"key":"Oddly Smooth Stone"},{"floor":6,"key":"Frozen Egg 2"},{"floor":9,"key":"Potion Belt"},{"floor":12,"key":"Bronze Scales"}],"event_choices":[{"damage_healed":0,"gold_gain":0,"player_choice":"Ignored","damage_taken":0,"max_hp_gain":0,"max_hp_loss":0,"event_name":"Shining Light","floor":3,"gold_loss":0},{"damage_healed":0,"gold_gain":0,"player_choice":"Success","damage_taken":18,"relics_obtained":["Anchor"],"max_hp_gain":0,"max_hp_loss":0,"event_name":"Scrap Ooze","floor":4,"gold_loss":0},{"cards_removed":["Strike_R"],"damage_healed":0,"gold_gain":0,"player_choice":"Offered Basic","damage_taken":0,"max_hp_gain":0,"max_hp_loss":0,"event_name":"Bonfire Elementals","floor":11,"gold_loss":0}],"is_beta":false,"boss_relics":[],"items_purged_floors":[],"is_endless":false,"potions_floor_spawned":[1,6,8,12,13],"killed_by":"Slime Boss","ascension_level":1}}