{"host":"y3h3n3f7seyagppx","time":1609302350,"event":{"mods":["BaseMod","Colored Map","Colored Powertips","DeckTracker","Minty Spire (QoL Compilation)","Random Character Button","Rare Cards Sparkle","Relic Sorter","Relic Stats","StSLib"],"gold_per_floor":[109,109,109,122,140,140,140,171,171,171,182,210,222,71,71,150,150,161,161,161,175,187,212,46,46,117,117,145,145,179,195,195,266,266,276,296,57,82,82,111,111,111,134,164,177,177,197,225,225,225,225,225,225,29,29,29],"floor_reached":55,"playtime":6379,"items_purged":["Strike_R+1"],"score":1938,"play_id":"fec7b6af-f9c8-442b-9c09-54f934a89521","local_time":"20201229232550","is_ascension_mode":true,"campfire_choices":[{"data":"Whirlwind","floor":6,"key":"SMITH"},{"data":"Carnage","floor":10,"key":"SMITH"},{"data":"Demon Form","floor":13,"key":"SMITH"},{"data":"Shockwave","floor":15,"key":"SMITH"},{"data":"Metallicize","floor":27,"key":"SMITH"},{"data":"Bash","floor":32,"key":"SMITH"},{"data":"Disarm","floor":41,"key":"SMITH"},{"floor":49,"key":"RECALL"},{"data":"Flame Barrier","floor":53,"key":"SMITH"}],"circlet_count":0,"master_deck":["AscendersBane","Defend_R+1","Defend_R+1","Defend_R+1","Bash+1","Demon Form+1","Pommel Strike+1","Whirlwind+1","Metallicize+1","Carnage+1","Shockwave+1","Reaper","Ghostly Armor","Burning Pact","Cleave","Carnage","Disarm+1","Dropkick+1","Reaper","Flame Barrier+1","Dark Shackles"],"relics":["Burning Blood","Mercury Hourglass","Juzu Bracelet","Question Card","MawBank","Potion Belt","Busted Crown","Art of War","Bronze Scales","HornCleat","Red Skull","Velvet Choker","ClockworkSouvenir","Torii","Darkstone Periapt","Regal Pillow","Gambling Chip","Blood Vial"],"acts_visited":["Exordium","TheCity","TheBeyond","TheEnding"],"potions_floor_usage":[8,16,23,23,40,40,50,55],"damage_taken":[{"damage":8.0,"enemies":"Jaw Worm","floor":1.0,"turns":8.0},{"damage":1,"enemies":"Cultist","floor":4,"turns":3},{"damage":4,"enemies":"2 Louse","floor":5,"turns":2},{"damage":9,"enemies":"3 Sentries","floor":8,"turns":4},{"damage":0,"enemies":"2 Fungi Beasts","floor":11,"turns":2},{"damage":25,"enemies":"Lagavulin","floor":12,"turns":6},{"damage":27,"enemies":"The Guardian","floor":16,"turns":11},{"damage":27,"enemies":"2 Thieves","floor":18,"turns":3},{"damage":0,"enemies":"Chosen","floor":21,"turns":3},{"damage":15,"enemies":"Snake Plant","floor":22,"turns":3},{"damage":25,"enemies":"Slavers","floor":23,"turns":3},{"damage":25,"enemies":"Gremlin Leader","floor":28,"turns":5},{"damage":20,"enemies":"Slavers","floor":30,"turns":4},{"damage":8,"enemies":"Sentry and Sphere","floor":31,"turns":5},{"damage":56,"enemies":"Collector","floor":33,"turns":8},{"damage":6,"enemies":"3 Darklings","floor":35,"turns":3},{"damage":4,"enemies":"3 Shapes","floor":36,"turns":4},{"damage":0,"enemies":"Mind Bloom Boss Battle","floor":38,"turns":6},{"damage":22,"enemies":"Reptomancer","floor":40,"turns":5},{"damage":41,"enemies":"Giant Head","floor":44,"turns":7},{"damage":0,"enemies":"Maw","floor":45,"turns":6},{"damage":13,"enemies":"Sphere and 2 Shapes","floor":47,"turns":4},{"damage":83,"enemies":"Nemesis","floor":48,"turns":7},{"damage":37,"enemies":"Time Eater","floor":50,"turns":8},{"damage":102,"enemies":"Donu and Deca","floor":51,"turns":10},{"damage":69,"enemies":"Shield and Spear","floor":55,"turns":5}],"seed_played":"-1130606283391268446","potions_obtained":[{"floor":1.0,"key":"Explosive Potion"},{"floor":4,"key":"Swift Potion"},{"floor":8,"key":"PowerPotion"},{"floor":16,"key":"CultistPotion"},{"floor":18,"key":"SteroidPotion"},{"floor":21,"key":"SmokeBomb"},{"floor":33,"key":"GamblersBrew"},{"floor":35,"key":"PowerPotion"},{"floor":36,"key":"Fire Potion"},{"floor":47,"key":"Fire Potion"},{"floor":48,"key":"PowerPotion"}],"is_trial":false,"path_per_floor":["M","?","$","M","M","R","?","E","T","R","M","E","R","$","R","B",null,"M","?","?","M","M","E","$","?","T","R","E","?","E","M","R","B",null,"M","M","$","?","?","E","R","?","T","E","M","?","M","E","R","B","B",null,"R","$","E"],"character_chosen":"IRONCLAD","items_purchased":["Potion Belt","Bronze Scales","ClockworkSouvenir","Dark Shackles","FearPotion","Strength Potion"],"campfire_rested":0,"item_purchase_floors":[14,24,37,54,54,54],"current_hp_per_floor":[66,66,66,71,73,73,47,44,44,44,50,31,31,31,31,10,59,38,38,38,44,41,64,64,64,64,64,58,58,50,54,54,33,65,65,75,75,75,71,55,55,55,55,51,71,71,71,18,18,41,35,62,62,62,0,0],"gold":29,"neow_bonus":"TRANSFORM_CARD","is_daily":false,"chose_seed":false,"campfire_upgraded":8,"win_rate":0.0,"timestamp":1609302350,"path_taken":["M","?","?","M","M","R","?","E","T","R","M","E","R","$","R","BOSS","M","?","?","M","M","E","$","?","T","R","E","?","E","M","R","BOSS","M","M","$","?","?","E","R","?","T","E","M","?","M","E","R","BOSS","BOSS","R","$","E"],"items_purchased_type":["Relic","Relic","Relic","Card","Potion","Potion"],"build_version":"2020-12-22","purchased_purges":1,"victory":false,"max_hp_per_floor":[75,75,75,75,75,75,75,75,75,75,75,75,75,75,75,75,75,75,75,75,75,75,75,75,75,75,75,75,75,75,75,75,75,75,75,75,75,75,71,71,71,71,71,71,71,71,71,71,71,71,71,71,71,71,71,71],"relic_stats":{"Darkstone Periapt":0,"Regal Pillow":0,"Torii":13,"counters":[26,134],"Juzu Bracelet":1,"Question Card":19,"MawBank":24,"Burning Blood":126,"Mercury Hourglass":[484],"Blood Vial":6,"Busted Crown":32,"Bronze Scales":[248],"Gambling Chip":[21],"Art of War":[16],"obtain_stats":[{"Potion Belt":14,"Darkstone Periapt":40,"Regal Pillow":43,"Torii":38,"Velvet Choker":34,"Juzu Bracelet":8,"Question Card":9,"MawBank":12,"Burning Blood":0,"Mercury Hourglass":7,"ClockworkSouvenir":37,"Blood Vial":48,"Busted Crown":17,"HornCleat":28,"Bronze Scales":24,"Gambling Chip":44,"Art of War":23,"Red Skull":30},{"Potion Belt":6,"Darkstone Periapt":19,"Regal Pillow":19,"Torii":18,"Velvet Choker":15,"Juzu Bracelet":4,"Question Card":4,"MawBank":6,"Burning Blood":0,"Mercury Hourglass":3,"ClockworkSouvenir":17,"Blood Vial":23,"Busted Crown":7,"HornCleat":12,"Bronze Scales":11,"Gambling Chip":20,"Art of War":11,"Red Skull":13},{"Potion Belt":25,"Darkstone Periapt":87,"Regal Pillow":87,"Torii":82,"Velvet Choker":69,"Juzu Bracelet":17,"Question Card":17,"MawBank":25,"Burning Blood":0,"Mercury Hourglass":13,"ClockworkSouvenir":76,"Blood Vial":111,"Busted Crown":36,"HornCleat":52,"Bronze Scales":47,"Gambling Chip":94,"Art of War":47,"Red Skull":56}]},"card_choices":[{"not_picked":["Entrench","Cleave"],"picked":"Pommel Strike","floor":1.0},{"not_picked":["Pommel Strike","Clash"],"picked":"Whirlwind","floor":4},{"not_picked":["Shrug It Off","Havoc"],"picked":"Metallicize","floor":5},{"not_picked":["Rage","Dual Wield"],"picked":"Carnage","floor":8},{"not_picked":["Clash","Iron Wave","Anger","Headbutt"],"picked":"SKIP","floor":11},{"not_picked":["True Grit","Entrench","Disarm"],"picked":"Shockwave","floor":12},{"not_picked":["Fiend Fire","Impervious","Immolate"],"picked":"Reaper","floor":16},{"not_picked":["Carnage"],"picked":"Ghostly Armor","floor":18},{"not_picked":["Uppercut"],"picked":"Burning Pact","floor":21},{"not_picked":["Inflame","Thunderclap"],"picked":"SKIP","floor":22},{"not_picked":["Inflame","Thunderclap"],"picked":"SKIP","floor":22},{"not_picked":["Clothesline","Pommel Strike+1"],"picked":"SKIP","floor":23},{"not_picked":["Flex","Cleave"],"picked":"SKIP","floor":28},{"not_picked":["Flex","Cleave"],"picked":"SKIP","floor":28},{"not_picked":["Flex","Cleave"],"picked":"SKIP","floor":28},{"not_picked":["Cleave","True Grit"],"picked":"SKIP","floor":30},{"not_picked":["Heavy Blade","Twin Strike"],"picked":"SKIP","floor":31},{"not_picked":["Reckless Charge","Warcry"],"picked":"SKIP","floor":35},{"not_picked":["Havoc","Inflame"],"picked":"SKIP","floor":36},{"not_picked":["Rupture"],"picked":"Disarm","floor":40},{"not_picked":["Searing Blow"],"picked":"Dropkick+1","floor":44},{"not_picked":["Anger+1","Thunderclap+1"],"picked":"SKIP","floor":45},{"not_picked":["Flex"],"picked":"Flame Barrier","floor":47},{"not_picked":["Havoc+1","Headbutt"],"picked":"SKIP","floor":48}],"player_experience":20187643,"relics_obtained":[{"floor":8,"key":"Juzu Bracelet"},{"floor":9,"key":"Question Card"},{"floor":12,"key":"MawBank"},{"floor":23,"key":"Art of War"},{"floor":28,"key":"HornCleat"},{"floor":30,"key":"Red Skull"},{"floor":38,"key":"Torii"},{"floor":40,"key":"Darkstone Periapt"},{"floor":43,"key":"Regal Pillow"},{"floor":44,"key":"Gambling Chip"},{"floor":48,"key":"Blood Vial"}],"event_choices":[{"cards_removed":["Strike_R"],"damage_healed":0.0,"max_hp_gain":0.0,"max_hp_loss":0.0,"gold_gain":0.0,"event_name":"Purifier","player_choice":"Purged","floor":2.0,"gold_loss":0.0,"damage_taken":0.0},{"damage_healed":0,"gold_gain":0,"player_choice":"Success","damage_taken":26,"relics_obtained":["Mercury Hourglass"],"max_hp_gain":0,"max_hp_loss":0,"event_name":"Scrap Ooze","floor":7,"gold_loss":0},{"damage_healed":0,"gold_gain":0,"player_choice":"Upgraded","damage_taken":0,"max_hp_gain":0,"max_hp_loss":0,"event_name":"Upgrade Shrine","floor":19,"gold_loss":0,"cards_upgraded":["Pommel Strike"]},{"damage_healed":0,"gold_gain":0,"player_choice":"Ignored","damage_taken":0,"max_hp_gain":0,"max_hp_loss":0,"event_name":"Beggar","floor":20,"gold_loss":0},{"damage_healed":0,"gold_gain":0,"cards_transformed":["Strike_R","Strike_R"],"player_choice":"Became Test Subject","damage_taken":0,"max_hp_gain":0,"max_hp_loss":0,"event_name":"Drug Dealer","floor":25,"gold_loss":0,"cards_obtained":["Cleave","Carnage"]},{"damage_healed":0,"gold_gain":0,"player_choice":"Simplicity","damage_taken":0,"max_hp_gain":0,"max_hp_loss":0,"event_name":"Back to Basics","floor":29,"gold_loss":0,"cards_upgraded":["Strike_R","Defend_R","Defend_R","Defend_R","Defend_R"]},{"damage_healed":0,"gold_gain":0,"player_choice":"Fight","damage_taken":0,"max_hp_gain":0,"max_hp_loss":0,"event_name":"MindBloom","floor":38,"gold_loss":0},{"damage_healed":0,"gold_gain":0,"player_choice":"Max HP","damage_taken":0,"max_hp_gain":0,"max_hp_loss":4,"event_name":"Winding Halls","floor":39,"gold_loss":0},{"cards_removed":["Defend_R"],"damage_healed":0,"gold_gain":0,"player_choice":"Removed Skill","damage_taken":0,"max_hp_gain":0,"max_hp_loss":0,"event_name":"Falling","floor":42,"gold_loss":0},{"damage_healed":0,"gold_gain":0,"player_choice":"Copied","damage_taken":0,"max_hp_gain":0,"max_hp_loss":0,"event_name":"Duplicator","floor":46,"gold_loss":0,"cards_obtained":["Reaper"]}],"is_beta":false,"boss_relics":[{"not_picked":["Astrolabe","Runic Pyramid"],"picked":"Busted Crown"},{"not_picked":["Calling Bell","Philosopher\u0027s Stone"],"picked":"Velvet Choker"}],"items_purged_floors":[37],"is_endless":false,"potions_floor_spawned":[1,4,5,8,16,18,21,33,35,36,47,48],"killed_by":"Shield and Spear","ascension_level":20}}