{"host":"k4et7hlhlqy8fuoz","time":1609340157,"event":{"mods":["2.2 Compatiblity","AchievementEnabler","BaseMod","Colored Map","DeckTracker","Highlight Path","Minty Spire (QoL Compilation)","Random Character Button","Rare Cards Sparkle"],"gold_per_floor":[110,125,135,135,135,135,155,155,180,192,267,8,8,26,26,121,171,182,182,107,206,225,225,5,5,5,5,5,5,5,5,5,107,107,124,124,147,163,175,175,175,175,200,220,220,220],"floor_reached":45,"playtime":2437,"items_purged":[],"score":424,"play_id":"cf194dcd-029e-49d9-ad36-9a8b9f7bc80e","local_time":"20201230155557","is_ascension_mode":false,"campfire_choices":[{"data":"Calculated Gamble","floor":6,"key":"SMITH"},{"data":"Survivor","floor":8,"key":"SMITH"},{"floor":13,"key":"REST"},{"data":"Die Die Die","floor":15,"key":"SMITH"},{"floor":23,"key":"REST"},{"data":"Blade Dance","floor":25,"key":"SMITH"},{"data":"Slice","floor":28,"key":"SMITH"},{"data":"Chrysalis","floor":30,"key":"SMITH"},{"floor":32,"key":"REST"},{"floor":40,"key":"REST"},{"floor":42,"key":"REST"}],"circlet_count":0,"master_deck":["Strike_G","Strike_G","Strike_G","Strike_G","Strike_G+1","Defend_G","Defend_G","Defend_G","Defend_G","Survivor+1","Neutralize","Poisoned Stab+1","Choke","Calculated Gamble+1","All Out Attack","Blade Dance+1","Sucker Punch","Die Die Die+1","Glass Knife+1","Flying Knee","Endless Agony","Chrysalis+1","Quick Slash","Adrenaline","Bane","Finisher+1","Backflip+1","Infinite Blades+1"],"relics":["Ring of the Snake","Whetstone","Gremlin Horn","Tiny House","Boot","Ancient Tea Set","Mango","Oddly Smooth Stone","Bronze Scales"],"acts_visited":["Exordium","TheCity","TheBeyond"],"potions_floor_usage":[16,33,33],"damage_taken":[{"damage":0,"enemies":"Small Slimes","floor":1,"turns":3},{"damage":8,"enemies":"Jaw Worm","floor":2,"turns":4},{"damage":1,"enemies":"Cultist","floor":3,"turns":4},{"damage":0,"enemies":"Looter","floor":7,"turns":4},{"damage":6,"enemies":"3 Louse","floor":10,"turns":2},{"damage":0,"enemies":"2 Fungi Beasts","floor":14,"turns":3},{"damage":22,"enemies":"Slime Boss","floor":16,"turns":10},{"damage":27,"enemies":"2 Thieves","floor":18,"turns":3},{"damage":0,"enemies":"Chosen","floor":22,"turns":4},{"damage":8,"enemies":"Colosseum Slavers","floor":29,"turns":4},{"damage":71,"enemies":"Collector","floor":33,"turns":8},{"damage":45,"enemies":"3 Shapes","floor":35,"turns":4},{"damage":1,"enemies":"Orb Walker","floor":38,"turns":2},{"damage":31,"enemies":"Jaw Worm Horde","floor":39,"turns":4},{"damage":61,"enemies":"Spire Growth","floor":44,"turns":5},{"damage":10,"enemies":"Sphere and 2 Shapes","floor":45,"turns":3}],"seed_played":"90249660464178813","potions_obtained":[{"floor":2,"key":"FearPotion"},{"floor":3,"key":"Regen Potion"},{"floor":14,"key":"FearPotion"},{"floor":16,"key":"SteroidPotion"},{"floor":38,"key":"SpeedPotion"},{"floor":44,"key":"Weak Potion"}],"is_trial":false,"path_per_floor":["M","M","M","?","?","R","M","R","T","M","?","$","R","M","R","B",null,"M","?","?","?","M","R","$","R","T","?","R","?","R","T","R","B",null,"M","?","T","M","M","R","?","R","T","M","M"],"character_chosen":"THE_SILENT","items_purchased":["Gremlin Horn","Chrysalis","Quick Slash"],"campfire_rested":5,"item_purchase_floors":[12,24,24],"current_hp_per_floor":[70,62,61,61,61,61,61,61,61,55,44,44,65,65,65,43,75,48,48,48,48,48,70,70,70,70,70,70,62,62,76,89,27,89,44,44,44,43,12,38,38,64,64,3,0,0],"gold":220,"neow_bonus":"THREE_CARDS","is_daily":false,"chose_seed":false,"campfire_upgraded":6,"win_rate":0.0,"timestamp":1609340157,"path_taken":["M","M","M","?","?","R","M","R","T","?","?","$","R","M","R","BOSS","M","?","?","?","M","R","$","R","T","?","R","?","R","?","R","BOSS","M","?","?","M","M","R","?","R","T","M","M"],"items_purchased_type":["Relic","Card","Card"],"build_version":"2020-12-22","purchased_purges":0,"victory":false,"max_hp_per_floor":[70,70,70,70,70,70,70,70,70,70,70,70,70,70,70,70,75,75,75,75,75,75,75,75,75,75,75,75,75,75,89,89,89,89,89,89,89,89,89,89,89,89,89,89,89,89],"card_choices":[{"not_picked":["Dodge and Roll","Backflip"],"picked":"Poisoned Stab","floor":0},{"not_picked":["Quick Slash","Footwork"],"picked":"Choke","floor":1},{"not_picked":["Backflip","Acrobatics"],"picked":"Calculated Gamble","floor":2},{"not_picked":["Deflect","Tactician"],"picked":"All Out Attack","floor":3},{"not_picked":["Dodge and Roll","Deflect"],"picked":"Blade Dance","floor":7},{"not_picked":["Deadly Poison","Prepared"],"picked":"Sucker Punch","floor":10},{"not_picked":["Poisoned Stab","Choke"],"picked":"Die Die Die","floor":14},{"not_picked":["Doppelganger","Malaise"],"picked":"Glass Knife","floor":16},{"not_picked":["Blur","Poisoned Stab"],"picked":"Slice","floor":17},{"not_picked":["Tactician","Prepared+1"],"picked":"Flying Knee","floor":18},{"not_picked":["Acrobatics","Poisoned Stab+1"],"picked":"Endless Agony","floor":22},{"not_picked":["Envenom","Venomology"],"picked":"Adrenaline","floor":33},{"not_picked":["Sucker Punch","Dagger Throw"],"picked":"Bane","floor":35},{"not_picked":["PiercingWail","Backflip"],"picked":"Finisher+1","floor":38},{"not_picked":["Dodge and Roll","Prepared+1"],"picked":"Backflip+1","floor":39},{"not_picked":["Distraction","Noxious Fumes"],"picked":"Infinite Blades+1","floor":44}],"player_experience":33743,"relics_obtained":[{"floor":9,"key":"Whetstone"},{"floor":26,"key":"Ancient Tea Set"},{"floor":31,"key":"Mango"},{"floor":37,"key":"Oddly Smooth Stone"},{"floor":43,"key":"Bronze Scales"}],"event_choices":[{"damage_healed":0,"gold_gain":0,"player_choice":"Ignored","damage_taken":0,"max_hp_gain":0,"max_hp_loss":0,"event_name":"Liars Game","floor":4,"gold_loss":0},{"damage_healed":0,"gold_gain":0,"player_choice":"Leave","damage_taken":0,"max_hp_gain":0,"max_hp_loss":0,"event_name":"FaceTrader","floor":5,"gold_loss":0},{"damage_healed":0,"gold_gain":75,"player_choice":"Gather Gold","damage_taken":11,"max_hp_gain":0,"max_hp_loss":0,"event_name":"World of Goop","floor":11,"gold_loss":0},{"damage_healed":0,"gold_gain":0,"player_choice":"Opened","damage_taken":0,"relics_obtained":["Boot"],"max_hp_gain":0,"max_hp_loss":0,"event_name":"The Mausoleum","floor":19,"gold_loss":0},{"cards_removed":["Defend_G"],"damage_healed":0,"gold_gain":0,"player_choice":"Gave Gold","damage_taken":0,"max_hp_gain":0,"max_hp_loss":0,"event_name":"Beggar","floor":20,"gold_loss":75},{"damage_healed":0,"gold_gain":99,"player_choice":"Stole From Cult","damage_taken":0,"max_hp_gain":0,"max_hp_loss":0,"event_name":"Nest","floor":21,"gold_loss":0},{"damage_healed":0,"gold_gain":0,"player_choice":"Ignored","damage_taken":0,"max_hp_gain":0,"max_hp_loss":0,"event_name":"Ghosts","floor":27,"gold_loss":0},{"damage_healed":0,"gold_gain":0,"player_choice":"Fight","damage_taken":0,"max_hp_gain":0,"max_hp_loss":0,"event_name":"Colosseum","floor":29,"gold_loss":0},{"damage_healed":0,"gold_gain":0,"player_choice":"Fled From Nobs","damage_taken":0,"max_hp_gain":0,"max_hp_loss":0,"event_name":"Colosseum","floor":29,"gold_loss":0},{"cards_removed":["Slice"],"damage_healed":0,"gold_gain":0,"player_choice":"Removed Attack","damage_taken":0,"max_hp_gain":0,"max_hp_loss":0,"event_name":"Falling","floor":36,"gold_loss":0},{"damage_healed":0,"gold_gain":0,"player_choice":"Ignored","damage_taken":0,"max_hp_gain":0,"max_hp_loss":0,"event_name":"Mysterious Sphere","floor":41,"gold_loss":0}],"is_beta":false,"boss_relics":[{"not_picked":["Runic Dome","HoveringKite"],"picked":"Tiny House"},{"not_picked":["Cursed Key","Calling Bell","Coffee Dripper"]}],"items_purged_floors":[],"is_endless":false,"potions_floor_spawned":[2,3,14,16,22,38,44],"killed_by":"Sphere and 2 Shapes","ascension_level":0}}