{"host":"c8ij83vrvzx068r0","time":1609362105,"event":{"mods":["BaseMod","Friendly Minions","KinomotoSakuraMod(木之本樱)","Marisa（F雨　魔理沙）","Minty Spire (QoL Compilation)","Prisma Mod","Remilia（蕾米莉亚）","StSLib","The Alterego","The Animator","The Bug Knight","The Servant 0.9.4","Yohane!","Youmu（魂魄妖梦）","Yuyuko","【功能Mod】聪明的最终Boss"],"gold_per_floor":[113,132,132,33,46,79,79,90,166,176,189,189,208,226,226,321,321,332,305,37,136,161,161,161,161],"floor_reached":24,"playtime":1825,"items_purged":["alterego_mod:Strike","alterego_mod:Strike"],"score":300,"play_id":"c6548c16-113e-415d-b9fb-c5da40133e6b","local_time":"20201230220145","is_ascension_mode":false,"campfire_choices":[{"floor":7,"key":"REST"},{"floor":12,"key":"RECALL"},{"data":"alterego_mod:Cycle","floor":15,"key":"SMITH"},{"floor":23,"key":"REST"}],"circlet_count":0,"master_deck":["alterego_mod:Strike","alterego_mod:Strike","alterego_mod:Defend","alterego_mod:Defend","alterego_mod:Defend","alterego_mod:Defend","alterego_mod:Impale","alterego_mod:BigMeatyClaws+1","alterego_mod:BrynhildrsRune","alterego_mod:Cycle+1","alterego_mod:DeftHands","alterego_mod:Punishment","alterego_mod:Support","alterego_mod:Exercise","alterego_mod:ChallengeComplete","alterego_mod:Punishment","alterego_mod:Undulate","alterego_mod:Cooking","alterego_mod:AlterEgo","alterego_mod:Smother+1","alterego_mod:Cooking","alterego_mod:Support","Finesse"],"relics":["alterego_mod:MasochisticConstitution","TungstenRod","Sozu","Red Mask"],"acts_visited":["Exordium","TheCity"],"potions_floor_usage":[11,16,18,24],"damage_taken":[{"damage":5,"enemies":"2 Louse","floor":1,"turns":3},{"damage":19,"enemies":"Cultist","floor":2,"turns":7},{"damage":2,"enemies":"Small Slimes","floor":5,"turns":3},{"damage":37,"enemies":"HollowMod:MossKnight","floor":6,"turns":12},{"damage":14,"enemies":"Exordium Wildlife","floor":8,"turns":5},{"damage":3,"enemies":"3 Louse","floor":10,"turns":7},{"damage":8,"enemies":"Red Slaver","floor":11,"turns":5},{"damage":1,"enemies":"Looter","floor":13,"turns":3},{"damage":12,"enemies":"Blue Slaver","floor":14,"turns":5},{"damage":2,"enemies":"Hexaghost","floor":16,"turns":8},{"damage":4,"enemies":"Shell Parasite","floor":18,"turns":6},{"damage":20,"enemies":"2 Thieves","floor":19,"turns":5},{"damage":58,"enemies":"Masked Bandits","floor":22,"turns":8},{"damage":67,"enemies":"Gremlin Leader","floor":24,"turns":7}],"seed_played":"-5160600900955662884","potions_obtained":[{"floor":8,"key":"EssenceOfSteel"},{"floor":11,"key":"EssenceOfSteel"},{"floor":13,"key":"BlessingOfTheForge"},{"floor":14,"key":"SpeedPotion"},{"floor":16,"key":"SteroidPotion"}],"is_trial":false,"path_per_floor":["M","M","?","$","M","E","R","M","T","M","M","R","M","M","R","B",null,"M","M","$","?","?","R","E"],"character_chosen":"The_Alterego","items_purchased":["alterego_mod:Punishment","alterego_mod:Support","Finesse"],"campfire_rested":2,"item_purchase_floors":[4,20,20],"current_hp_per_floor":[73,55,55,55,54,18,42,29,29,34,27,27,27,23,23,25,87,87,71,71,71,20,47,0,0],"gold":161,"neow_bonus":"TEN_PERCENT_HP_BONUS","is_daily":false,"chose_seed":false,"campfire_upgraded":1,"win_rate":0.0,"timestamp":1609362105,"path_taken":["M","M","?","$","M","E","R","?","T","M","M","R","M","M","R","BOSS","M","M","$","?","?","R","E"],"items_purchased_type":["Card","Card","Card"],"build_version":"2020-12-22","purchased_purges":2,"victory":false,"max_hp_per_floor":[78,79,79,79,80,81,81,82,82,83,84,84,85,86,86,87,87,88,89,89,89,90,90,90,90],"card_choices":[{"not_picked":["alterego_mod:TrashNCrash","alterego_mod:Nekomimi"],"picked":"alterego_mod:Cycle","floor":1},{"not_picked":["alterego_mod:TrashNCrash","alterego_mod:SuperDuperMasochism"],"picked":"alterego_mod:DeftHands","floor":2},{"not_picked":["alterego_mod:TrashNCrash","alterego_mod:Tantrum"],"picked":"alterego_mod:Support","floor":5},{"not_picked":["alterego_mod:BoobPocket","alterego_mod:Complex"],"picked":"alterego_mod:Exercise","floor":6},{"not_picked":["alterego_mod:BoobPocket","alterego_mod:Bounce"],"picked":"alterego_mod:ChallengeComplete","floor":8},{"not_picked":["alterego_mod:DiscoLights","alterego_mod:Rip"],"picked":"alterego_mod:Punishment","floor":10},{"not_picked":["alterego_mod:Santa","alterego_mod:Lingerie","alterego_mod:DestructionOfProperty"],"picked":"SKIP","floor":11},{"not_picked":["alterego_mod:Cycle","alterego_mod:Birthday"],"picked":"alterego_mod:Undulate","floor":13},{"not_picked":["alterego_mod:Table","alterego_mod:TrashNCrash"],"picked":"alterego_mod:Cooking","floor":14},{"not_picked":["alterego_mod:Lift","alterego_mod:GIGAMILK"],"picked":"alterego_mod:AlterEgo","floor":16},{"not_picked":["alterego_mod:Jiggle","alterego_mod:BiFurious"],"picked":"alterego_mod:Smother+1","floor":18},{"not_picked":["alterego_mod:Maid","alterego_mod:DestructionOfProperty+1"],"picked":"alterego_mod:Cooking","floor":19}],"player_experience":26463,"relics_obtained":[{"floor":6,"key":"TungstenRod"},{"floor":22,"key":"Red Mask"}],"event_choices":[{"damage_healed":0,"gold_gain":0,"player_choice":"Upgraded","damage_taken":0,"max_hp_gain":0,"max_hp_loss":0,"event_name":"Upgrade Shrine","floor":3,"gold_loss":0,"cards_upgraded":["alterego_mod:BigMeatyClaws"]},{"damage_healed":0,"gold_gain":99,"player_choice":"Stole From Cult","damage_taken":0,"max_hp_gain":0,"max_hp_loss":0,"event_name":"Nest","floor":21,"gold_loss":0},{"damage_healed":0,"gold_gain":0,"player_choice":"Fought Bandits","damage_taken":0,"max_hp_gain":0,"max_hp_loss":0,"event_name":"Masked Bandits","floor":22,"gold_loss":0}],"is_beta":false,"boss_relics":[{"not_picked":["Runic Dome","Velvet Choker"],"picked":"Sozu"}],"items_purged_floors":[4,20],"is_endless":false,"potions_floor_spawned":[8,11,13,14,16,22],"killed_by":"Gremlin Leader","ascension_level":0}}