{"host":"nlbm7eld1wcqj9ez","time":1609329820,"event":{"mods":["AchievementEnabler","BaseMod","Colored Map","Colored Powertips","DeckTracker","Minty Spire (QoL Compilation)","StSLib"],"gold_per_floor":[113,113,113,213,227,262,273,337,361,145,155,188,161,180,180,279,279,268,278,278,193,84,84,102,129,183,94,105,120,120,152,152,249,249,268,42,54,6,16,16,43,61,114,147,147,8,20,20,20],"floor_reached":48,"playtime":2213,"items_purged":["Strike_R","Strike_R"],"score":590,"play_id":"7e5a89dc-2455-49a8-94ab-7fcaa0c0f8e1","local_time":"20201230130340","is_ascension_mode":false,"campfire_choices":[{"floor":15,"key":"REST"},{"data":"Limit Break","floor":23,"key":"SMITH"},{"floor":30,"key":"REST"},{"data":"Armaments","floor":32,"key":"SMITH"},{"floor":40,"key":"REST"}],"circlet_count":0,"master_deck":["Strike_R","Strike_R","Strike_R","Defend_R","Defend_R","Defend_R","Defend_R","Bash","Thunderclap","Rampage","Clothesline","Shrug It Off","Metallicize","Inflame","Feed","Sword Boomerang","Inflame","Reaper","Limit Break+1","Flex+1","Fire Breathing","Pummel","Mind Blast+1","Iron Wave+1","Armaments+1","Barricade","Shrug It Off","Heavy Blade+1","Armaments+1","Dual Wield+1","Pummel+1"],"relics":["Burning Blood","NeowsBlessing","Shovel","InkBottle","Vajra","PreservedInsect","MawBank","Sozu","Shuriken","Molten Egg 2","Ancient Tea Set","StoneCalendar","Black Star","Juzu Bracelet","MealTicket","Pocketwatch","Centennial Puzzle","Peace Pipe","Bottled Tornado"],"acts_visited":["Exordium","TheCity","TheBeyond"],"potions_floor_usage":[8,25,48],"damage_taken":[{"damage":0,"enemies":"2 Louse","floor":1,"turns":1},{"damage":0,"enemies":"Jaw Worm","floor":5,"turns":1},{"damage":0,"enemies":"3 Sentries","floor":6,"turns":1},{"damage":0,"enemies":"Cultist","floor":7,"turns":3},{"damage":31,"enemies":"3 Sentries","floor":8,"turns":8},{"damage":8,"enemies":"Exordium Wildlife","floor":11,"turns":3},{"damage":20,"enemies":"Lagavulin","floor":12,"turns":5},{"damage":17,"enemies":"Exordium Thugs","floor":14,"turns":3},{"damage":19,"enemies":"Slime Boss","floor":16,"turns":6},{"damage":32,"enemies":"2 Thieves","floor":18,"turns":4},{"damage":20,"enemies":"Spheric Guardian","floor":19,"turns":4},{"damage":30,"enemies":"Cultist and Chosen","floor":24,"turns":6},{"damage":38,"enemies":"Book of Stabbing","floor":25,"turns":5},{"damage":9,"enemies":"Centurion and Healer","floor":28,"turns":4},{"damage":17,"enemies":"Snecko","floor":29,"turns":5},{"damage":14,"enemies":"Slavers","floor":31,"turns":3},{"damage":48,"enemies":"Collector","floor":33,"turns":7},{"damage":15,"enemies":"3 Shapes","floor":35,"turns":3},{"damage":19,"enemies":"Orb Walker","floor":37,"turns":4},{"damage":54,"enemies":"Maw","floor":39,"turns":7},{"damage":45,"enemies":"Giant Head","floor":41,"turns":7},{"damage":10,"enemies":"4 Shapes","floor":42,"turns":6},{"damage":49,"enemies":"Reptomancer","floor":44,"turns":6},{"damage":39,"enemies":"Writhing Mass","floor":47,"turns":4},{"damage":37,"enemies":"Spire Growth","floor":48,"turns":4}],"seed_played":"4231506950068745692","potions_obtained":[{"floor":7,"key":"AttackPotion"},{"floor":8,"key":"FearPotion"},{"floor":11,"key":"ElixirPotion"},{"floor":14,"key":"SkillPotion"}],"is_trial":false,"path_per_floor":["M","?","T","?","M","E","M","?","T","$","M","E","$","M","R","B",null,"M","M","?","?","$","R","M","E","T","$","M","M","R","E","R","B",null,"M","$","M","$","M","R","E","M","T","E","?","$","M","M"],"character_chosen":"IRONCLAD","items_purchased":["Inflame","Feed","Inflame","Fire Breathing","Pummel","Mind Blast+1","Juzu Bracelet","Heavy Blade+1","Pummel+1"],"campfire_rested":3,"item_purchase_floors":[10,10,13,22,22,27,36,38,46],"current_hp_per_floor":[80,80,80,80,80,80,80,55,55,55,56,42,42,34,59,67,89,63,59,59,59,59,59,47,18,18,18,46,47,75,82,82,54,98,93,93,90,90,56,86,58,72,72,38,38,53,20,0,0],"gold":20,"neow_bonus":"THREE_ENEMY_KILL","is_daily":false,"chose_seed":false,"campfire_upgraded":2,"win_rate":0.0,"timestamp":1609329820,"path_taken":["M","?","?","?","M","E","?","?","T","?","M","E","$","M","R","BOSS","M","M","?","?","?","R","?","E","T","$","?","M","R","E","R","BOSS","M","?","M","$","M","R","E","M","T","E","?","?","M","M"],"items_purchased_type":["Card","Card","Card","Card","Card","Card","Relic","Card","Card"],"build_version":"2020-12-22","purchased_purges":2,"victory":false,"max_hp_per_floor":[80,80,80,80,80,80,80,80,80,80,83,83,83,86,86,89,89,89,89,89,89,89,89,89,92,92,92,95,95,95,98,98,98,98,102,102,102,102,102,102,102,105,105,105,105,105,105,105,105],"card_choices":[{"not_picked":["Clothesline","True Grit"],"picked":"Thunderclap","floor":1},{"not_picked":["Twin Strike","Body Slam"],"picked":"Rampage","floor":5},{"not_picked":["Infernal Blade","Intimidate"],"picked":"Clothesline","floor":6},{"not_picked":["Power Through","Wild Strike"],"picked":"Shrug It Off","floor":7},{"not_picked":["Flex","Body Slam"],"picked":"Metallicize","floor":8},{"not_picked":["Rage","Ghostly Armor","Seeing Red"],"picked":"SKIP","floor":11},{"not_picked":["Rage","Evolve"],"picked":"Sword Boomerang","floor":12},{"not_picked":["Thunderclap","Warcry"],"picked":"Reaper","floor":14},{"not_picked":["Barricade","Impervious"],"picked":"Limit Break","floor":16},{"not_picked":["Wild Strike+1","Body Slam","Feel No Pain+1"],"picked":"SKIP","floor":18},{"not_picked":["Body Slam","Pummel"],"picked":"Flex+1","floor":19},{"not_picked":["Power Through","Anger","Uppercut"],"picked":"SKIP","floor":24},{"not_picked":["Reckless Charge+1","Hemokinesis+1","Feel No Pain"],"picked":"SKIP","floor":25},{"not_picked":["Entrench","Clothesline+1","Clash+1"],"picked":"SKIP","floor":28},{"not_picked":["Seeing Red","Headbutt+1"],"picked":"Iron Wave+1","floor":29},{"not_picked":["True Grit","Clash+1"],"picked":"Armaments","floor":31},{"not_picked":["Limit Break","Reaper+1"],"picked":"Barricade","floor":33},{"not_picked":["Body Slam+1","Combust+1","Warcry+1"],"picked":"SKIP","floor":35},{"not_picked":["Combust+1","Rampage+1"],"picked":"Shrug It Off","floor":37},{"not_picked":["Twin Strike+1","Rupture","Perfected Strike+1"],"picked":"SKIP","floor":39},{"not_picked":["Iron Wave+1","Heavy Blade+1"],"picked":"Armaments+1","floor":41},{"not_picked":["Sword Boomerang+1","Anger+1","Brutality"],"picked":"SKIP","floor":42},{"not_picked":["Shockwave","Rage"],"picked":"Dual Wield+1","floor":44},{"not_picked":["True Grit+1","Uppercut+1","Evolve"],"picked":"SKIP","floor":47}],"player_experience":33899,"relics_obtained":[{"floor":3,"key":"Shovel"},{"floor":6,"key":"InkBottle"},{"floor":8,"key":"Vajra"},{"floor":9,"key":"PreservedInsect"},{"floor":12,"key":"MawBank"},{"floor":25,"key":"Molten Egg 2"},{"floor":26,"key":"Ancient Tea Set"},{"floor":31,"key":"StoneCalendar"},{"floor":41,"key":"MealTicket"},{"floor":41,"key":"Pocketwatch"},{"floor":43,"key":"Centennial Puzzle"},{"floor":44,"key":"Peace Pipe"},{"floor":44,"key":"Bottled Tornado"}],"event_choices":[{"damage_healed":0,"gold_gain":0,"player_choice":"Ignored","damage_taken":0,"max_hp_gain":0,"max_hp_loss":0,"event_name":"Golden Wing","floor":2,"gold_loss":0},{"damage_healed":0,"gold_gain":100,"player_choice":"Pray","damage_taken":0,"max_hp_gain":0,"max_hp_loss":0,"event_name":"Golden Shrine","floor":4,"gold_loss":0},{"damage_healed":0,"gold_gain":0,"player_choice":"Searched \u00271\u0027 times","damage_taken":0,"max_hp_gain":0,"max_hp_loss":0,"event_name":"Dead Adventurer","floor":8,"gold_loss":0},{"damage_healed":0,"gold_gain":0,"player_choice":"Ignored","damage_taken":0,"max_hp_gain":0,"max_hp_loss":0,"event_name":"Ghosts","floor":20,"gold_loss":0},{"damage_healed":0,"gold_gain":0,"player_choice":"Obtained Relic","damage_taken":0,"relics_obtained":["Shuriken"],"max_hp_gain":0,"max_hp_loss":0,"event_name":"Addict","floor":21,"gold_loss":85},{"damage_healed":0,"gold_gain":0,"player_choice":"Got Potions","damage_taken":0,"max_hp_gain":0,"max_hp_loss":0,"event_name":"Lab","floor":45,"gold_loss":0}],"is_beta":false,"boss_relics":[{"not_picked":["Runic Cube","Runic Dome"],"picked":"Sozu"},{"not_picked":["Velvet Choker","Cursed Key"],"picked":"Black Star"}],"items_purged_floors":[36,46],"is_endless":false,"potions_floor_spawned":[7,8,11,14,19,25,28,29,39,47],"killed_by":"Spire Growth","ascension_level":0}}