{"host":"5ru6a7u2mbc0jrwn","time":1609329616,"event":{"mods":["AchievementEnabler","BaseMod","Colored Map","Minty Spire (QoL Compilation)","Rare Cards Sparkle","StSLib","everything is the same but u backflip on backflip"],"gold_per_floor":[109,34,34,54,68,86,101,141,165,165,17,53,68,87,87,216,216,241,279,303,326,326],"floor_reached":21,"playtime":2118,"items_purged":["Defend_R"],"score":195,"play_id":"afce85b5-ae6c-4af0-9444-bc90bf95af9a","local_time":"20201230210016","is_ascension_mode":false,"campfire_choices":[{"data":"Bludgeon","floor":15,"key":"SMITH"}],"circlet_count":0,"master_deck":["Strike_R","Strike_R","Strike_R","Strike_R","Defend_R","Defend_R","Defend_R","Bash","Pummel","Reckless Charge","Shrug It Off","Shockwave","Reaper","Feel No Pain","Bludgeon+1","Parasite","Cleave","Armaments","Double Tap","Thunderclap","Pommel Strike+1","Impervious","Twin Strike"],"relics":["Black Blood","Golden Idol","Pen Nib","Bag of Preparation","ClockworkSouvenir","Red Skull","Red Mask"],"acts_visited":["Exordium","TheCity"],"potions_floor_usage":[14,16],"damage_taken":[{"damage":7,"enemies":"Small Slimes","floor":1,"turns":3},{"damage":5,"enemies":"2 Louse","floor":4,"turns":3},{"damage":6,"enemies":"Jaw Worm","floor":5,"turns":3},{"damage":13,"enemies":"2 Fungi Beasts","floor":6,"turns":4},{"damage":19,"enemies":"Exordium Wildlife","floor":7,"turns":5},{"damage":33,"enemies":"Lagavulin","floor":8,"turns":8},{"damage":28,"enemies":"Gremlin Nob","floor":12,"turns":5},{"damage":0,"enemies":"Exordium Thugs","floor":13,"turns":2},{"damage":9,"enemies":"2 Fungi Beasts","floor":14,"turns":2},{"damage":34,"enemies":"Hexaghost","floor":16,"turns":9},{"damage":35,"enemies":"Spheric Guardian","floor":18,"turns":6},{"damage":27,"enemies":"Masked Bandits","floor":19,"turns":5},{"damage":27,"enemies":"3 Byrds","floor":20,"turns":5},{"damage":38,"enemies":"3 Cultists","floor":21,"turns":6}],"seed_played":"1125320718899999814","potions_obtained":[{"floor":4,"key":"SkillPotion"},{"floor":12,"key":"Explosive Potion"},{"floor":16,"key":"AttackPotion"},{"floor":18,"key":"Energy Potion"},{"floor":21,"key":"SkillPotion"}],"is_trial":false,"path_per_floor":["M","$","?","M","M","M","M","E","T","?","$","E","M","M","R","B",null,"M","?","M","M"],"character_chosen":"IRONCLAD","items_purchased":["ClockworkSouvenir"],"campfire_rested":0,"item_purchase_floors":[11],"current_hp_per_floor":[79,79,59,60,60,53,46,25,25,45,45,27,40,51,51,30,80,57,52,43,29,29],"gold":326,"neow_bonus":"TRANSFORM_CARD","is_daily":false,"chose_seed":false,"campfire_upgraded":1,"win_rate":0.0,"timestamp":1609329616,"path_taken":["M","$","?","M","M","M","M","E","T","?","?","E","M","M","R","BOSS","M","?","M","M"],"items_purchased_type":["Relic"],"build_version":"2020-12-22","purchased_purges":1,"victory":false,"max_hp_per_floor":[80,80,80,80,80,80,80,80,80,80,80,80,80,80,80,80,80,80,80,80,80,80],"card_choices":[{"not_picked":["Clash","Shrug It Off"],"picked":"Reckless Charge","floor":1},{"not_picked":["Clash","Rupture"],"picked":"Shrug It Off","floor":4},{"not_picked":["Pommel Strike","Infernal Blade"],"picked":"Shockwave","floor":5},{"not_picked":["Twin Strike","Rampage"],"picked":"Reaper","floor":6},{"not_picked":["Clothesline","Reckless Charge"],"picked":"Feel No Pain","floor":7},{"not_picked":["Pommel Strike","Sword Boomerang"],"picked":"Bludgeon","floor":8},{"not_picked":["Headbutt","Second Wind"],"picked":"Cleave","floor":12},{"not_picked":["Body Slam","Searing Blow"],"picked":"Armaments","floor":13},{"not_picked":["Thunderclap","True Grit","Body Slam"],"picked":"SKIP","floor":14},{"not_picked":["Brutality","Juggernaut"],"picked":"Double Tap","floor":16},{"not_picked":["Iron Wave","Shockwave"],"picked":"Thunderclap","floor":18},{"not_picked":["Uppercut","Warcry"],"picked":"Pommel Strike+1","floor":19},{"not_picked":["Rampage","Clash"],"picked":"Impervious","floor":20},{"not_picked":["Clothesline","True Grit"],"picked":"Twin Strike","floor":21}],"player_experience":12946,"relics_obtained":[{"floor":8,"key":"Pen Nib"},{"floor":9,"key":"Bag of Preparation"},{"floor":12,"key":"Red Skull"},{"floor":19,"key":"Red Mask"}],"event_choices":[{"damage_healed":0,"gold_gain":0,"player_choice":"Take Damage","damage_taken":20,"relics_obtained":["Golden Idol"],"max_hp_gain":0,"max_hp_loss":0,"event_name":"Golden Idol","floor":3,"gold_loss":0},{"damage_healed":20,"gold_gain":0,"player_choice":"Healed and dodged fight","damage_taken":0,"max_hp_gain":0,"max_hp_loss":0,"event_name":"Mushrooms","floor":10,"gold_loss":0,"cards_obtained":["Parasite"]},{"damage_healed":0,"gold_gain":0,"player_choice":"Fought Bandits","damage_taken":0,"max_hp_gain":0,"max_hp_loss":0,"event_name":"Masked Bandits","floor":19,"gold_loss":0}],"is_beta":false,"boss_relics":[{"not_picked":["Velvet Choker","Runic Cube"],"picked":"Black Blood"}],"items_purged_floors":[2],"is_endless":false,"potions_floor_spawned":[4,12,16,18,21],"killed_by":"3 Cultists","ascension_level":0}}