{"host":"a7dhdzm3fda48fos","time":1609371370,"event":{"mods":["AchievementEnabler","AlwaysNeverKeys","BaseMod","Better Altar","Better Note","Better Sensory Stone","Better Skull","Better Third Choice","Block Reminder","Colored Map","Gold Saver","Hermit","Minty Spire (QoL Compilation)","Quick Restart","Relic Sorter","Relic Stats","Remove Card Discount Mod","Shop Mod","Spicy Shops","StSLib"],"gold_per_floor":[225,244,28,44,44,44,61,78,78,108,108,108,152,178,190,304,316,345,4,20,20,20,20,36,36,63,63,63],"floor_reached":27,"playtime":2364,"items_purged":[],"score":255,"play_id":"1bf8e9c2-4fa2-4eba-a174-27cdcb27b17a","local_time":"20201231003610","is_ascension_mode":true,"campfire_choices":[{"data":"Metallicize","floor":6,"key":"SMITH"},{"data":"Metallicize","floor":11,"key":"SMITH"},{"data":"Dark Embrace","floor":15,"key":"SMITH"},{"floor":25,"key":"REST"}],"circlet_count":0,"master_deck":["Strike_R","Strike_R","Strike_R","Strike_R","Strike_R","Defend_R","Defend_R","Defend_R","Defend_R","Bash","Flame Barrier","Cleave","Metallicize+1","Metallicize+1","Cleave","Corruption","Headbutt","Skewer","Dark Embrace+1","Infernal Blade","Berserk","Rupture","Thunderclap","Sentinel+1","Feel No Pain","Evolve+1"],"relics":["Burning Blood","Omamori","CaptainsWheel","Tiny Chest","Mummified Hand","Black Star","Calipers","MawBank","MealTicket","The Courier","Ancient Tea Set"],"acts_visited":["Exordium","TheCity"],"potions_floor_usage":[5,10,10,16,16,23,23,24,27],"damage_taken":[{"damage":6,"enemies":"2 Louse","floor":1,"turns":3},{"damage":2,"enemies":"Cultist","floor":2,"turns":5},{"damage":5,"enemies":"Small Slimes","floor":4,"turns":3},{"damage":5,"enemies":"Blue Slaver","floor":7,"turns":5},{"damage":5,"enemies":"Exordium Wildlife","floor":8,"turns":3},{"damage":3,"enemies":"Lagavulin","floor":10,"turns":10},{"damage":12,"enemies":"3 Sentries","floor":13,"turns":8},{"damage":8,"enemies":"3 Louse","floor":14,"turns":4},{"damage":31,"enemies":"The Guardian","floor":16,"turns":12},{"damage":24,"enemies":"3 Byrds","floor":18,"turns":5},{"damage":45,"enemies":"2 Thieves","floor":20,"turns":5},{"damage":38,"enemies":"Gremlin Leader","floor":23,"turns":7},{"damage":4,"enemies":"Chosen and Byrds","floor":24,"turns":7},{"damage":38,"enemies":"Slavers","floor":27,"turns":4}],"seed_played":"7259590335940611424","potions_obtained":[{"floor":4,"key":"PowerPotion"},{"floor":5,"key":"Fruit Juice"},{"floor":5,"key":"Ancient Potion"},{"floor":5,"key":"Weak Potion"},{"floor":10,"key":"BlessingOfTheForge"},{"floor":13,"key":"DistilledChaos"},{"floor":16,"key":"SmokeBomb"},{"floor":20,"key":"Block Potion"},{"floor":24,"key":"DistilledChaos"}],"is_trial":false,"path_per_floor":["M","M","$","M","?","R","M","M","T","E","R","?","E","M","R","B",null,"M","$","M","?","?","E","M","R","T","E"],"character_chosen":"IRONCLAD","items_purchased":["Omamori","Metallicize","Mummified Hand","Tiny Chest","Thunderclap"],"campfire_rested":1,"item_purchase_floors":[3,3,19,19,19],"current_hp_per_floor":[80,80,80,80,85,85,85,85,85,85,85,61,55,53,53,28,85,67,82,43,43,43,11,13,38,38,0,0],"gold":63,"neow_bonus":"HUNDRED_GOLD","is_daily":false,"chose_seed":false,"campfire_upgraded":3,"win_rate":0.0,"timestamp":1609371370,"path_taken":["M","M","$","M","?","R","M","?","T","E","R","?","E","M","R","BOSS","M","$","M","?","?","E","M","R","T","E"],"items_purchased_type":["Relic","Card","Relic","Relic","Card"],"build_version":"2020-12-22","purchased_purges":0,"victory":false,"max_hp_per_floor":[80,80,80,80,85,85,85,85,85,85,85,85,85,85,85,85,85,85,85,85,85,85,85,85,85,85,85,85],"relic_stats":{"counters":[14,81],"Mummified Hand":[27],"Tiny Chest":0,"MealTicket":15,"Black Star":1,"MawBank":84,"obtain_stats":[{"CaptainsWheel":10,"Calipers":13,"Mummified Hand":19,"MealTicket":12,"Tiny Chest":19,"The Courier":9,"Omamori":3,"Black Star":17,"MawBank":12,"Ancient Tea Set":26,"Burning Blood":0},{"CaptainsWheel":6,"Calipers":7,"Mummified Hand":10,"MealTicket":6,"Tiny Chest":10,"The Courier":5,"Omamori":2,"Black Star":9,"MawBank":6,"Ancient Tea Set":13,"Burning Blood":0},{"CaptainsWheel":29,"Calipers":37,"Mummified Hand":58,"MealTicket":29,"Tiny Chest":58,"The Courier":19,"Omamori":8,"Black Star":53,"MawBank":29,"Ancient Tea Set":77,"Burning Blood":0}],"Burning Blood":68},"card_choices":[{"not_picked":["Heavy Blade","Iron Wave"],"picked":"Flame Barrier","floor":1},{"not_picked":["Sword Boomerang","Sever Soul"],"picked":"Cleave","floor":2},{"not_picked":["Perfected Strike","Dark Embrace"],"picked":"Metallicize","floor":4},{"not_picked":["Heavy Blade","Body Slam"],"picked":"Cleave","floor":7},{"not_picked":["Disarm","Shockwave"],"picked":"Corruption","floor":8},{"not_picked":["Wild Strike","Heavy Blade"],"picked":"Headbutt","floor":10},{"not_picked":["Body Slam","Havoc"],"picked":"Dark Embrace","floor":13},{"not_picked":["Clash","Headbutt"],"picked":"Infernal Blade","floor":14},{"not_picked":["Brutality","Reaper"],"picked":"Berserk","floor":16},{"not_picked":["Flex+1","Body Slam+1"],"picked":"Rupture","floor":18},{"not_picked":["True Grit","Sword Boomerang"],"picked":"Sentinel+1","floor":20},{"not_picked":["Armaments","Clash"],"picked":"Evolve+1","floor":24}],"player_experience":62942,"relics_obtained":[{"floor":9,"key":"The Courier"},{"floor":10,"key":"CaptainsWheel"},{"floor":13,"key":"Calipers"},{"floor":26,"key":"Ancient Tea Set"}],"event_choices":[{"damage_healed":0,"gold_gain":0,"player_choice":"Got Potions","damage_taken":0,"max_hp_gain":0,"max_hp_loss":0,"event_name":"Lab","floor":5,"gold_loss":0},{"damage_healed":0,"gold_gain":1,"player_choice":"Relic Relic Card ","damage_taken":24,"max_hp_gain":0,"max_hp_loss":0,"event_name":"betterThird:BetterScrap","floor":12,"gold_loss":0,"cards_obtained":["Skewer","Unload"]},{"damage_healed":0,"gold_gain":0,"player_choice":"Ignored","damage_taken":0,"max_hp_gain":0,"max_hp_loss":0,"event_name":"Ghosts","floor":21,"gold_loss":0},{"damage_healed":0,"gold_gain":0,"player_choice":"Read","damage_taken":0,"max_hp_gain":0,"max_hp_loss":0,"event_name":"The Library","floor":22,"gold_loss":0,"cards_obtained":["Feel No Pain"]}],"is_beta":false,"boss_relics":[{"not_picked":["Velvet Choker","Black Blood"],"picked":"Black Star"}],"items_purged_floors":[],"is_endless":false,"potions_floor_spawned":[4,8,10,13,16,20,24],"killed_by":"Slavers","ascension_level":1}}