{"host":"j29osl8nelwi4hyu","time":1609306170,"event":{"mods":["BaseMod","Colored Powertips","Hubris","Infinite Spire","Minty Spire (QoL Compilation)","Replay The Spire","StSLib"],"gold_per_floor":[114,132,182,58,73,99,129,129,129,149,167,199,54,71,71,169,269,286,298,298,298,316,316,316,316],"floor_reached":24,"playtime":1367,"items_purged":[],"score":270,"play_id":"7445f852-b08f-4be2-805e-62d0796db668","local_time":"20201229212930","is_ascension_mode":true,"campfire_choices":[{"floor":8.0,"key":"REST"},{"floor":15,"key":"REST"},{"floor":23,"key":"REST"}],"circlet_count":0,"master_deck":["Strike_B","Strike_B","Strike_B","Strike_B","Defend_B","Defend_B","Defend_B","Defend_B","Zap","Dualcast","Biased Cognition","hubris:Ukulele","BasicCrystalCard","Cold Snap","hubris:Ukulele","hubris:Ukulele","Genetic Algorithm","Compile Driver","Streamline","Leap","Defragment+1","Auto Shields+1","Multi-Cast+1","Conserve Battery","Hyperbeam+1","Redo+1","Coolheaded+1","Melter+1","FIFO Queue","infinitespire:SevenWalls","infinitespire:UltimateForm","infinitespire:Starlight","Streamline+1"],"relics":["Cracked Core","Golden Egg","Quantum Egg","Ice Cream","Boot","Prayer Wheel","Replay:Wanted Poster","hubris:64BitClover","Busted Crown"],"acts_visited":["Exordium","TheCity"],"potions_floor_usage":[16,22],"damage_taken":[{"damage":4.0,"enemies":"Jaw Worm","floor":1.0,"turns":5.0},{"damage":0.0,"enemies":"2 Louse","floor":2.0,"turns":4.0},{"damage":1.0,"enemies":"Cultist","floor":5.0,"turns":3.0},{"damage":17.0,"enemies":"Lagavulin","floor":6.0,"turns":6.0},{"damage":10.0,"enemies":"Blue Slaver","floor":10.0,"turns":3.0},{"damage":4.0,"enemies":"2 Fungi Beasts","floor":11.0,"turns":3.0},{"damage":13.0,"enemies":"3 Sentries","floor":12.0,"turns":7.0},{"damage":8,"enemies":"Large Slime","floor":14,"turns":4},{"damage":1,"enemies":"Hexaghost","floor":16,"turns":8},{"damage":1,"enemies":"3 Byrds","floor":18,"turns":3},{"damage":24,"enemies":"2 Thieves","floor":19,"turns":5},{"damage":17,"enemies":"Shelled Parasite and Fungi","floor":22,"turns":5},{"damage":44,"enemies":"Slavers","floor":24,"turns":4}],"seed_played":"-7046808269682015730","potions_obtained":[{"floor":2.0,"key":"BlessingOfTheForge"},{"floor":3.0,"key":"EssenceOfSteel"},{"floor":3.0,"key":"PowerPotion"},{"floor":5.0,"key":"Regen Potion"},{"floor":6.0,"key":"Fire Potion"},{"floor":12.0,"key":"FocusPotion"},{"floor":16,"key":"Dexterity Potion"}],"is_trial":false,"path_per_floor":["M","M","?","$","M","E","?","R","T","M","M","E","$","M","R","B",null,"M","M","?","AVR","M","R","E"],"character_chosen":"DEFECT","items_purchased":["hubris:Ukulele","Genetic Algorithm","Defragment","Auto Shields"],"campfire_rested":3,"item_purchase_floors":[4,4,13,13],"current_hp_per_floor":[64,64,46,46,45,37,37,59,59,49,45,32,32,24,46,45,68,67,43,24,24,7,29,0,0],"gold":316,"neow_bonus":"ONE_RANDOM_RARE_CARD","is_daily":false,"chose_seed":false,"campfire_upgraded":0,"win_rate":0.0,"timestamp":1609306170,"path_taken":["M","M","?","$","?","E","?","R","T","M","M","E","$","M","R","BOSS","M","M","?","AVR","M","R","E"],"items_purchased_type":["Card","Card","Card","Card"],"build_version":"2020-12-22","purchased_purges":0,"victory":false,"max_hp_per_floor":[75,75,75,75,75,75,75,75,75,75,75,75,75,75,75,75,75,75,75,75,75,75,75,75,75],"card_choices":[{"not_picked":["Panic Button","Steam"],"picked":"hubris:Ukulele","floor":1.0},{"not_picked":["Panic Button","Rainbow"],"picked":"BasicCrystalCard","floor":2.0},{"not_picked":["Steam","Panic Button"],"picked":"Cold Snap","floor":3.0},{"not_picked":["ReplayTheSpireMod:Reroute Power","Gash"],"picked":"Compile Driver","floor":5.0},{"not_picked":["Double Energy","BasicCrystalCard","Turbo"],"picked":"SKIP","floor":6.0},{"not_picked":["Recycle","Go for the Eyes"],"picked":"Streamline","floor":10.0},{"not_picked":["Fusion","Stack"],"picked":"Leap","floor":11.0},{"not_picked":["hubris:DoWhile","Ball Lightning"],"picked":"ReplayTheSpireMod:Fabricate Wheel","floor":12.0},{"not_picked":["hubris:Ukulele","Hologram"],"picked":"Conserve Battery","floor":14},{"not_picked":["ReplaySolidLightProjector","hubris:Ukulele","ReplayTheSpireMod:GoodbyeWorld"],"picked":"SKIP","floor":14},{"not_picked":["Multi-Cast","Machine Learning"],"picked":"Hyperbeam","floor":16},{"not_picked":["Compile Driver+1","Crystallizer+1"],"picked":"Redo+1","floor":18},{"not_picked":["Conserve Battery","Beam Cell"],"picked":"Coolheaded+1","floor":18},{"not_picked":["Cold Snap","Sweeping Beam+1"],"picked":"Melter+1","floor":19},{"not_picked":["Compile Driver","Cold Snap"],"picked":"FIFO Queue","floor":19},{"not_picked":["infinitespire:UltimateForm","ReplayTheSpireMod:Haul"],"picked":"infinitespire:SevenWalls","floor":20},{"not_picked":[],"picked":"Streamline+1","floor":22},{"not_picked":["Streamline"],"picked":"SKIP","floor":22}],"player_experience":289441,"relics_obtained":[{"floor":6.0,"key":"Golden Egg"},{"floor":9.0,"key":"Ice Cream"},{"floor":12.0,"key":"Boot"}],"event_choices":[{"damage_healed":0.0,"max_hp_gain":0.0,"max_hp_loss":0.0,"gold_gain":30.0,"event_name":"Dead Adventurer","player_choice":"Searched \u00273\u0027 times","floor":7.0,"gold_loss":0.0,"damage_taken":0.0,"relics_obtained":["Quantum Egg"]}],"is_beta":false,"boss_relics":[{"not_picked":["infinitespire:Cupcake","Fusion Hammer"],"picked":"Replay:Wanted Poster"}],"items_purged_floors":[],"is_endless":false,"potions_floor_spawned":[2,5,6,12,16],"killed_by":"Slavers","ascension_level":6}}