{"host":"2m78pqva0leqn903","time":1609342942,"event":{"mods":["BaseMod","Minty Spire (QoL Compilation)","StSLib","TestMod"],"gold_per_floor":[115,40,190,200,215,249,260,260,284,284,284,284,284],"floor_reached":12,"playtime":268,"items_purged":[],"score":156,"play_id":"483607da-9d75-43cd-b5d1-1d617a7fe9d2","local_time":"20201230234222","is_ascension_mode":true,"campfire_choices":[{"data":"Body Slam","floor":8,"key":"SMITH"},{"data":"Flame Barrier","floor":11,"key":"SMITH"}],"circlet_count":0,"master_deck":["AscendersBane","Strike_R","Strike_R","Strike_R","Strike_R","Strike_R","Defend_R","Defend_R","Defend_R+1","Defend_R","Bash+1","Evolve","Doubt","Flame Barrier+1","Battle Trance","Body Slam+1"],"relics":["Burning Blood","testmod-TestBox","testmod-ConstraintPeriapt","NeowsBlessing","testmod-IndustrialRevolution","Juzu Bracelet"],"acts_visited":["Exordium"],"potions_floor_usage":[],"damage_taken":[{"damage":0,"enemies":"Small Slimes","floor":1,"turns":1},{"damage":0,"enemies":"Jaw Worm","floor":4,"turns":1},{"damage":0,"enemies":"Cultist","floor":5,"turns":1},{"damage":58,"enemies":"Gremlin Nob","floor":6,"turns":5},{"damage":11,"enemies":"Red Slaver","floor":7,"turns":3},{"damage":10,"enemies":"3 Sentries","floor":12,"turns":1}],"seed_played":"6623749805407156222","potions_obtained":[{"floor":4,"key":"Energy Potion"},{"floor":6,"key":"Energy Potion"}],"is_trial":false,"path_per_floor":["M","$","?","M","M","E","M","R","T","?","R","E"],"character_chosen":"IRONCLAD","items_purchased":["Evolve"],"campfire_rested":0,"item_purchase_floors":[2],"current_hp_per_floor":[74,74,74,75,75,25,27,27,27,4,4,0,0],"gold":284,"neow_bonus":"THREE_ENEMY_KILL","is_daily":false,"chose_seed":false,"campfire_upgraded":2,"win_rate":0.0,"timestamp":1609342942,"path_taken":["M","$","?","M","M","E","M","R","T","?","R","E"],"items_purchased_type":["Card"],"build_version":"2020-12-22","purchased_purges":0,"victory":false,"max_hp_per_floor":[75,75,75,75,75,75,75,75,75,75,75,75,75],"card_choices":[{"not_picked":["Headbutt","Disarm","Clash"],"picked":"SKIP","floor":1},{"not_picked":["Wild Strike","Sword Boomerang"],"picked":"Flame Barrier","floor":4},{"not_picked":["Intimidate","Warcry"],"picked":"Battle Trance","floor":5},{"not_picked":["Clothesline","Bludgeon","Rage"],"picked":"SKIP","floor":6},{"not_picked":["Cleave","Combust"],"picked":"Body Slam","floor":7}],"player_experience":879629,"relics_obtained":[{"floor":6,"key":"testmod-IndustrialRevolution"},{"floor":9,"key":"Juzu Bracelet"}],"event_choices":[{"damage_healed":0,"gold_gain":150,"player_choice":"AGREE","damage_taken":0,"max_hp_gain":0,"max_hp_loss":0,"event_name":"Liars Game","floor":3,"gold_loss":0,"cards_obtained":["Doubt"]},{"damage_healed":0,"gold_gain":0,"player_choice":"Entered Light","damage_taken":23,"max_hp_gain":0,"max_hp_loss":0,"event_name":"Shining Light","floor":10,"gold_loss":0,"cards_upgraded":["Bash","Defend_R"]}],"is_beta":false,"boss_relics":[],"items_purged_floors":[],"is_endless":false,"potions_floor_spawned":[4,6],"killed_by":"3 Sentries","ascension_level":20}}