{"host":"sc0o2qwpf9j16a4i","time":1609327684,"event":{"mods":["AchievementEnabler","BaseMod","BetterRewards","Block Reminder","Colored Map","Colored Powertips","Custom Start","Highlight Path","Minty Spire (QoL Compilation)","Relic Stats"],"gold_per_floor":[115,130,130,57,57,57,90,119,171,171,200,213,242,257,257,359,359,376,53,53,73,83,83,108,128,128,144,171,171,188,188,188,293,293,309,359,44,44,57,57,88,106,185,185,38,68,96,9,9,9],"floor_reached":51,"playtime":3088,"items_purged":[],"score":951,"play_id":"af306a58-09d7-4091-ab51-2b18794c38ec","local_time":"20201230132804","daily_mods":["SealedDeck","DeadlyEvents"],"is_ascension_mode":false,"campfire_choices":[{"data":"Battle Trance","floor":6.0,"key":"SMITH"},{"data":"Demon Form","floor":15.0,"key":"SMITH"},{"data":"Body Slam","floor":23,"key":"SMITH"},{"data":"Feel No Pain","floor":32,"key":"SMITH"},{"floor":40,"key":"DIG"},{"floor":44,"key":"DIG"},{"floor":49,"key":"DIG"}],"circlet_count":0,"master_deck":["Body Slam+1","Thunderclap","Metallicize","Spot Weakness+1","Battle Trance+1","Armaments+1","Clothesline","Iron Wave","Iron Wave","Disarm+1","Flame Barrier+1","Demon Form+1","Body Slam+1","Feed","Enlightenment+1","Shrug It Off+1","Entrench+1","Feel No Pain+1","Exhume+1","Flame Barrier+1","True Grit+1","Disarm+1","Sentinel+1","Dark Embrace","Infernal Blade+1","Intimidate+1","True Grit+1","Shrug It Off+1","Dark Embrace"],"relics":["Black Blood","Centennial Puzzle","Boot","Nunchaku","Pen Nib","Bag of Marbles","Kunai","SlaversCollar","Toxic Egg 2","Singing Bowl","Red Skull","PreservedInsect","War Paint","The Courier","Ice Cream","Shovel","White Beast Statue","Vajra","HornCleat","Happy Flower","Shuriken","Ginger","Akabeko"],"acts_visited":["Exordium","TheCity","TheBeyond"],"potions_floor_usage":[28,30,39,50,50,50],"damage_taken":[{"damage":0.0,"enemies":"Jaw Worm","floor":1.0,"turns":3.0},{"damage":6.0,"enemies":"2 Louse","floor":2.0,"turns":2.0},{"damage":6.0,"enemies":"Gremlin Nob","floor":7.0,"turns":4.0},{"damage":0.0,"enemies":"3 Sentries","floor":8.0,"turns":4.0},{"damage":8.0,"enemies":"Gremlin Nob","floor":11.0,"turns":4.0},{"damage":0.0,"enemies":"Cultist","floor":12.0,"turns":4.0},{"damage":0.0,"enemies":"Lagavulin","floor":13.0,"turns":6.0},{"damage":5.0,"enemies":"Large Slime","floor":14.0,"turns":4.0},{"damage":41.0,"enemies":"Slime Boss","floor":16.0,"turns":7.0},{"damage":0.0,"enemies":"Shell Parasite","floor":18.0,"turns":2.0},{"damage":1,"enemies":"Chosen","floor":21,"turns":3},{"damage":0,"enemies":"Centurion and Healer","floor":22,"turns":5},{"damage":9,"enemies":"Slavers","floor":24,"turns":4},{"damage":13,"enemies":"Snake Plant","floor":25,"turns":5},{"damage":14,"enemies":"Snecko","floor":27,"turns":8},{"damage":18,"enemies":"Gremlin Leader","floor":28,"turns":6},{"damage":0,"enemies":"Chosen and Byrds","floor":30,"turns":6},{"damage":1,"enemies":"Collector","floor":33,"turns":8},{"damage":13,"enemies":"3 Shapes","floor":35,"turns":6},{"damage":0,"enemies":"Mind Bloom Boss Battle","floor":36,"turns":6},{"damage":39,"enemies":"Orb Walker","floor":39,"turns":7},{"damage":0,"enemies":"Nemesis","floor":41,"turns":9},{"damage":2,"enemies":"Maw","floor":42,"turns":9},{"damage":0,"enemies":"Giant Head","floor":46,"turns":6},{"damage":17,"enemies":"Nemesis","floor":47,"turns":8},{"damage":9,"enemies":"Donu and Deca","floor":50,"turns":5}],"seed_played":"-2733982278142449031","potions_obtained":[{"floor":7.0,"key":"Strength Potion"},{"floor":11.0,"key":"Explosive Potion"},{"floor":28,"key":"Explosive Potion"},{"floor":33,"key":"ColorlessPotion"},{"floor":41,"key":"ElixirPotion"}],"is_trial":true,"path_per_floor":["M","M","?","$","?","R","E","E","T","T","E","M","E","M","R","B",null,"M","$","?","M","M","R","E","M","T","M","E","T","M","T","R","B",null,"M","?","$","?","M","R","E","M","T","R","$","E","E","$","R","B",null],"character_chosen":"IRONCLAD","items_purchased":["DuplicationPotion","Toxic Egg 2","Enlightenment+1","Flame Barrier+1","Shovel","True Grit+1","Dark Embrace","Infernal Blade+1","Intimidate+1","Shrug It Off+1","Dark Embrace"],"campfire_rested":0,"item_purchase_floors":[4,19,19,37,37,37,45,45,45,48,48],"current_hp_per_floor":[80,80,64,64,64,64,64,70,70,70,68,74,80,80,80,45,80,83,83,83,87,87,87,87,86,86,84,77,77,86,86,86,95,114,121,124,124,124,97,97,115,129,129,129,129,137,138,138,138,147],"gold":9,"neow_bonus":"","is_daily":false,"chose_seed":false,"campfire_upgraded":4,"win_rate":0.0,"timestamp":1609327684,"path_taken":["M","M","?","$","?","R","?","E","T","?","E","M","E","M","R","BOSS","M","$","?","M","M","R","E","M","T","M","E","?","?","?","R","BOSS","M","?","$","?","M","R","E","M","T","R","$","E","?","?","R","BOSS"],"items_purchased_type":["Potion","Relic","Card","Card","Relic","Card","Card","Card","Card","Card","Card"],"build_version":"2020-12-22","purchased_purges":0,"victory":true,"max_hp_per_floor":[80,80,80,80,80,80,80,80,80,80,80,80,80,80,80,80,80,83,83,83,87,87,87,90,96,96,102,107,107,110,110,110,114,114,122,124,124,124,124,124,130,134,134,134,134,137,143,143,143,149],"relic_stats":{"Singing Bowl":14,"Happy Flower":[6],"counters":[26,141],"Black Blood":162,"Pen Nib":[18],"PreservedInsect":219,"Ginger":[0],"War Paint":["Spot Weakness","Flame Barrier"],"Boot":[46],"Centennial Puzzle":[42],"Nunchaku":[18],"Shovel":3,"Shuriken":[2],"Kunai":[21],"obtain_stats":[{"Ice Cream":36,"Singing Bowl":24,"Happy Flower":44,"Black Blood":34,"Vajra":41,"Pen Nib":10,"PreservedInsect":28,"The Courier":31,"Ginger":47,"War Paint":29,"Boot":8,"Burning Blood":0,"White Beast Statue":40,"Akabeko":49,"SlaversCollar":17,"Centennial Puzzle":7,"Nunchaku":9,"Shovel":37,"HornCleat":43,"Shuriken":46,"Bag of Marbles":11,"Kunai":13,"Toxic Egg 2":19,"Red Skull":26},{"Ice Cream":20,"Singing Bowl":13,"Happy Flower":23,"Black Blood":18,"Vajra":22,"Pen Nib":4,"PreservedInsect":16,"The Courier":17,"Ginger":25,"War Paint":16,"Boot":4,"Burning Blood":0,"White Beast Statue":21,"Akabeko":25,"SlaversCollar":9,"Centennial Puzzle":3,"Nunchaku":4,"Shovel":20,"HornCleat":23,"Shuriken":24,"Bag of Marbles":5,"Kunai":7,"Toxic Egg 2":10,"Red Skull":14},{"Ice Cream":97,"Singing Bowl":52,"Happy Flower":122,"Black Blood":85,"Vajra":113,"Pen Nib":13,"PreservedInsect":71,"The Courier":77,"Ginger":136,"War Paint":71,"Boot":13,"Burning Blood":0,"White Beast Statue":104,"Akabeko":136,"SlaversCollar":38,"Centennial Puzzle":9,"Nunchaku":13,"Shovel":97,"HornCleat":122,"Shuriken":128,"Bag of Marbles":17,"Kunai":27,"Toxic Egg 2":40,"Red Skull":57}]},"card_choices":[{"not_picked":["Headbutt","Dark Embrace","Sword Boomerang"],"picked":"SKIP","floor":1.0},{"not_picked":["Infernal Blade","Warcry"],"picked":"Disarm","floor":2.0},{"not_picked":["Clothesline","Dropkick","True Grit"],"picked":"SKIP","floor":7.0},{"not_picked":["Clothesline","Dropkick","True Grit"],"picked":"SKIP","floor":7.0},{"not_picked":["True Grit","Iron Wave"],"picked":"Flame Barrier","floor":8.0},{"not_picked":["Sword Boomerang","Clothesline"],"picked":"Demon Form","floor":11.0},{"not_picked":["Headbutt","Wild Strike","Twin Strike"],"picked":"SKIP","floor":12.0},{"not_picked":["Rupture","Seeing Red","Iron Wave"],"picked":"SKIP","floor":13.0},{"not_picked":["Flex","Bludgeon"],"picked":"Body Slam","floor":14.0},{"not_picked":["Offering","Bludgeon"],"picked":"Feed","floor":16.0},{"not_picked":["Metallicize","Sever Soul","Body Slam"],"picked":"SKIP","floor":18.0},{"not_picked":["Body Slam","Perfected Strike+1","Anger"],"picked":"SKIP","floor":21},{"not_picked":["Battle Trance+1","Anger"],"picked":"Shrug It Off+1","floor":22},{"not_picked":["Perfected Strike","Shrug It Off+1"],"picked":"Entrench+1","floor":24},{"not_picked":["Anger","Cleave","Havoc+1"],"picked":"Singing Bowl","floor":25},{"not_picked":["Bloodletting+1","Demon Form","Headbutt+1"],"picked":"Singing Bowl","floor":27},{"not_picked":["Immolate","Rupture+1","Battle Trance+1"],"picked":"Singing Bowl","floor":28},{"not_picked":["Shrug It Off+1","Disarm+1"],"picked":"Feel No Pain","floor":30},{"not_picked":["Impervious+1","Fiend Fire"],"picked":"Exhume+1","floor":33},{"not_picked":["Reckless Charge","Thunderclap+1","Havoc+1"],"picked":"Singing Bowl","floor":35},{"not_picked":["Pummel","Headbutt","Wild Strike+1"],"picked":"Singing Bowl","floor":36},{"not_picked":["Entrench+1","Shockwave+1"],"picked":"Disarm+1","floor":39},{"not_picked":["Iron Wave+1","Sever Soul","Berserk"],"picked":"Singing Bowl","floor":41},{"not_picked":["True Grit+1","Wild Strike"],"picked":"Sentinel+1","floor":42},{"not_picked":["Dropkick","Clothesline+1"],"picked":"True Grit+1","floor":46},{"not_picked":["Thunderclap","Clash","Rampage"],"picked":"Singing Bowl","floor":47}],"player_experience":435074,"relics_obtained":[{"floor":7.0,"key":"Centennial Puzzle"},{"floor":8.0,"key":"Boot"},{"floor":9.0,"key":"Nunchaku"},{"floor":10.0,"key":"Pen Nib"},{"floor":11.0,"key":"Bag of Marbles"},{"floor":13.0,"key":"Kunai"},{"floor":24,"key":"Singing Bowl"},{"floor":26,"key":"Red Skull"},{"floor":28,"key":"PreservedInsect"},{"floor":29,"key":"War Paint"},{"floor":31,"key":"The Courier"},{"floor":36,"key":"Ice Cream"},{"floor":40,"key":"White Beast Statue"},{"floor":41,"key":"Vajra"},{"floor":43,"key":"HornCleat"},{"floor":44,"key":"Happy Flower"},{"floor":46,"key":"Shuriken"},{"floor":47,"key":"Ginger"},{"floor":49,"key":"Akabeko"}],"event_choices":[{"damage_healed":0.0,"max_hp_gain":0.0,"max_hp_loss":0.0,"gold_gain":0.0,"event_name":"Shining Light","player_choice":"Entered Light","floor":3.0,"gold_loss":0.0,"damage_taken":16.0,"cards_upgraded":["Disarm","Body Slam"]},{"damage_healed":0.0,"max_hp_gain":0.0,"max_hp_loss":0.0,"gold_gain":0.0,"event_name":"Upgrade Shrine","player_choice":"Upgraded","floor":5.0,"gold_loss":0.0,"damage_taken":0.0,"cards_upgraded":["Armaments"]},{"damage_healed":0,"gold_gain":0,"player_choice":"Fight","damage_taken":0,"max_hp_gain":0,"max_hp_loss":0,"event_name":"MindBloom","floor":36,"gold_loss":0},{"cards_removed":["Iron Wave"],"damage_healed":0,"gold_gain":0,"player_choice":"Card Removal","damage_taken":0,"max_hp_gain":0,"max_hp_loss":0,"event_name":"Wheel of Change","floor":38,"gold_loss":0}],"is_beta":false,"boss_relics":[{"not_picked":["Coffee Dripper","Cursed Key"],"picked":"SlaversCollar"},{"not_picked":["Velvet Choker","Tiny House"],"picked":"Black Blood"}],"items_purged_floors":[],"is_endless":false,"potions_floor_spawned":[7,11,12,16,21,25,27,28,33,35,36,41,42,46,47],"ascension_level":0}}