{"host":"gk9qdtkqd8dwfeg2","time":1609333038,"event":{"mods":["Aspiration","BaseMod","Colored Powertips","KomeijiMod","Minty Spire (QoL Compilation)","Quick Restart","Replay The Spire","Shop Mod","StSLib","TestMod","The Gatherer","The Servant 0.9.4","Waifu the Spire","WarShipGirlsR/战舰少女R mod","Yuri Mod","【功能Mod】聪明的最终Boss"],"gold_per_floor":[110,110,63,63,63,91,91,118,200,50,67,83,116,128,128,225,225,246,246,260,260,185,185,192,192],"floor_reached":24,"playtime":558,"items_purged":[],"score":341,"play_id":"7ed641a7-e662-4ccc-b790-67ef1974b825","local_time":"20201230205718","is_ascension_mode":true,"campfire_choices":[{"data":"Abandon","floor":7,"key":"SMITH"},{"data":"Demon Form","floor":23,"key":"SMITH"}],"circlet_count":0,"master_deck":["Strike_R","Defend_R","Defend_R","Defend_R","Bash","Abandon+1","Pot Of Greed","Disarm","Pot Of Greed","ReplayTheSpireMod:Strike From Hell","Demon Form+1","Feed","CurseOfTheBell","Second Wind+1","Battle Trance","Quick Slash","Dagger Spray","Endless Agony"],"relics":["Burning Blood","testmod-TestBox","testmod-BlackFramedGlasses","NeowsBlessing","StoneCalendar","Grinning Jar","Letter Opener","MerchantsRug","Regal Pillow","Calling Bell","testmod-Acrobat","ReplayTheSpireMod:Ninjato","aspiration:AnachronicSnailShell","testmod-CrystalShield"],"acts_visited":["Exordium","TheCity"],"potions_floor_usage":[18,20,24,24],"damage_taken":[{"damage":0.0,"enemies":"Jaw Worm","floor":1.0,"turns":1.0},{"damage":0,"enemies":"3 Sentries","floor":6,"turns":1},{"damage":0,"enemies":"Replay:BlueRogue","floor":8,"turns":1},{"damage":3,"enemies":"Small Slimes","floor":11,"turns":3},{"damage":0,"enemies":"Cultist","floor":12,"turns":2},{"damage":36,"enemies":"Lagavulin","floor":13,"turns":5},{"damage":9,"enemies":"Red Slaver","floor":14,"turns":2},{"damage":37,"enemies":"Hexaghost","floor":16,"turns":9},{"damage":53,"enemies":"2 Thieves","floor":18,"turns":5},{"damage":17,"enemies":"Shell Parasite","floor":20,"turns":6},{"damage":44,"enemies":"Book of Stabbing","floor":24,"turns":4}],"seed_played":"216347346458706360","potions_obtained":[{"floor":1.0,"key":"CalmPotion"},{"floor":11,"key":"EntropicBrew"},{"floor":13,"key":"SteroidPotion"},{"floor":18,"key":"Regen Potion"}],"is_trial":false,"path_per_floor":["M","?","$","?","?","E","R","E","T","$","M","M","E","M","R","B",null,"M","T","M","?","?","R","E"],"character_chosen":"IRONCLAD","items_purchased":["Perfected Strike","MerchantsRug"],"campfire_rested":0,"item_purchase_floors":[3,10],"current_hp_per_floor":[79,79,79,72,72,79,79,80,80,80,80,80,53,52,52,30,68,29,29,39,39,39,39,0,0],"gold":192,"neow_bonus":"THREE_ENEMY_KILL","is_daily":false,"chose_seed":false,"campfire_upgraded":2,"win_rate":0.0,"timestamp":1609333038,"path_taken":["M","?","$","?","?","E","R","E","T","$","M","?","E","M","R","BOSS","M","?","M","?","?","R","E"],"items_purchased_type":["Card","Relic"],"build_version":"2020-12-22","purchased_purges":0,"victory":false,"max_hp_per_floor":[80,80,80,80,80,80,80,80,80,80,80,80,80,80,80,80,80,83,83,83,83,83,83,83,83],"card_choices":[{"not_picked":["Ghostly Armor","Inflame"],"picked":"Perfected Strike","floor":1.0},{"not_picked":["Clothesline","Sever Soul"],"picked":"Abandon","floor":6},{"not_picked":["Sentinel","Uppercut","Life Link"],"picked":"SKIP","floor":8},{"not_picked":["Cleave","Heavy Blade","Clothesline"],"picked":"SKIP","floor":11},{"not_picked":["Disarm","True Grit","Thunderclap"],"picked":"SKIP","floor":12},{"not_picked":["True Grit","Thunderclap"],"picked":"Disarm","floor":12},{"not_picked":["Double Tap","Carnage","Pommel Strike"],"picked":"SKIP","floor":13},{"not_picked":["Pommel Strike","Reaper"],"picked":"ReplayTheSpireMod:Strike From Hell","floor":14},{"not_picked":["Brutality","Eclipse"],"picked":"Feed","floor":16},{"not_picked":["Clash+1","Havoc"],"picked":"Second Wind+1","floor":18},{"not_picked":["Anger","Warcry"],"picked":"Battle Trance","floor":20}],"player_experience":583523,"relics_obtained":[{"floor":6,"key":"StoneCalendar"},{"floor":8,"key":"Grinning Jar"},{"floor":9,"key":"Letter Opener"},{"floor":13,"key":"Regal Pillow"},{"floor":17,"key":"testmod-Acrobat"},{"floor":17,"key":"ReplayTheSpireMod:Ninjato"},{"floor":17,"key":"aspiration:AnachronicSnailShell"},{"floor":19,"key":"testmod-CrystalShield"}],"event_choices":[{"damage_healed":0,"gold_gain":0,"player_choice":"Grow","damage_taken":0,"max_hp_gain":0,"max_hp_loss":0,"event_name":"Living Wall","floor":2,"gold_loss":0,"cards_upgraded":["Perfected Strike"]},{"cards_removed":["Strike_R"],"damage_healed":0,"gold_gain":0,"player_choice":"Card Removal","damage_taken":7,"max_hp_gain":0,"max_hp_loss":0,"event_name":"Golden Wing","floor":4,"gold_loss":0},{"cards_removed":["Defend_R"],"damage_healed":0,"gold_gain":0,"player_choice":"Offered Basic","damage_taken":0,"max_hp_gain":0,"max_hp_loss":0,"event_name":"Bonfire Elementals","floor":5,"gold_loss":0},{"cards_removed":["Perfected Strike"],"damage_healed":0,"gold_gain":0,"player_choice":"Gave Gold","damage_taken":0,"max_hp_gain":0,"max_hp_loss":0,"event_name":"Beggar","floor":22,"gold_loss":75}],"is_beta":false,"boss_relics":[{"not_picked":["testmod-IncinerationGenerator","aspiration:RandomNobGenerator"],"picked":"Calling Bell"}],"items_purged_floors":[],"is_endless":false,"potions_floor_spawned":[1,11,13,14,18],"killed_by":"Book of Stabbing","ascension_level":6}}