{"host":"avjwtc49fhlk6kym","time":1609368452,"event":{"mods":["AchievementEnabler","BaseMod","Better Match","Better Note","Better Third Choice","Colored Map","Colored Powertips","Displayed Cursed Tome","Highlight Path","Minty Spire (QoL Compilation)","Permanent Neow","Quick Restart","StSLib"],"gold_per_floor":[109,122,47,66,31,31,50,50,50,62,77,77,77,101,101,231,231,244,62,62,87,87,87,108,133,156,177,177,177],"floor_reached":28,"playtime":1011,"items_purged":["Normality"],"score":214,"play_id":"58d93195-ce42-43f4-8500-4ac8a6c0c428","local_time":"20201230174732","is_ascension_mode":false,"campfire_choices":[{"data":"CrushJoints","floor":6.0,"key":"SMITH"},{"data":"Eruption","floor":8.0,"key":"SMITH"},{"data":"FollowUp","floor":12.0,"key":"SMITH"},{"floor":15.0,"key":"REST"},{"floor":23.0,"key":"REST"}],"circlet_count":0,"master_deck":["Strike_P","Strike_P","Strike_P","Strike_P","Defend_P","Defend_P","Defend_P","Defend_P","Eruption+1","Vigilance","Consecrate","CrushJoints+1","Protect","Wallop","Protect","FollowUp+1","FollowUp","BowlingBash","Establishment","Evaluate+1","FollowUp","CrushJoints+1","Swivel+1","Mind Blast","CarveReality","Consecrate+1","Evaluate+1"],"relics":["PureWater","Torii","Bronze Scales","Golden Idol","SlaversCollar","Damaru"],"acts_visited":["Exordium","TheCity"],"potions_floor_usage":[27],"damage_taken":[{"damage":1.0,"enemies":"Cultist","floor":1.0,"turns":4.0},{"damage":10.0,"enemies":"Small Slimes","floor":2.0,"turns":2.0},{"damage":2.0,"enemies":"2 Louse","floor":4.0,"turns":2.0},{"damage":1.0,"enemies":"Looter","floor":7.0,"turns":3.0},{"damage":0.0,"enemies":"Large Slime","floor":10.0,"turns":4.0},{"damage":0.0,"enemies":"2 Fungi Beasts","floor":11.0,"turns":3.0},{"damage":0.0,"enemies":"Red Slaver","floor":14.0,"turns":2.0},{"damage":27.0,"enemies":"Hexaghost","floor":16.0,"turns":9.0},{"damage":22.0,"enemies":"2 Thieves","floor":18.0,"turns":5.0},{"damage":12.0,"enemies":"Shell Parasite","floor":21.0,"turns":5.0},{"damage":23.0,"enemies":"Shelled Parasite and Fungi","floor":24.0,"turns":6.0},{"damage":2,"enemies":"Centurion and Healer","floor":25,"turns":4},{"damage":9,"enemies":"3 Cultists","floor":27,"turns":6},{"damage":16,"enemies":"Snake Plant","floor":28,"turns":3}],"seed_played":"-2226973738391794826","potions_obtained":[{"floor":1.0,"key":"SmokeBomb"},{"floor":2.0,"key":"SkillPotion"},{"floor":10.0,"key":"Swift Potion"},{"floor":25,"key":"AttackPotion"}],"is_trial":false,"path_per_floor":["M","M","$","M","$","R","M","R","T","M","M","R","?","M","R","B",null,"M","$","?","M","?","R","M","M","T","M","M"],"character_chosen":"WATCHER","items_purchased":["Wallop","Damaru","FollowUp"],"campfire_rested":2,"item_purchase_floors":[5,19,19],"current_hp_per_floor":[71,61,61,59,59,59,58,58,58,58,58,58,40,40,61,34,72,50,50,50,38,26,47,24,22,22,13,0,0],"gold":177,"neow_bonus":"ONE_RARE_RELIC","is_daily":false,"chose_seed":false,"campfire_upgraded":3,"win_rate":0.0,"timestamp":1609368452,"path_taken":["M","M","$","M","?","R","M","R","T","?","M","R","?","M","R","BOSS","M","$","?","M","?","R","M","M","T","M","M"],"items_purchased_type":["Card","Relic","Card"],"build_version":"2020-12-22","purchased_purges":1,"victory":false,"max_hp_per_floor":[72,72,72,72,72,72,72,72,72,72,72,72,72,72,72,72,72,72,72,72,72,72,72,72,72,72,72,72,72],"card_choices":[{"not_picked":["JustLucky","Tantrum"],"picked":"Consecrate","floor":1.0},{"not_picked":["ThirdEye","ForeignInfluence"],"picked":"CrushJoints","floor":2.0},{"not_picked":["JustLucky","Worship"],"picked":"Protect","floor":4.0},{"not_picked":["WaveOfTheHand","EmptyBody"],"picked":"Protect","floor":7.0},{"not_picked":["CutThroughFate","MentalFortress"],"picked":"FollowUp","floor":10.0},{"not_picked":["Sanctity","JustLucky"],"picked":"FollowUp","floor":11.0},{"not_picked":["Weave","SashWhip"],"picked":"BowlingBash","floor":14.0},{"not_picked":["Vault","SpiritShield"],"picked":"Establishment","floor":16.0},{"not_picked":["JustLucky","Halt"],"picked":"Evaluate+1","floor":18.0},{"not_picked":["Indignation+1","CrushJoints"],"picked":"Swivel+1","floor":21.0},{"not_picked":["Crescendo+1","Protect"],"picked":"CarveReality","floor":24.0},{"not_picked":["Tantrum+1","Blasphemy"],"picked":"Consecrate+1","floor":25},{"not_picked":["CutThroughFate","TalkToTheHand"],"picked":"Evaluate+1","floor":27}],"player_experience":358681,"relics_obtained":[{"floor":9.0,"key":"Bronze Scales"}],"event_choices":[{"damage_healed":0.0,"max_hp_gain":0.0,"max_hp_loss":0.0,"gold_gain":0.0,"event_name":"Golden Idol","player_choice":"Take Damage","floor":13.0,"gold_loss":0.0,"damage_taken":18.0,"relics_obtained":["Golden Idol"]},{"damage_healed":0.0,"max_hp_gain":0.0,"max_hp_loss":0.0,"gold_gain":0.0,"event_name":"Duplicator","player_choice":"Copied","floor":20.0,"gold_loss":0.0,"damage_taken":0.0,"cards_obtained":["CrushJoints"]},{"damage_healed":0.0,"max_hp_gain":0.0,"max_hp_loss":0.0,"gold_gain":0.0,"event_name":"Knowing Skull","player_choice":"CARD ","floor":22.0,"potions_obtained":[],"gold_loss":0.0,"damage_taken":12.0,"cards_obtained":["Mind Blast"]}],"is_beta":false,"boss_relics":[{"not_picked":["Astrolabe","Ectoplasm"],"picked":"SlaversCollar"}],"items_purged_floors":[3],"is_endless":false,"potions_floor_spawned":[1,2,10,25],"killed_by":"Snake Plant","ascension_level":0}}