{"host":"93x13jgem5w43hjr","time":1609363765,"event":{"mods":["AchievementEnabler","BaseMod","Better Note","Colored Map","Colored Powertips","Downfall","Minty Spire (QoL Compilation)","Rare Cards Sparkle","Replay The Spire","StSLib","Waifu the Spire"],"gold_per_floor":[349,367,467,98,98,130,130,130,130,160,160,175,175,206,223,318,318,318,330,345,27,41,68,68,68,68,68,94,19,75,121,172,294,294,294,336,372,153,176,226,226,259,295,322,358,358,358],"floor_reached":45,"playtime":3501,"items_purged":["Guardian:Strike_Guardian","Guardian:Defend_Guardian","Guardian:Suspension"],"score":633,"play_id":"5033e1e2-22d7-489d-a5f3-aeb344c3aec8","local_time":"20201230142925","is_ascension_mode":true,"campfire_choices":[{"floor":1.0,"key":"DIG"},{"data":"Guardian:SpikerProtocol","floor":11.0,"key":"SMITH"},{"floor":13.0,"key":"REST"},{"floor":18.0,"key":"RECALL"},{"data":"Guardian:SphericShield","floor":25.0,"key":"SMITH"},{"data":"Guardian:FierceBash","floor":27.0,"key":"SMITH"},{"floor":29.0,"key":"REST"},{"floor":35,"key":"DIG"}],"circlet_count":0,"master_deck":["Guardian:Strike_Guardian","Guardian:Strike_Guardian","Guardian:Defend_Guardian","Guardian:Defend_Guardian","Guardian:Defend_Guardian","Guardian:CurlUp","Guardian:TwinSlam","Guardian:ChargeCore","Guardian:TemporalStrike","Guardian:SpikerProtocol+1","Guardian:DonusPower+1","Guardian:GuardianWhirl","Guardian:ChargeCore","Guardian:SphericShield+1","Guardian:ShieldCharger","Guardian:FierceBash+1","Guardian:EvasiveProtocol","Guardian:Emergency","Guardian:StasisStrike","Guardian:TemporalStrike","Guardian:ChargeUp","Guardian:TwinSlam","Guardian:SpikerProtocol+1","Guardian:DonusPower","Guardian:Harden+1","The Bomb","ReplayUltimateDefense","expansioncontent:YouAreMine","Specialist","Guardian:TimeCapacitor","Guardian:Gem_Orange"],"relics":["Guardian:ModeShifter","Matryoshka","MealTicket","Ancient Tea Set","White Beast Statue","Kunai","Guardian:PickAxe","Nunchaku","Simple Rune","Sozu","Strange Spoon","Singing Bowl","Replay:Bandana","Replay:Bottled Snecko","downfall:HeartBlessingRed","ReplayFunnel","Snecko Eye","Oddly Smooth Stone","Replay:Baseball","ReplayTheSpireMod:ShopPack","Blue Doll"],"acts_visited":["Exordium","TheCity","TheBeyond"],"potions_floor_usage":[45],"damage_taken":[{"damage":3.0,"enemies":"2 Louse","floor":2.0,"turns":2.0},{"damage":0.0,"enemies":"downfall:FleeingMerchant","floor":4.0,"turns":4.0},{"damage":19.0,"enemies":"3 Sentries","floor":6.0,"turns":11.0},{"damage":7.0,"enemies":"3 Sentries","floor":8.0,"turns":3.0},{"damage":16.0,"enemies":"Gremlin Nob","floor":10.0,"turns":4.0},{"damage":0.0,"enemies":"Jaw Worm","floor":12.0,"turns":2.0},{"damage":3.0,"enemies":"Lagavulin","floor":14.0,"turns":3.0},{"damage":0.0,"enemies":"Cultist","floor":15.0,"turns":4.0},{"damage":14.0,"enemies":"downfall:Watcher","floor":16.0,"turns":10.0},{"damage":0.0,"enemies":"Shell Parasite","floor":19.0,"turns":4.0},{"damage":0.0,"enemies":"Sentry and Sphere","floor":20.0,"turns":4.0},{"damage":0.0,"enemies":"downfall:FleeingMerchant","floor":21.0,"turns":4.0},{"damage":13.0,"enemies":"Shelled Parasite and Fungi","floor":22.0,"turns":5.0},{"damage":17.0,"enemies":"Slavers","floor":23.0,"turns":7.0},{"damage":0.0,"enemies":"Chosen and Byrds","floor":28.0,"turns":4.0},{"damage":0.0,"enemies":"3 Cultists","floor":30.0,"turns":4.0},{"damage":0.0,"enemies":"Replay:Snechameleon","floor":31.0,"turns":4.0},{"damage":7.0,"enemies":"Snecko","floor":32.0,"turns":3.0},{"damage":26,"enemies":"downfall:Ironclad","floor":33,"turns":6},{"damage":0,"enemies":"3 Shapes","floor":36,"turns":3},{"damage":0,"enemies":"Orb Walker","floor":37,"turns":3},{"damage":6,"enemies":"downfall:FleeingMerchant","floor":38,"turns":3},{"damage":0,"enemies":"Sphere and 2 Shapes","floor":39,"turns":4},{"damage":20,"enemies":"Jaw Worm Horde","floor":40,"turns":3},{"damage":14,"enemies":"Transient","floor":42,"turns":5},{"damage":0,"enemies":"Nemesis","floor":43,"turns":5},{"damage":3,"enemies":"3 Darklings","floor":44,"turns":4},{"damage":55,"enemies":"Reptomancer","floor":45,"turns":3}],"seed_played":"-1451042367187357403","potions_obtained":[{"floor":10.0,"key":"SpeedPotion"},{"floor":12.0,"key":"SteroidPotion"},{"floor":14.0,"key":"hexamod:EctoCoolerPotion"},{"floor":15.0,"key":"Elixir"},{"floor":16.0,"key":"Guardian:StasisDiscoveryPotion"}],"is_trial":false,"path_per_floor":["R_BF","M","?","$","?","E","T","?","?","E","R","M","R","E","M","B",null,"R","M","M","$","M","E","T","R","?","R","M","R","M","E","M","B",null,"R_BF","M","M","$","M","M","T","M","E","M","E"],"character_chosen":"GUARDIAN","items_purchased":["Guardian:SpikerProtocol","Guardian:DonusPower+1","MealTicket","Strange Spoon","Guardian:Suspension","The Bomb","Replay:Baseball","ReplayTheSpireMod:ShopPack"],"campfire_rested":2,"item_purchase_floors":[4,4,4,21,21,38,38,38],"current_hp_per_floor":[56,53,53,53,53,34,34,27,53,37,37,37,61,58,58,44,80,80,80,80,80,67,50,50,50,50,50,50,74,76,78,73,49,88,88,88,90,84,86,68,68,54,54,53,0,0,0],"gold":358,"neow_bonus":"TWO_FIFTY_GOLD","is_daily":false,"chose_seed":false,"campfire_upgraded":3,"win_rate":0.0,"timestamp":1609363765,"path_taken":["R_BF","M","?","$","?","E","T","?","?","E","R","M","R","E","M","BOSS","R","M","M","$","M","E","T","R","?","R","M","R","?","E","M","BOSS","R_BF","M","M","$","M","M","T","M","E","M","E"],"items_purchased_type":["Card","Card","Relic","Relic","Card","Card","Relic","Relic"],"build_version":"2020-12-22","purchased_purges":3,"victory":false,"max_hp_per_floor":[80,80,80,80,80,80,80,80,80,80,80,80,80,80,80,80,80,80,80,80,80,80,80,80,80,80,80,80,80,82,84,86,88,88,88,88,90,90,92,94,94,94,94,96,96,96,96],"card_choices":[{"not_picked":["Guardian:Planning","Guardian:Gem_Yellow"],"picked":"Guardian:ChargeCore","floor":2.0},{"not_picked":["Guardian:MultiBeam","Guardian:RollAttack"],"picked":"Guardian:TemporalStrike","floor":4.0},{"not_picked":["Guardian:Gem_Yellow","Guardian:TimeCapacitor"],"picked":"Guardian:GuardianWhirl","floor":6.0},{"not_picked":["Guardian:BronzeOrb","Guardian:Gem_Fragmented"],"picked":"Guardian:ChargeCore","floor":10.0},{"not_picked":["Guardian:Gem_Cyan","Guardian:WalkerClaw"],"picked":"Guardian:Gem_Blue","floor":12.0},{"not_picked":["Guardian:FloatingOrbs","Guardian:CrystalBeam"],"picked":"Guardian:SphericShield","floor":14.0},{"not_picked":["Guardian:TemporalStrike","Guardian:EvasiveProtocol"],"picked":"Guardian:ShieldCharger","floor":15.0},{"not_picked":["Guardian:Gem_Synthetic","Guardian:TimeSifter"],"picked":"Guardian:FierceBash","floor":16.0},{"not_picked":["Guardian:Gem_Lightblue","Guardian:WalkerClaw+1"],"picked":"Guardian:EvasiveProtocol","floor":19.0},{"not_picked":["Guardian:Gem_White","Guardian:CrystalBeam"],"picked":"Guardian:Emergency","floor":20.0},{"not_picked":["Guardian:Gem_Lightblue","Guardian:Gem_Cyan"],"picked":"Guardian:StasisStrike","floor":21.0},{"not_picked":["Guardian:Gem_Yellow","Guardian:Harden+1"],"picked":"Guardian:TemporalStrike","floor":22.0},{"not_picked":["Guardian:RollAttack","Guardian:Clone"],"picked":"Guardian:ChargeUp","floor":23.0},{"not_picked":["Guardian:Reroute","Guardian:VentSteam"],"picked":"Guardian:SpikerProtocol+1","floor":28.0},{"not_picked":["Guardian:Gem_Lightblue","Guardian:Planning","Guardian:PrimingBeam"],"picked":"Singing Bowl","floor":30.0},{"not_picked":["Guardian:FastForward","Guardian:Gem_Cyan","Guardian:Planning"],"picked":"Singing Bowl","floor":31.0},{"not_picked":["Guardian:RefractedBeam","Guardian:RollAttack+1","Guardian:Incinerate+1"],"picked":"Singing Bowl","floor":32.0},{"not_picked":["Guardian:GemFire","Guardian:FierceBash","Guardian:ConstructionForm"],"picked":"Singing Bowl","floor":33},{"not_picked":["Guardian:CrystalBeam","Guardian:DecasProtection"],"picked":"Guardian:DonusPower","floor":36},{"not_picked":["Guardian:Gem_Cyan","Guardian:PolyBeam","Guardian:SentryBeam"],"picked":"Singing Bowl","floor":37},{"not_picked":["Guardian:PiercingHide+1","Guardian:BronzeOrb+1"],"picked":"Guardian:Harden+1","floor":38},{"not_picked":["Transmutation","Poisoned Strike"],"picked":"ReplayUltimateDefense","floor":38},{"not_picked":["Panacea","expansioncontent:TimeRipple"],"picked":"expansioncontent:YouAreMine","floor":38},{"not_picked":["expansioncontent:SuperHexaguard","Secret Weapon"],"picked":"Specialist","floor":38},{"not_picked":["Guardian:PrismaticBarrier+1","Guardian:Reroute","Guardian:FloatingOrbs"],"picked":"Singing Bowl","floor":39},{"not_picked":["Guardian:Gem_Lightblue","Guardian:Suspension+1","Guardian:BronzeOrb+1"],"picked":"Singing Bowl","floor":40},{"not_picked":["Guardian:CrystalBeam","Guardian:Gem_Red"],"picked":"Guardian:TimeCapacitor","floor":42},{"not_picked":["Guardian:PrismaticBarrier+1","Guardian:ChargeCore+1"],"picked":"Guardian:Gem_Orange","floor":43},{"not_picked":["Guardian:Gem_Red","Guardian:Suspension+1","Guardian:GuardianWhirl"],"picked":"Singing Bowl","floor":44}],"player_experience":152660,"relics_obtained":[{"floor":1.0,"key":"Matryoshka"},{"floor":6.0,"key":"Ancient Tea Set"},{"floor":7.0,"key":"White Beast Statue"},{"floor":7.0,"key":"Kunai"},{"floor":10.0,"key":"Nunchaku"},{"floor":14.0,"key":"Simple Rune"},{"floor":23.0,"key":"Singing Bowl"},{"floor":24.0,"key":"Replay:Bandana"},{"floor":24.0,"key":"Replay:Bottled Snecko"},{"floor":31.0,"key":"ReplayFunnel"},{"floor":35,"key":"Oddly Smooth Stone"},{"floor":43,"key":"Blue Doll"}],"event_choices":[{"damage_healed":26.0,"max_hp_gain":0.0,"max_hp_loss":0.0,"gold_gain":0.0,"event_name":"Big Fish","player_choice":"Banana","floor":9.0,"gold_loss":0.0,"damage_taken":0.0},{"damage_healed":0.0,"max_hp_gain":0.0,"max_hp_loss":0.0,"gold_gain":0.0,"event_name":"Duplicator","player_choice":"Copied","floor":26.0,"gold_loss":0.0,"damage_taken":0.0,"cards_obtained":["Guardian:TwinSlam"]}],"is_beta":false,"boss_relics":[{"not_picked":["Replay:Drink Me","Empty Cage"],"picked":"Sozu"},{"not_picked":["Calling Bell","Ring of Chaos"],"picked":"Snecko Eye"}],"items_purged_floors":[4,21,38],"is_endless":false,"potions_floor_spawned":[8,10,12,14,15,16,19,20,21,22,23,28,30,31,32,33,36,37,38,39,40,42,43,44],"killed_by":"Reptomancer","ascension_level":1}}