{"host":"jt62yzdgnrkmwwqv","time":1609340476,"event":{"mods":["AchievementEnabler","Arknights The Spire","BaseMod","CapriCore","Colored Map","Colored Powertips","GungeonMod","Lobotomy","LobotomyExtend","Minty Spire (QoL Compilation)","StSLib","SuperFastMode"],"gold_per_floor":[119,138,149,149,169,182,213,213,213,213,213],"floor_reached":10,"playtime":364,"items_purged":[],"score":70,"play_id":"afde35ca-d3e0-4c71-981a-38f10a314678","local_time":"20201231000116","is_ascension_mode":false,"campfire_choices":[],"circlet_count":0,"master_deck":["ats:Strike G","ats:Strike S","ats:Strike V","ats:Armor Crushing Shot","ats:Defend","ats:Defend","ats:Defend","ats:Defend","ats:Emotion Absorption","ats:Very Hot Blade","ats:Cat Scratch","ats:Neurotoxin","ats:Closed Bolt Burst Fire","ats:Hammer On","ats:Automatic Cover"],"relics":["ats:Sanity","NeowsBlessing","LetterFromLob","DemoMod:GlassGuonStoneRelic","ats:Originium","Anchor","DemoMod:BlueGuonStone"],"acts_visited":["Exordium"],"potions_floor_usage":[5],"damage_taken":[{"damage":0,"enemies":"Jaw Worm","floor":1,"turns":1},{"damage":0,"enemies":"2 Louse","floor":2,"turns":1},{"damage":0,"enemies":"Small Slimes","floor":3,"turns":1},{"damage":8,"enemies":"3 Louse","floor":5,"turns":2},{"damage":13,"enemies":"Large Slime","floor":6,"turns":6},{"damage":42,"enemies":"3 Sentries","floor":7,"turns":10},{"damage":10,"enemies":"Lagavulin","floor":10,"turns":4}],"seed_played":"-1066098885838088598","potions_obtained":[{"floor":1,"key":"PowerPotion"},{"floor":5,"key":"GamblersBrew"}],"is_trial":false,"path_per_floor":["M","M","M","?","M","M","E","?","T","E"],"character_chosen":"DOCTOR_CLASS","items_purchased":[],"campfire_rested":0,"item_purchase_floors":[],"current_hp_per_floor":[72,72,72,65,57,44,2,2,2,0,0],"gold":213,"neow_bonus":"THREE_ENEMY_KILL","is_daily":false,"chose_seed":false,"campfire_upgraded":0,"win_rate":0.0,"timestamp":1609340476,"path_taken":["M","M","M","?","M","M","E","?","T","E"],"items_purchased_type":[],"build_version":"2020-12-22","purchased_purges":0,"victory":false,"max_hp_per_floor":[72,72,72,72,72,72,72,72,72,72,72],"card_choices":[{"not_picked":["ats:Childhood Dance","ats:Hammer On"],"picked":"ats:Very Hot Blade","floor":1},{"not_picked":["ats:Assault Order","ats:Guardian Obelisk"],"picked":"ats:Cat Scratch","floor":2},{"not_picked":["ats:Composite Medical Shells","ats:Poison Spread"],"picked":"ats:Neurotoxin","floor":3},{"not_picked":["ats:Shell Defense","ats:Thermite Blade"],"picked":"ats:Closed Bolt Burst Fire","floor":5},{"not_picked":["ats:Directed Diagnosis","ats:Soul Absorption"],"picked":"ats:Hammer On","floor":6},{"not_picked":["ats:Counter Healing Mode","ats:Hammer On"],"picked":"ats:Automatic Cover","floor":7}],"player_experience":168610,"relics_obtained":[{"floor":1,"key":"LetterFromLob"},{"floor":7,"key":"ats:Originium"},{"floor":7,"key":"Anchor"},{"floor":9,"key":"DemoMod:BlueGuonStone"}],"event_choices":[{"cards_removed":["ats:Strike C"],"damage_healed":0,"gold_gain":0,"player_choice":"Card Removal","damage_taken":7,"max_hp_gain":0,"max_hp_loss":0,"event_name":"Golden Wing","floor":4,"gold_loss":0},{"damage_healed":0,"gold_gain":0,"player_choice":"Ignored","damage_taken":0,"max_hp_gain":0,"max_hp_loss":0,"event_name":"Liars Game","floor":8,"gold_loss":0}],"is_beta":false,"boss_relics":[],"items_purged_floors":[],"is_endless":false,"potions_floor_spawned":[1,5],"killed_by":"Lagavulin","ascension_level":0}}