{"host":"ty2cix8xj6r3ad26","time":1609361927,"event":{"mods":["AchievementEnabler","BaseMod","BetterRewards","Downfall","Minty Spire (QoL Compilation)","StSLib","SuperFastMode"],"gold_per_floor":[99,114,114,131,144,144,144,69,169,94,126,137,137,47,63,163,163,163,173,273,288,307,336,362,0,16,16,33,33,50,135,149,253,253,253,270,315,326,574,584,584,196,196,228,228,153,203,232,252,252,252,278,39,39,39],"floor_reached":56,"playtime":8258,"items_purged":["sneckomod:Defend","sneckomod:Defend"],"score":1702,"play_id":"9f798488-65e0-4a18-9fba-045d2d912e62","local_time":"20201230225847","is_ascension_mode":false,"campfire_choices":[{"floor":1,"key":"RECALL"},{"data":"sneckomod:CheapStock","floor":8,"key":"SMITH"},{"data":"sneckomod:SnekBite","floor":10,"key":"SMITH"},{"data":"sneckomod:UnknownRareSkill","floor":13,"key":"SMITH"},{"data":"sneckomod:Unknown3Cost","floor":18,"key":"SMITH"},{"data":"sneckomod:UnlimitedRolls","floor":29,"key":"SMITH"},{"data":"sneckomod:UnknownRarePower","floor":35,"key":"SMITH"},{"data":"sneckomod:Restock","floor":46,"key":"SMITH"},{"data":"expansioncontent:DefensiveStance","floor":54,"key":"SMITH"}],"circlet_count":0,"master_deck":["sneckomod:Defend+1","sneckomod:TailWhip+1","sneckomod:SnekBite+1","sneckomod:Unknown","sneckomod:Unknown+2","sneckomod:Unknown2Cost+2","sneckomod:CheapStock+1","sneckomod:SerpentIdol+1","sneckomod:UnknownRareAttack+1","sneckomod:SoulDraw","sneckomod:UnknownRareSkill+1","sneckomod:UnknownClassRED+2","sneckomod:Unknown3Cost+1","sneckomod:DiceBlock","sneckomod:UnlimitedRolls+1","sneckomod:UnknownClassHEXA_GHOST_PURPLE+2","sneckomod:UnknownRarePower+1","expansioncontent:CaCaw","sneckomod:UnknownClassGUARDIAN","sneckomod:SerpentMind","sneckomod:SerpentIdol+1","hexamod:SixthSeal","sneckomod:WideSting+1","sneckomod:UnknownClassGREEN+1","expansioncontent:PrepareCrush","sneckomod:Restock+1","expansioncontent:TimeRipple+1","sneckomod:SlitherStrike+1","expansioncontent:DefensiveStance+1","expansioncontent:DefensiveStance+1","sneckomod:MorePower"],"relics":["sneckomod:SneckoSoul","downfall:ShatteredFragment","downfall:HeartBlessingRed","downfall:HeartBlessingBlue","Dead Branch","Black Star","Strawberry","Kunai","Whetstone","sneckomod:LoadedDie","Coffee Dripper","FossilizedHelix","Ornamental Fan","Juzu Bracelet","Ancient Tea Set","sneckomod:ConfusingCodex","Mango","downfall:HeartBlessingGreen","Shovel","Question Card","Blue Candle","Akabeko","Pen Nib","Letter Opener"],"acts_visited":["Exordium","TheCity","TheBeyond","TheEnding"],"potions_floor_usage":[9,14,16,22,23,25,30,38,44,48,50,52,55],"damage_taken":[{"damage":0,"enemies":"Small Slimes","floor":2,"turns":3},{"damage":6,"enemies":"Jaw Worm","floor":4,"turns":2},{"damage":1,"enemies":"Cultist","floor":5,"turns":3},{"damage":10,"enemies":"downfall:Heads","floor":9,"turns":5},{"damage":31,"enemies":"3 Sentries","floor":11,"turns":4},{"damage":11,"enemies":"3 Louse","floor":12,"turns":2},{"damage":0,"enemies":"downfall:FleeingMerchant","floor":14,"turns":4},{"damage":4,"enemies":"Large Slime","floor":15,"turns":2},{"damage":8,"enemies":"downfall:Silent","floor":16,"turns":6},{"damage":0,"enemies":"Spheric Guardian","floor":19,"turns":3},{"damage":4,"enemies":"Cultist and Chosen","floor":21,"turns":2},{"damage":8,"enemies":"Snecko","floor":22,"turns":3},{"damage":12,"enemies":"Book of Stabbing","floor":23,"turns":3},{"damage":0,"enemies":"downfall:FleeingMerchant","floor":25,"turns":4},{"damage":19,"enemies":"Snake Plant","floor":26,"turns":3},{"damage":38,"enemies":"Centurion and Healer","floor":28,"turns":4},{"damage":5,"enemies":"Shelled Parasite and Fungi","floor":30,"turns":5},{"damage":3,"enemies":"Snake Plant","floor":32,"turns":2},{"damage":18,"enemies":"downfall:Defect","floor":33,"turns":5},{"damage":0,"enemies":"3 Darklings","floor":36,"turns":3},{"damage":12,"enemies":"2 Orb Walkers","floor":37,"turns":3},{"damage":0,"enemies":"Orb Walker","floor":38,"turns":3},{"damage":0,"enemies":"downfall:FleeingMerchant","floor":39,"turns":2},{"damage":8,"enemies":"4 Shapes","floor":40,"turns":5},{"damage":0,"enemies":"Nemesis","floor":44,"turns":7},{"damage":0,"enemies":"Mind Bloom Boss Battle","floor":47,"turns":4},{"damage":0,"enemies":"Reptomancer","floor":48,"turns":4},{"damage":10,"enemies":"Jaw Worm Horde","floor":49,"turns":2},{"damage":0,"enemies":"downfall:Ironclad","floor":50,"turns":4},{"damage":0,"enemies":"downfall:CharBossMerchant","floor":52,"turns":4},{"damage":5,"enemies":"downfall:NeowBoss","floor":55,"turns":21}],"seed_played":"8180703000659467015","potions_obtained":[{"floor":4,"key":"Swift Potion"},{"floor":12,"key":"Regen Potion"},{"floor":15,"key":"AttackPotion"},{"floor":16,"key":"ColorlessPotion"},{"floor":21,"key":"Energy Potion"},{"floor":23,"key":"AttackPotion"},{"floor":26,"key":"SpeedPotion"},{"floor":30,"key":"SmokeBomb"},{"floor":33,"key":"GamblersBrew"},{"floor":37,"key":"Energy Potion"},{"floor":40,"key":"Explosive Potion"},{"floor":47,"key":"ColorlessPotion"},{"floor":49,"key":"SneckoOil"},{"floor":52,"key":"Slimebound:ThreeZeroPotion"}],"is_trial":false,"path_per_floor":["R","M","?","M","M","?","T","R","?","R","E","M","R","$","M","B",null,"R","M","?","M","M","E","T","$","M","?","M","R","M","?","M","B",null,"R","M","?","M","$","M","T","$","?","E","?","R","?","E","M","B",null,"E","$","R","B",null],"character_chosen":"THE_SNECKO","items_purchased":["sneckomod:LoadedDie","expansioncontent:CaCaw","expansioncontent:PrepareCrush","Juzu Bracelet","Ancient Tea Set","expansioncontent:TimeRipple","Letter Opener"],"campfire_rested":0,"item_purchase_floors":[25,25,39,42,42,42,53],"current_hp_per_floor":[99,100,79,73,72,72,72,72,63,73,47,37,37,52,54,46,114,114,114,114,110,103,99,99,99,80,80,43,43,38,24,21,18,124,124,124,112,112,113,105,105,105,105,119,109,109,109,109,99,99,139,139,139,139,134],"gold":39,"neow_bonus":"TEN_PERCENT_HP_BONUS","is_daily":false,"chose_seed":false,"campfire_upgraded":8,"win_rate":0.0,"timestamp":1609361927,"path_taken":["R","M","?","M","M","?","T","R","?","R","E","M","R","?","M","BOSS","R","M","?","M","M","E","T","?","M","?","M","R","M","?","M","BOSS","R","M","?","M","$","M","T","$","?","E","?","R","?","E","M","BOSS","E","$","R","BOSS"],"items_purchased_type":["Relic","Card","Card","Relic","Relic","Card","Relic"],"build_version":"2020-12-22","purchased_purges":2,"victory":true,"max_hp_per_floor":[99,100,100,100,100,100,100,100,101,111,112,113,113,114,114,114,114,114,114,114,114,115,123,123,123,123,123,124,124,124,124,124,124,124,124,124,124,124,125,125,125,125,125,139,139,139,139,139,139,139,139,139,139,139,139],"card_choices":[{"not_picked":["sneckomod:Unknown1Cost","sneckomod:IronFang"],"picked":"sneckomod:Unknown2Cost","floor":2},{"not_picked":["sneckomod:UnknownEthereal","sneckomod:UnknownClassTHE_CHAMP_GRAY"],"picked":"sneckomod:CheapStock","floor":4},{"not_picked":["sneckomod:UnknownCommonSkill","sneckomod:IronFang"],"picked":"sneckomod:SerpentIdol","floor":5},{"not_picked":["sneckomod:Nope","sneckomod:SnekBeam"],"picked":"sneckomod:UnknownRareAttack","floor":9},{"not_picked":["sneckomod:MasterEye","sneckomod:DangerNoodle"],"picked":"sneckomod:UnknownRareSkill","floor":11},{"not_picked":["sneckomod:UnknownCommonSkill","sneckomod:UnknownCommonAttack"],"picked":"sneckomod:UnknownClassRED","floor":12},{"not_picked":["sneckomod:UnknownClassSLIMEBOUND","sneckomod:WideSting"],"picked":"sneckomod:Unknown3Cost","floor":14},{"not_picked":["sneckomod:UnknownClassHEXA_GHOST_PURPLE","sneckomod:WideSting"],"picked":"sneckomod:DiceBlock","floor":15},{"not_picked":["sneckomod:Unknown3Cost","sneckomod:UnknownRareAttack"],"picked":"sneckomod:UnlimitedRolls","floor":16},{"not_picked":["sneckomod:UnknownClassPURPLE","sneckomod:QuickBite","sneckomod:UnknownBlock+1"],"picked":"SKIP","floor":19},{"not_picked":["sneckomod:SnekBeam","sneckomod:UnknownStrike","sneckomod:Unknown1Cost"],"picked":"SKIP","floor":21},{"not_picked":["sneckomod:SlitherStrike","sneckomod:UnknownExhaust"],"picked":"sneckomod:UnknownClassHEXA_GHOST_PURPLE","floor":22},{"not_picked":["sneckomod:RainOfDice","sneckomod:WideSting"],"picked":"sneckomod:UnknownRarePower","floor":23},{"not_picked":["sneckomod:UnknownWeak+1","sneckomod:Unknown1Cost+1","sneckomod:UnknownStrike"],"picked":"SKIP","floor":25},{"not_picked":["sneckomod:UnknownBlock","sneckomod:RainOfDice","sneckomod:UnknownCommonSkill"],"picked":"SKIP","floor":26},{"not_picked":["sneckomod:UnknownCommonSkill+1","sneckomod:QuickBite+1","sneckomod:UnknownStrike"],"picked":"SKIP","floor":26},{"not_picked":["sneckomod:QuickBite","sneckomod:QuickMove"],"picked":"sneckomod:UnknownClassGUARDIAN","floor":28},{"not_picked":["sneckomod:SoulRoll","sneckomod:UnknownEthereal","sneckomod:QuickBite"],"picked":"SKIP","floor":30},{"not_picked":["sneckomod:QuickMove","sneckomod:SoulDraw","sneckomod:UnknownWeak"],"picked":"SKIP","floor":32},{"not_picked":["sneckomod:Restock","sneckomod:UnknownRareSkill"],"picked":"sneckomod:SerpentMind","floor":33},{"not_picked":["sneckomod:IronFang+1","sneckomod:UnknownClassGREEN"],"picked":"sneckomod:SerpentIdol+1","floor":36},{"not_picked":["hexamod:FourthSeal","hexamod:FirstSeal"],"picked":"hexamod:SixthSeal","floor":37},{"not_picked":["sneckomod:DiceCrush","sneckomod:Unknown0Cost"],"picked":"sneckomod:WideSting+1","floor":38},{"not_picked":["sneckomod:UnknownClassBLUE","sneckomod:UnknownCommonAttack+1","sneckomod:UnknownStrike"],"picked":"SKIP","floor":38},{"not_picked":["sneckomod:IronFang","sneckomod:UnknownExhaust+1"],"picked":"sneckomod:UnknownClassGREEN+1","floor":39},{"not_picked":["sneckomod:UnknownClassPURPLE+1","sneckomod:RainOfDice+1"],"picked":"sneckomod:Restock","floor":40},{"not_picked":["sneckomod:Nope+1","sneckomod:WideSting"],"picked":"sneckomod:SlitherStrike+1","floor":44},{"not_picked":["expansioncontent:BronzeBeam","expansioncontent:LastStand"],"picked":"expansioncontent:DefensiveStance","floor":45},{"not_picked":["expansioncontent:LastStand","expansioncontent:GoopSpray"],"picked":"expansioncontent:DefensiveStance","floor":45},{"not_picked":["sneckomod:UnknownUncommonSkill","sneckomod:Unknown1Cost+1","sneckomod:Unknown0Cost+1"],"picked":"SKIP","floor":48},{"not_picked":["sneckomod:Unknown1Cost+1","sneckomod:UnknownClassSLIMEBOUND","sneckomod:WideSting+1"],"picked":"sneckomod:MorePower","floor":49},{"not_picked":["sneckomod:QuickMove","sneckomod:QuickBite","sneckomod:RainOfDice+1","sneckomod:UnknownUncommonPower"],"picked":"SKIP","floor":52}],"player_experience":444438,"relics_obtained":[{"floor":11,"key":"Dead Branch"},{"floor":23,"key":"Strawberry"},{"floor":23,"key":"Kunai"},{"floor":24,"key":"Whetstone"},{"floor":37,"key":"FossilizedHelix"},{"floor":41,"key":"Ornamental Fan"},{"floor":44,"key":"sneckomod:ConfusingCodex"},{"floor":44,"key":"Mango"},{"floor":47,"key":"Shovel"},{"floor":48,"key":"Question Card"},{"floor":48,"key":"Blue Candle"},{"floor":52,"key":"Akabeko"},{"floor":52,"key":"Pen Nib"}],"event_choices":[{"damage_healed":0,"gold_gain":0,"player_choice":"Ignored","damage_taken":0,"max_hp_gain":0,"max_hp_loss":0,"event_name":"Ghosts","floor":27,"gold_loss":0},{"damage_healed":0,"gold_gain":0,"player_choice":"Fight","damage_taken":0,"max_hp_gain":0,"max_hp_loss":0,"event_name":"Mysterious Sphere","floor":37,"gold_loss":0}],"is_beta":false,"boss_relics":[{"not_picked":["Tiny House","Velvet Choker"],"picked":"Black Star"},{"not_picked":["SacredBark","Pandora\u0027s Box"],"picked":"Coffee Dripper"}],"items_purged_floors":[14,25],"is_endless":false,"potions_floor_spawned":[4,12,15,16,21,23,26,30,33,37,40,47,49,52],"ascension_level":0}}