{"host":"b0hh64pqctf46s8m","time":1609360549,"event":{"mods":["Act Like it!","Aspiration","BaseMod","Bestiary","Better Third Choice","CCEM","CapriCore","ChefMod","Conspire","Curses Come First","Displayed Cursed Tome","Dota2Spire","Downfall","Ekko","Elementarium","Fireblade Mod","Halation","Hallownest","Hermit","Hubris","Infinite Spire","Jess\u0027s Bottle","JesterMod","Jorbs\u0027s Wanderer Trilogy","Koishi","Kratos Character Expansion","Lobotomy","Luminous","Mari Mod (Legacy)","Mari\u0027s V1 Patch","Menagerie","Mimic Mod","Minty Spire (QoL Compilation)","Pale of the Ancients","Permanent Neow","Pikachu Mod","QueenMod","Random Character Button","Relic Sorter","Relic Stats","Replay The Spire","Robot Space Explorer","Shade Mod","StSLib","The Blue Laboratory","The Caster","The Dragon Tamer","The Hayseed","The Immortal","The Marked","TheLocksmith","TheSwordswoman","TheVacant","TheWitcher","Treasure Hunter","UnlockEverythingMod","Wandering Minibosses","vexMod","??????REMEMod"],"gold_per_floor":[144,158,158,175,175,206,222,238,274,274,292,324,351,368,368,479,479,497,515,515,490,516,558,558,558,558,558,334,334,355,355],"floor_reached":30,"playtime":1336,"items_purged":["KratosMod:Strike_K","KratosMod:Strike_K+1"],"score":262,"play_id":"fe749d4a-c218-47b5-8bab-bee492c33b84","local_time":"20201230123549","is_ascension_mode":false,"campfire_choices":[{"data":"KratosMod:clawsofhades","floor":10,"key":"SMITH"},{"floor":15,"key":"DIG"},{"data":"KratosMod:Tempor","floor":24,"key":"SMITH"},{"data":"KratosMod:blades","floor":27,"key":"SMITH"},{"data":"KratosMod:ShieldBash","floor":29,"key":"SMITH"}],"circlet_count":0,"master_deck":["KratosMod:Strike_K+1","KratosMod:Defend_K","KratosMod:Defend_K","KratosMod:Defend_K","KratosMod:Defend_K","KratosMod:cyclone+1","KratosMod:AthenaBane","KratosMod:clawsofhades+1","KratosMod:Tempor+1","KratosMod:Revenge","KratosMod:ShieldBash+1","KratosMod:Roll+1","KratosMod:Endure","KratosMod:BladeWhip+1","KratosMod:BladeWhip+1","KratosMod:ablockalypse","TH:PixieDust+1","KratosMod:clawsofhades","KratosMod:Endure+1","KratosMod:ablockalypse","KratosMod:blades+1"],"relics":["KratosMod:eagle","REME_ComplimentaryCards","Hallownest:DreamNailRelic","halation:IllGainedPizza","halation:Trompette","Dota2Spire:PhaseBoots","vexMod:ImprovementManual","Replay:PocketPolymizer","aspiration:FrozenJewel","Whetstone","Dota2Spire:Dagon","halation:Sosunser"],"acts_visited":["Hallownest:Greenpath","Hallownest:CityofTears"],"potions_floor_usage":[16,16,16,30,30],"damage_taken":[{"damage":3,"enemies":"2_ Uuma","floor":1,"turns":4},{"damage":1,"enemies":"Hallownest:2_Baldur","floor":2,"turns":3},{"damage":6,"enemies":"Hallownest:monsterHuskWarrior","floor":4,"turns":3},{"damage":66,"enemies":"Hallownest:eliteMossKnight","floor":6,"turns":12},{"damage":0,"enemies":"Hallownest:monsterAspidMother","floor":7,"turns":5},{"damage":16,"enemies":"Hallownest:Wandering_and_Horned","floor":8,"turns":5},{"damage":12,"enemies":"Hallownest:monsterMossCharger","floor":9,"turns":8},{"damage":6,"enemies":"Hallownest:monsterMossCharger","floor":11,"turns":3},{"damage":23,"enemies":"Hallownest:eliteCrystalGuardian","floor":12,"turns":5},{"damage":9,"enemies":"Hallownest:MossCreep_and_Mosskin","floor":13,"turns":5},{"damage":23,"enemies":"Hallownest:1_Ooma_and_2_Uuma","floor":14,"turns":3},{"damage":9,"enemies":"Hallownest:BossFalseKnight","floor":16,"turns":6},{"damage":27,"enemies":"Hallownest:Guard_and_Sentry","floor":18,"turns":7},{"damage":21,"enemies":"Hallownest:Flukemon_and_Top","floor":19,"turns":5},{"damage":43,"enemies":"Hallownest:2_Husk_Sentries","floor":22,"turns":5},{"damage":30,"enemies":"Hallownest:eliteSoulWarrior","floor":23,"turns":9},{"damage":63,"enemies":"Hallownest:eliteWatcherKnight","floor":30,"turns":12}],"seed_played":"-6679010710589179382","potions_obtained":[{"floor":8,"key":"LifebloodPotion"},{"floor":11,"key":"hexamod:EctoCoolerPotion"},{"floor":12,"key":"blueLaboratory:PhilterOfMotion"},{"floor":19,"key":"Dexterity Potion"},{"floor":22,"key":"Dota2Spire:HealingSalve"}],"is_trial":false,"path_per_floor":["M","M","?","M","?","E","M","M","MIM","R","M","E","M","M","R","B",null,"M","M","AVR","?","M","E","R","?","T","R","$","R","E"],"character_chosen":"KRATOS","items_purchased":["halation:Sosunser"],"campfire_rested":0,"item_purchase_floors":[28],"current_hp_per_floor":[57,60,60,60,60,10,21,34,22,22,23,36,27,4,4,7,60,58,60,60,60,60,36,36,36,36,36,36,36,0,0],"gold":355,"neow_bonus":"UPGRADE_CARD","is_daily":false,"chose_seed":false,"campfire_upgraded":4,"win_rate":0.0,"timestamp":1609360549,"path_taken":["M","?","?","?","?","E","M","?","MIM","R","M","E","M","M","R","BOSS","M","M","AVR","?","M","E","R","?","T","R","$","R","E"],"items_purchased_type":["Relic"],"build_version":"2020-12-22","purchased_purges":2,"victory":false,"max_hp_per_floor":[60,60,60,60,60,60,60,60,60,60,60,60,60,60,60,60,60,60,60,60,60,60,60,60,60,60,60,60,60,60,60],"relic_stats":{"counters":[17,100],"Whetstone":["KratosMod:Strike_K","KratosMod:Strike_K"],"obtain_stats":[{"Replay:PocketPolymizer":20,"halation:Sosunser":28,"Dota2Spire:Dagon":26,"halation:IllGainedPizza":9,"KratosMod:eagle":0,"Hallownest:DreamNailRelic":3,"Whetstone":25,"halation:Trompette":12,"vexMod:ImprovementManual":17,"aspiration:FrozenJewel":23,"REME_ComplimentaryCards":0,"Dota2Spire:PhaseBoots":15},{"Replay:PocketPolymizer":14,"halation:Sosunser":16,"Dota2Spire:Dagon":16,"halation:IllGainedPizza":7,"KratosMod:eagle":0,"Hallownest:DreamNailRelic":2,"Whetstone":16,"halation:Trompette":9,"vexMod:ImprovementManual":12,"aspiration:FrozenJewel":16,"REME_ComplimentaryCards":0,"Dota2Spire:PhaseBoots":11},{"Replay:PocketPolymizer":74,"halation:Sosunser":88,"Dota2Spire:Dagon":88,"halation:IllGainedPizza":40,"KratosMod:eagle":0,"Hallownest:DreamNailRelic":7,"Whetstone":88,"halation:Trompette":48,"vexMod:ImprovementManual":62,"aspiration:FrozenJewel":88,"REME_ComplimentaryCards":0,"Dota2Spire:PhaseBoots":56}]},"card_choices":[{"not_picked":["KratosMod:rattle","KratosMod:settle"],"picked":"KratosMod:clawsofhades","floor":1},{"not_picked":["KratosMod:Tempor","KratosMod:rattle"],"picked":"KratosMod:settle","floor":2},{"not_picked":["KratosMod:rattle","KratosMod:SmashStone"],"picked":"KratosMod:Tempor","floor":4},{"not_picked":["KratosMod:conjuresoul","KratosMod:Endure"],"picked":"KratosMod:Revenge","floor":6},{"not_picked":["TH:CursedSword","TH:ElvenBoots"],"picked":"SKIP","floor":6},{"not_picked":["KratosMod:Roll","KratosMod:SmashStone","KratosMod:Endure"],"picked":"SKIP","floor":7},{"not_picked":["KratosMod:BladeWhip","KratosMod:settle"],"picked":"KratosMod:ShieldBash","floor":8},{"not_picked":["KratosMod:Tempor","KratosMod:ShieldBash"],"picked":"KratosMod:Roll","floor":9},{"not_picked":["KratosMod:styx","KratosMod:clawsofhades"],"picked":"KratosMod:Endure","floor":11},{"not_picked":["KratosMod:settle","KratosMod:conjuresoul"],"picked":"KratosMod:BladeWhip","floor":12},{"not_picked":["TH:EnergyPotion","TH:CursedSword"],"picked":"SKIP","floor":12},{"not_picked":["KratosMod:settle","KratosMod:Roll","KratosMod:Endure"],"picked":"SKIP","floor":13},{"not_picked":["KratosMod:Tempor","KratosMod:ShieldBash"],"picked":"KratosMod:BladeWhip","floor":14},{"not_picked":["KratosMod:Revenge","KratosMod:styx"],"picked":"KratosMod:ablockalypse","floor":16},{"not_picked":["TH:BikiniMail"],"picked":"TH:PixieDust","floor":16},{"not_picked":["KratosMod:ShieldBash+1","KratosMod:Roll"],"picked":"KratosMod:clawsofhades","floor":18},{"not_picked":["KratosMod:Endure","KratosMod:BladeWhip+1","KratosMod:ShieldBash"],"picked":"SKIP","floor":19},{"not_picked":["KratosMod:BladeWhip+1","KratosMod:ShieldBash"],"picked":"KratosMod:Endure+1","floor":22},{"not_picked":["TH:CursedSword","TH:Mimic"],"picked":"SKIP","floor":23},{"not_picked":["KratosMod:styx","KratosMod:settle","KratosMod:Endure"],"picked":"SKIP","floor":23},{"not_picked":["TH:BikiniMail","TH:EnergyPotion"],"picked":"SKIP","floor":26}],"player_experience":1466803,"relics_obtained":[{"floor":9,"key":"halation:IllGainedPizza"},{"floor":12,"key":"halation:Trompette"},{"floor":15,"key":"Dota2Spire:PhaseBoots"},{"floor":23,"key":"aspiration:FrozenJewel"},{"floor":26,"key":"Dota2Spire:Dagon"}],"event_choices":[],"is_beta":false,"boss_relics":[{"not_picked":["halation:MonkeysPaw","Pandora\u0027s Box"],"picked":"vexMod:ImprovementManual"}],"items_purged_floors":[20,28],"is_endless":false,"potions_floor_spawned":[8,11,12,13,14,19,22],"killed_by":"Hallownest:eliteWatcherKnight","ascension_level":0}}