{"host":"n3vqtvx9hbigdfc4","time":1609314244,"event":{"mods":["AchievementEnabler","BaseMod","Better Third Choice","Block Reminder","Colored Map","Colored Powertips","Downfall","Minty Spire (QoL Compilation)","Permanent Neow","Rare Cards Sparkle","Relic Stats","Replay The Spire","Shop Mod","StSLib"],"gold_per_floor":[116,136,153,173,191,191,201,201,201],"floor_reached":8,"playtime":582,"items_purged":[],"score":78,"play_id":"d9617c29-56c1-41ea-a84d-43d916477c59","local_time":"20201230014404","is_ascension_mode":true,"campfire_choices":[{"data":"Inflame","floor":6,"key":"SMITH"}],"circlet_count":0,"master_deck":["AscendersBane","Strike_R","Strike_R","Strike_R","Strike_R","Strike_R","Defend_R","Defend_R","Defend_R","Defend_R","Bash+1","Warcry","Sword Boomerang","Infernal Blade","Cleave","Inflame+1","Clothesline"],"relics":["Burning Blood"],"acts_visited":["Exordium"],"potions_floor_usage":[4,8,8],"damage_taken":[{"damage":2,"enemies":"Jaw Worm","floor":1,"turns":5},{"damage":15,"enemies":"2 Louse","floor":2,"turns":3},{"damage":9,"enemies":"Cultist","floor":3,"turns":5},{"damage":15,"enemies":"Lots of Slimes","floor":4,"turns":5},{"damage":13,"enemies":"Large Slime","floor":5,"turns":5},{"damage":29,"enemies":"Exordium Thugs","floor":7,"turns":4},{"damage":35,"enemies":"Lagavulin","floor":8,"turns":7}],"seed_played":"-6451473896529216837","potions_obtained":[{"floor":2,"key":"Fire Potion"},{"floor":4,"key":"Ancient Potion"},{"floor":5,"key":"Swift Potion"}],"is_trial":false,"path_per_floor":["M","M","M","M","M","R","M","E"],"character_chosen":"IRONCLAD","items_purchased":[],"campfire_rested":0,"item_purchase_floors":[],"current_hp_per_floor":[76,67,64,55,48,48,25,0,0],"gold":201,"neow_bonus":"UPGRADE_CARD","is_daily":false,"chose_seed":false,"campfire_upgraded":1,"win_rate":0.0,"timestamp":1609314244,"path_taken":["M","M","M","M","M","R","M","E"],"items_purchased_type":[],"build_version":"2020-12-22","purchased_purges":0,"victory":false,"max_hp_per_floor":[80,80,80,80,80,80,80,80,80],"relic_stats":{"counters":[7,34],"obtain_stats":[{"Burning Blood":0},{"Burning Blood":0},{"Burning Blood":0}],"Burning Blood":36},"card_choices":[{"not_picked":["Clash","Flex"],"picked":"Warcry","floor":1},{"not_picked":["Reckless Charge","Havoc"],"picked":"Sword Boomerang","floor":2},{"not_picked":["Sword Boomerang","Perfected Strike"],"picked":"Infernal Blade","floor":3},{"not_picked":["Pommel Strike","ReplayReversal"],"picked":"Cleave","floor":4},{"not_picked":["Sever Soul","Flex"],"picked":"Inflame","floor":5},{"not_picked":["Juggernaut","Replay:Undeath\u0027s Touch"],"picked":"Clothesline","floor":7}],"player_experience":487257,"relics_obtained":[],"event_choices":[],"is_beta":false,"boss_relics":[],"items_purged_floors":[],"is_endless":false,"potions_floor_spawned":[2,4,5],"killed_by":"Lagavulin","ascension_level":10}}