{"host":"w5ovz9boloi14a0g","time":1609301466,"event":{"mods":["BaseMod","Googly Eyes","Minty Spire (QoL Compilation)","StSLib","SuperFastMode"],"gold_per_floor":[111,128,144,64,64,64,89,110,110,124,124,34,62,76,76,171,171,188,188,198,198,212,212,237,253,300,335,179,193,193,207,207,304,304,318,331,331,22,39,70,70,70,70,90,90,104,123,123,123],"floor_reached":48,"playtime":1168,"items_purged":[],"score":590,"play_id":"63b0b1c7-c636-46ae-bef9-0ad9985c703d","local_time":"20201229221106","is_ascension_mode":true,"campfire_choices":[{"data":"Feed","floor":6.0,"key":"SMITH"},{"data":"Uppercut","floor":11.0,"key":"SMITH"},{"floor":15.0,"key":"REST"},{"data":"Ghostly Armor","floor":23.0,"key":"SMITH"},{"floor":32,"key":"REST"},{"data":"Berserk","floor":41,"key":"SMITH"},{"data":"Finesse","floor":45,"key":"SMITH"}],"circlet_count":0,"master_deck":["Strike_R","Strike_R","Strike_R","Strike_R","Strike_R","Defend_R","Defend_R","Defend_R","Bash","Pummel","Clothesline","Uppercut+1","Feed+1","Ghostly Armor+1","Cleave","Flash of Steel","Demon Form","CurseOfTheBell","Writhe","Dropkick","Whirlwind+1","Berserk+1","Finesse+1"],"relics":["Burning Blood","Oddly Smooth Stone","Gremlin Horn","Odd Mushroom","Question Card","Champion Belt","Calling Bell","Art of War","Blue Candle","Du-Vu Doll","Magic Flower","Self Forming Clay","Dream Catcher","Mango","Blood Vial","SlaversCollar","Torii","Akabeko","Pear"],"acts_visited":["Exordium","TheCity","TheBeyond"],"potions_floor_usage":[24],"damage_taken":[{"damage":4.0,"enemies":"Small Slimes","floor":1.0,"turns":3.0},{"damage":1.0,"enemies":"Jaw Worm","floor":2.0,"turns":5.0},{"damage":0.0,"enemies":"Cultist","floor":3.0,"turns":3.0},{"damage":41.0,"enemies":"Lagavulin","floor":7.0,"turns":8.0},{"damage":20.0,"enemies":"The Mushroom Lair","floor":8.0,"turns":5.0},{"damage":1.0,"enemies":"Looter","floor":10.0,"turns":3.0},{"damage":18.0,"enemies":"Gremlin Nob","floor":13.0,"turns":5.0},{"damage":10.0,"enemies":"2 Fungi Beasts","floor":14.0,"turns":3.0},{"damage":41.0,"enemies":"Slime Boss","floor":16.0,"turns":12.0},{"damage":0.0,"enemies":"Chosen","floor":18.0,"turns":5.0},{"damage":24.0,"enemies":"Shell Parasite","floor":20.0,"turns":10.0},{"damage":22.0,"enemies":"Centurion and Healer","floor":22.0,"turns":7.0},{"damage":32,"enemies":"Slavers","floor":24,"turns":5},{"damage":22,"enemies":"Cultist and Chosen","floor":25,"turns":6},{"damage":14,"enemies":"Gremlin Leader","floor":27,"turns":6},{"damage":12,"enemies":"3 Cultists","floor":29,"turns":4},{"damage":28,"enemies":"Centurion and Healer","floor":31,"turns":6},{"damage":60,"enemies":"Champ","floor":33,"turns":13},{"damage":25,"enemies":"3 Darklings","floor":35,"turns":4},{"damage":31,"enemies":"Orb Walker","floor":36,"turns":5},{"damage":23,"enemies":"Spire Growth","floor":39,"turns":5},{"damage":8,"enemies":"Nemesis","floor":40,"turns":7},{"damage":10,"enemies":"3 Darklings","floor":44,"turns":3},{"damage":82,"enemies":"Sphere and 2 Shapes","floor":46,"turns":7},{"damage":49,"enemies":"4 Shapes","floor":47,"turns":5},{"damage":22,"enemies":"Giant Head","floor":48,"turns":6}],"seed_played":"565335851795024557","potions_obtained":[{"floor":2.0,"key":"FearPotion"},{"floor":3.0,"key":"LiquidMemories"},{"floor":7.0,"key":"Explosive Potion"},{"floor":16.0,"key":"FearPotion"},{"floor":31,"key":"ColorlessPotion"},{"floor":33,"key":"Dexterity Potion"},{"floor":36,"key":"Strength Potion"}],"is_trial":false,"path_per_floor":["M","M","M","$","?","R","E","?","T","M","R","$","E","M","R","B",null,"M","?","M","?","M","R","E","M","T","E","$","M","?","M","R","B",null,"M","M","?","$","M","E","R","?","T","M","R","M","M","E"],"character_chosen":"IRONCLAD","items_purchased":["Feed","Flash of Steel","Blood Vial","Torii"],"campfire_rested":2,"item_purchase_floors":[4,12,28,38],"current_hp_per_floor":[80,80,80,80,85,85,50,40,40,45,45,45,37,33,60,29,97,97,97,82,82,75,75,58,51,51,66,66,72,72,62,102,54,135,125,106,106,106,95,99,99,99,109,111,111,41,10,0,0],"gold":123,"neow_bonus":"RANDOM_COMMON_RELIC","is_daily":false,"chose_seed":false,"campfire_upgraded":5,"win_rate":0.0,"timestamp":1609301466,"path_taken":["M","M","M","$","?","R","E","?","T","M","R","?","E","M","R","BOSS","M","?","M","?","?","R","E","M","T","E","$","M","?","M","R","BOSS","M","M","?","$","M","E","R","?","T","M","R","M","M","E"],"items_purchased_type":["Card","Card","Relic","Relic"],"build_version":"2020-12-22","purchased_purges":0,"victory":false,"max_hp_per_floor":[80,80,80,80,85,85,85,89,89,89,89,89,93,93,93,97,97,97,97,97,97,101,101,105,109,109,127,127,131,131,135,135,135,135,139,139,139,139,139,139,139,139,149,149,149,149,153,153,153],"card_choices":[{"not_picked":["True Grit","Entrench"],"picked":"Pummel","floor":1.0},{"not_picked":["Body Slam","Blood for Blood"],"picked":"Clothesline","floor":2.0},{"not_picked":["Clothesline","Dual Wield"],"picked":"Uppercut","floor":3.0},{"not_picked":["Heavy Blade","Evolve","Rupture"],"picked":"SKIP","floor":7.0},{"not_picked":["Clothesline","Battle Trance"],"picked":"Ghostly Armor","floor":8.0},{"not_picked":["Second Wind","Twin Strike","Thunderclap"],"picked":"Cleave","floor":10.0},{"not_picked":["Clothesline","Clash","Brutality","Sever Soul"],"picked":"SKIP","floor":13.0},{"not_picked":["Carnage","Iron Wave","Clash","Flex"],"picked":"SKIP","floor":14.0},{"not_picked":["Limit Break","Corruption","Reaper"],"picked":"Demon Form","floor":16.0},{"not_picked":["Iron Wave+1","Heavy Blade+1","Combust","Power Through+1"],"picked":"SKIP","floor":18.0},{"not_picked":["Sword Boomerang","Uppercut","Thunderclap","Rampage+1"],"picked":"SKIP","floor":20.0},{"not_picked":["Reaper","Body Slam","Bloodletting"],"picked":"Dropkick","floor":22.0},{"not_picked":["Shrug It Off","Feed","Rupture"],"picked":"Whirlwind+1","floor":24},{"not_picked":["Wild Strike","Flex","Heavy Blade+1","Bloodletting"],"picked":"SKIP","floor":25},{"not_picked":["Clothesline","Armaments","Uppercut","Exhume"],"picked":"SKIP","floor":27},{"not_picked":["Heavy Blade+1","Infernal Blade","Armaments","Sever Soul"],"picked":"SKIP","floor":29},{"not_picked":["Clothesline+1","Flex","Clash+1"],"picked":"Berserk","floor":31},{"not_picked":["Warcry","Burning Pact","Flex+1","Sword Boomerang"],"picked":"SKIP","floor":35},{"not_picked":["Heavy Blade","Carnage+1","Shrug It Off+1","True Grit"],"picked":"SKIP","floor":36},{"not_picked":["Jack Of All Trades","Flash of Steel","Forethought"],"picked":"Finesse","floor":37},{"not_picked":["Flex+1","Clothesline","Headbutt","Whirlwind"],"picked":"SKIP","floor":39},{"not_picked":["True Grit","Headbutt+1","Shrug It Off+1","Bludgeon"],"picked":"SKIP","floor":40},{"not_picked":["Blood for Blood","Spot Weakness+1","Inflame+1","Flex"],"picked":"SKIP","floor":44},{"not_picked":["Hemokinesis","Pommel Strike+1","Armaments+1","Clothesline"],"picked":"SKIP","floor":46},{"not_picked":["Limit Break","Heavy Blade","Anger+1","Second Wind+1"],"picked":"SKIP","floor":47}],"player_experience":38522,"relics_obtained":[{"floor":7.0,"key":"Gremlin Horn"},{"floor":8.0,"key":"Odd Mushroom"},{"floor":9.0,"key":"Question Card"},{"floor":13.0,"key":"Champion Belt"},{"floor":17.0,"key":"Art of War"},{"floor":17.0,"key":"Blue Candle"},{"floor":17.0,"key":"Du-Vu Doll"},{"floor":24,"key":"Self Forming Clay"},{"floor":26,"key":"Dream Catcher"},{"floor":27,"key":"Mango"},{"floor":40,"key":"Akabeko"},{"floor":43,"key":"Pear"}],"event_choices":[{"damage_healed":0.0,"max_hp_gain":5.0,"max_hp_loss":0.0,"gold_gain":0.0,"event_name":"Big Fish","player_choice":"Donut","floor":5.0,"gold_loss":0.0,"damage_taken":0.0},{"damage_healed":0.0,"max_hp_gain":0.0,"max_hp_loss":0.0,"gold_gain":0.0,"event_name":"Mushrooms","player_choice":"Fought Mushrooms","floor":8.0,"gold_loss":0.0,"damage_taken":0.0},{"damage_healed":0.0,"max_hp_gain":0.0,"max_hp_loss":0.0,"gold_gain":0.0,"event_name":"The Mausoleum","player_choice":"Opened","floor":19.0,"gold_loss":0.0,"damage_taken":0.0,"relics_obtained":["Magic Flower"],"cards_obtained":["Writhe"]},{"damage_healed":0.0,"max_hp_gain":0.0,"max_hp_loss":0.0,"gold_gain":0.0,"event_name":"N\u0027loth","player_choice":"Ignored","floor":21.0,"gold_loss":0.0,"damage_taken":0.0},{"damage_healed":0,"gold_gain":0,"player_choice":"Ignored","damage_taken":0,"max_hp_gain":0,"max_hp_loss":0,"event_name":"Beggar","floor":30,"gold_loss":0},{"damage_healed":0,"gold_gain":0,"player_choice":"Memory 1","damage_taken":0,"max_hp_gain":0,"max_hp_loss":0,"event_name":"SensoryStone","floor":37,"gold_loss":0},{"cards_removed":["Defend_R"],"damage_healed":0,"gold_gain":0,"player_choice":"Removed Skill","damage_taken":0,"max_hp_gain":0,"max_hp_loss":0,"event_name":"Falling","floor":42,"gold_loss":0}],"is_beta":false,"boss_relics":[{"not_picked":["Snecko Eye","Runic Cube"],"picked":"Calling Bell"},{"not_picked":["SacredBark","Runic Dome"],"picked":"SlaversCollar"}],"items_purged_floors":[],"is_endless":false,"potions_floor_spawned":[2,3,7,16,18,20,31,33,36,39,44],"killed_by":"Giant Head","ascension_level":1}}