{"host":"utqe55yv0jihe4d6","time":1609297022,"event":{"mods":["2.2 Compatiblity","AchievementEnabler","BaseMod","Block Reminder","Colored Map","Colored Powertips","Minty Spire (QoL Compilation)","Quick Restart","Rare Cards Sparkle","Relic Stats","SuperFastMode"],"gold_per_floor":[114,129,153,172,187,187,213,213,213,248,323,341,341,50,50,50,50],"floor_reached":16,"playtime":685,"items_purged":["Searing Blow"],"score":220,"play_id":"1a21df0e-48e3-4cca-a704-34e350aab9fa","local_time":"20201229215702","is_ascension_mode":true,"campfire_choices":[{"data":"Bludgeon","floor":6.0,"key":"SMITH"},{"data":"Bash","floor":8,"key":"SMITH"},{"data":"Uppercut","floor":15,"key":"SMITH"}],"circlet_count":0,"master_deck":["AscendersBane","Strike_R","Strike_R","Strike_R","Strike_R","Defend_R","Defend_R","Defend_R","Defend_R","Bash+1","Bludgeon+1","Warcry","Evolve","Anger","Seeing Red","Uppercut+1","Disarm","Feel No Pain"],"relics":["Burning Blood","Bronze Scales","Sundial","Tiny Chest","Gremlin Horn"],"acts_visited":["Exordium"],"potions_floor_usage":[7],"damage_taken":[{"damage":6.0,"enemies":"Cultist","floor":1.0,"turns":3.0},{"damage":7.0,"enemies":"Small Slimes","floor":2.0,"turns":3.0},{"damage":9.0,"enemies":"Jaw Worm","floor":4.0,"turns":2.0},{"damage":6.0,"enemies":"Blue Slaver","floor":5.0,"turns":4.0},{"damage":10,"enemies":"Lagavulin","floor":7,"turns":5},{"damage":8,"enemies":"Gremlin Nob","floor":10,"turns":3},{"damage":2,"enemies":"Gremlin Gang","floor":12,"turns":3},{"damage":51,"enemies":"Slime Boss","floor":16,"turns":5}],"seed_played":"-636114588431426375","potions_obtained":[{"floor":4.0,"key":"FearPotion"},{"floor":7,"key":"Ancient Potion"}],"is_trial":false,"path_per_floor":["M","M","T","M","M","R","E","R","T","E","?","M","?","$","R","B"],"character_chosen":"IRONCLAD","items_purchased":["Disarm","Feel No Pain","AttackPotion"],"campfire_rested":0,"item_purchase_floors":[14,14,14],"current_hp_per_floor":[68,67,67,64,64,64,60,60,60,58,47,51,51,51,51,0,0],"gold":50,"neow_bonus":"ONE_RANDOM_RARE_CARD","is_daily":false,"chose_seed":false,"campfire_upgraded":3,"win_rate":0.0,"timestamp":1609297022,"path_taken":["M","M","?","M","M","R","E","R","T","E","?","M","?","$","R","BOSS"],"items_purchased_type":["Card","Card","Potion"],"build_version":"2020-12-22","purchased_purges":1,"victory":false,"max_hp_per_floor":[75,75,75,75,75,75,75,75,75,75,75,75,75,75,75,75,75],"relic_stats":{"Gremlin Horn":[3,3],"counters":[8,28],"Sundial":[0],"Bronze Scales":[35],"Tiny Chest":0,"obtain_stats":[{"Gremlin Horn":10,"Sundial":7,"Bronze Scales":3,"Tiny Chest":9,"Burning Blood":0},{"Gremlin Horn":6,"Sundial":5,"Bronze Scales":2,"Tiny Chest":5,"Burning Blood":0},{"Gremlin Horn":20,"Sundial":17,"Bronze Scales":6,"Tiny Chest":17,"Burning Blood":0}],"Burning Blood":42},"card_choices":[{"not_picked":["Dark Embrace","Armaments"],"picked":"Warcry","floor":1.0},{"not_picked":["Iron Wave","Thunderclap","Heavy Blade"],"picked":"SKIP","floor":2.0},{"not_picked":["Clash","Bloodletting"],"picked":"Evolve","floor":4.0},{"not_picked":["Sentinel","Flex"],"picked":"Anger","floor":5.0},{"not_picked":["Twin Strike","Cleave"],"picked":"Seeing Red","floor":7},{"not_picked":["Wild Strike","Twin Strike"],"picked":"Uppercut","floor":10},{"not_picked":["Searing Blow","Havoc","Fire Breathing"],"picked":"SKIP","floor":12}],"player_experience":2905690,"relics_obtained":[{"floor":3.0,"key":"Bronze Scales"},{"floor":7,"key":"Sundial"},{"floor":9,"key":"Tiny Chest"},{"floor":10,"key":"Gremlin Horn"}],"event_choices":[{"damage_healed":0,"gold_gain":75,"player_choice":"Gather Gold","damage_taken":11,"max_hp_gain":0,"max_hp_loss":0,"event_name":"World of Goop","floor":11,"gold_loss":0},{"damage_healed":0,"gold_gain":0,"cards_transformed":["Strike_R"],"player_choice":"Transformed","damage_taken":0,"max_hp_gain":0,"max_hp_loss":0,"event_name":"Transmorgrifier","floor":13,"gold_loss":0,"cards_obtained":["Searing Blow"]}],"is_beta":false,"boss_relics":[],"items_purged_floors":[14],"is_endless":false,"potions_floor_spawned":[4,7],"killed_by":"Slime Boss","ascension_level":20}}