{"host":"uyrebrj0204enqpc","time":1609302441,"event":{"mods":["Act Like it!","Bard","BaseMod","Block Reminder","Challenge The Spire","Colored Map","Colored Powertips","DeckTracker","Downfall","GifTheSpireLib","HexUI Lib","Highlight Path","Hubris","Infinite Spire","Minty Spire (QoL Compilation)","Pale of the Ancients","Quick Restart","Random Character Button","Relic Sorter","Relic Stats","Replay The Spire","Shop Mod","StSLib","The Blue Laboratory","The Bug Knight","The Cursed","The Jungle","The Marked","Wandering Minibosses"],"gold_per_floor":[109,34,34,34,54,85,85,118,173,173,204,218,214,229,229,319,319,326,326,336,236,248,248,192,192,192,203,211,211,211,216,216,312,312,343,343,398,33,48,67,81,101,101,119,916,1011,1011,1011,1011,1011,1011,1093,1093,791,791,791,791],"floor_reached":56,"playtime":2523,"items_purged":["theMarked:Defend","theMarked:Strike","theMarked:Strike","theMarked:Strike"],"score":1218,"play_id":"b80af4d2-5330-4777-a1e5-38b8d67d0c3a","local_time":"20201229232721","is_ascension_mode":true,"campfire_choices":[{"data":"theMarked:SoldierOfQuellstein","floor":7.0,"key":"SMITH"},{"floor":10.0,"key":"REST"},{"floor":15.0,"key":"REST"},{"data":"theMarked:BindingBlade","floor":23.0,"key":"SMITH"},{"floor":25.0,"key":"REST"},{"data":"theMarked:BindingBlade","floor":29.0,"key":"SMITH"},{"floor":32.0,"key":"REST"},{"floor":47.0,"key":"REST"},{"floor":49.0,"key":"REST"},{"floor":55,"key":"REST"}],"circlet_count":0,"master_deck":["theMarked:Strike","theMarked:Strike","theMarked:Defend","theMarked:Defend","theMarked:Defend","theMarked:SoldierOfQuellstein+1","expansioncontent:SuperHexaguard","theMarked:BindingBlade+1","theMarked:BindingBlade+1","theMarked:EmpowerWeapon","theMarked:ParalyzingBlade","theMarked:FavorableWinds","theMarked:HeritageOfTheMarked","theMarked:ParalyzingBlade","expansioncontent:ChargeUp"],"relics":["theMarked:BronzeBlade","Akabeko","Replay:Baseball","infinitespire:Broken Mirror","Blue Doll","Bag of Marbles","ReplayTheSpireMod:DimensionalGlitch","Replay:Kaleidoscope","Sundial","infinitespire:EvilPickle","Omamori","Onion Ring","InkBottle","Pet Ghost","hubris:CuriousFeather","wanderingMiniBosses:MasterThiefsPresence","infinitespire:Lychee Nut","paleoftheancients:Timepiece","Gremlin Horn","Spirit Poop","paleoftheancients:SoulOfTheCollector","Ring of Fury","hubris:TenFootPole"],"acts_visited":["Exordium","TheCity","TheBeyond","TheBeyond"],"potions_floor_usage":[],"damage_taken":[{"damage":0.0,"enemies":"Cultist","floor":1.0,"turns":3.0},{"damage":0.0,"enemies":"Small Slimes","floor":5.0,"turns":3.0},{"damage":37.0,"enemies":"Lagavulin","floor":6.0,"turns":6.0},{"damage":18.0,"enemies":"3 Sentries","floor":8.0,"turns":8.0},{"damage":8.0,"enemies":"Gremlin Nob","floor":11.0,"turns":4.0},{"damage":0.0,"enemies":"2 Louse","floor":12.0,"turns":1.0},{"damage":0.0,"enemies":"Gremlin Gang","floor":13.0,"turns":7.0},{"damage":0.0,"enemies":"2 Fungi Beasts","floor":14.0,"turns":2.0},{"damage":0.0,"enemies":"Slime Boss","floor":16.0,"turns":5.0},{"damage":2.0,"enemies":"Chosen","floor":18.0,"turns":3.0},{"damage":6.0,"enemies":"Spheric Guardian","floor":20.0,"turns":3.0},{"damage":19.0,"enemies":"Snake Plant","floor":22.0,"turns":3.0},{"damage":23.0,"enemies":"Centurion and Healer","floor":24.0,"turns":6.0},{"damage":0.0,"enemies":"Snecko","floor":27.0,"turns":3.0},{"damage":4.0,"enemies":"Cultist and Chosen","floor":28.0,"turns":4.0},{"damage":12.0,"enemies":"Snake Plant","floor":31.0,"turns":2.0},{"damage":22.0,"enemies":"Pondfish","floor":33.0,"turns":11.0},{"damage":0.0,"enemies":"Orb Walker","floor":35.0,"turns":2.0},{"damage":11.0,"enemies":"3 Darklings","floor":39.0,"turns":3.0},{"damage":0.0,"enemies":"Reptomancer","floor":40.0,"turns":4.0},{"damage":6.0,"enemies":"Sphere and 2 Shapes","floor":41.0,"turns":5.0},{"damage":10.0,"enemies":"Giant Head","floor":42.0,"turns":5.0},{"damage":6.0,"enemies":"Spire Growth","floor":44.0,"turns":3.0},{"damage":0.0,"enemies":"Transient","floor":45.0,"turns":5.0},{"damage":34.0,"enemies":"Nightmare","floor":46.0,"turns":7.0},{"damage":26.0,"enemies":"Time Eater","floor":50.0,"turns":4.0},{"damage":73.0,"enemies":"Time Eater","floor":51.0,"turns":6.0},{"damage":39,"enemies":"Time Eater","floor":52,"turns":10},{"damage":40,"enemies":"Time Eater","floor":56,"turns":5}],"seed_played":"3804918268427977651","potions_obtained":[{"floor":5.0,"key":"Energy Potion"},{"floor":8.0,"key":"blueLaboratory:BottledHope"},{"floor":13.0,"key":"blueLaboratory:FruitPunch"},{"floor":14.0,"key":"blueLaboratory:BottleOfRum"},{"floor":16.0,"key":"Elixir"},{"floor":20.0,"key":"blueLaboratory:RememoryPotion"},{"floor":24.0,"key":"blueLaboratory:PyrophylliteBrew"},{"floor":27.0,"key":"blueLaboratory:NullPotion"},{"floor":31.0,"key":"Strength Potion"},{"floor":37.0,"key":"DuplicationPotion"},{"floor":37.0,"key":"blueLaboratory:TrueEctoplasm"},{"floor":39.0,"key":"PowerPotion"},{"floor":42.0,"key":"blueLaboratory:ForbiddenFruitJuice"},{"floor":44.0,"key":"Elixir"},{"floor":52,"key":"EssenceOfSteel"}],"is_trial":false,"path_per_floor":["M","$","?","$","M","E","R","E","T","R","E","M","M","M","R","B",null,"M","?","M","$","M","R","M","R","T","M","M","R","?","M","R","B",null,"M","?","?","$","M","E","M","E","T","M","M","NM","R","?","R","B","M","M","?","$","R","M"],"character_chosen":"THE_DEFAULT","items_purchased":["Onion Ring","hubris:TenFootPole"],"campfire_rested":7,"item_purchase_floors":[38,54],"current_hp_per_floor":[70,70,70,70,70,33,33,15,15,36,28,28,28,28,49,51,72,70,70,64,64,45,45,22,43,43,43,39,39,39,27,48,26,72,72,75,75,75,64,64,58,48,48,42,42,8,24,24,40,56,56,18,18,18,34,0,0],"gold":791,"neow_bonus":"RANDOM_COMMON_RELIC","is_daily":false,"chose_seed":false,"campfire_upgraded":3,"win_rate":0.0,"timestamp":1609302441,"path_taken":["M","?","?","$","M","E","R","E","T","R","E","M","?","M","R","BOSS","M","?","?","$","M","R","M","R","T","M","M","R","?","M","R","BOSS","M","?","?","$","M","E","M","E","T","?","M","NM","R","?","R","BOSS","M","M","?","$","R","M"],"items_purchased_type":["Relic","Relic"],"build_version":"2020-12-22","purchased_purges":4,"victory":false,"max_hp_per_floor":[70,70,70,70,70,70,70,70,70,70,70,70,70,70,70,72,72,72,72,72,72,72,72,72,72,72,72,72,72,72,72,72,72,72,72,75,75,75,75,75,75,75,75,75,75,56,56,56,56,56,56,56,56,56,56,56,56],"relic_stats":{"Gremlin Horn":[14,14],"counters":[29,131],"Sundial":[24],"obtain_stats":[{"Gremlin Horn":50,"Spirit Poop":50,"Blue Doll":9,"wanderingMiniBosses:MasterThiefsPresence":45,"Omamori":37,"Replay:Kaleidoscope":19,"Akabeko":0,"Pet Ghost":42,"infinitespire:EvilPickle":33,"paleoftheancients:Timepiece":50,"theMarked:ArtifactOfAir":0,"Replay:Baseball":6,"infinitespire:Broken Mirror":8,"Sundial":26,"infinitespire:Lychee Nut":46,"Onion Ring":38,"Ring of Fury":53,"hubris:CuriousFeather":43,"Bag of Marbles":11,"theMarked:BronzeBlade":34,"hubris:TenFootPole":54,"paleoftheancients:SoulOfTheCollector":52,"ReplayTheSpireMod:DimensionalGlitch":17,"InkBottle":40},{"Gremlin Horn":26,"Spirit Poop":26,"Blue Doll":4,"wanderingMiniBosses:MasterThiefsPresence":24,"Omamori":18,"Replay:Kaleidoscope":10,"Akabeko":0,"Pet Ghost":22,"infinitespire:EvilPickle":17,"paleoftheancients:Timepiece":26,"theMarked:ArtifactOfAir":0,"Replay:Baseball":3,"infinitespire:Broken Mirror":4,"Sundial":13,"infinitespire:Lychee Nut":25,"Onion Ring":18,"Ring of Fury":28,"hubris:CuriousFeather":22,"Bag of Marbles":5,"theMarked:BronzeBlade":17,"hubris:TenFootPole":28,"paleoftheancients:SoulOfTheCollector":28,"ReplayTheSpireMod:DimensionalGlitch":9,"InkBottle":20},{"Gremlin Horn":110,"Spirit Poop":110,"Blue Doll":20,"wanderingMiniBosses:MasterThiefsPresence":100,"Omamori":76,"Replay:Kaleidoscope":42,"Akabeko":0,"Pet Ghost":92,"infinitespire:EvilPickle":74,"paleoftheancients:Timepiece":110,"theMarked:ArtifactOfAir":0,"Replay:Baseball":12,"infinitespire:Broken Mirror":20,"Sundial":54,"infinitespire:Lychee Nut":106,"Onion Ring":76,"Ring of Fury":126,"hubris:CuriousFeather":92,"Bag of Marbles":24,"theMarked:BronzeBlade":74,"hubris:TenFootPole":126,"paleoftheancients:SoulOfTheCollector":126,"ReplayTheSpireMod:DimensionalGlitch":39,"InkBottle":83}],"InkBottle":[24]},"card_choices":[{"not_picked":["theMarked:Improvise","theMarked:Parkour","theMarked:EnhancedHearing"],"picked":"SKIP","floor":1.0},{"not_picked":["theMarked:ElectricStrings","theMarked:Aftermath","theMarked:MagicAdept"],"picked":"SKIP","floor":5.0},{"not_picked":["theMarked:Aftermath","theMarked:WastefulDefense","theMarked:Parkour"],"picked":"SKIP","floor":6.0},{"not_picked":["theMarked:ResourceFulStrike","theMarked:Aftermath","theMarked:Overcharge"],"picked":"SKIP","floor":8.0},{"not_picked":["theMarked:Reabsorb","theMarked:TwofoldDefense","theMarked:Electrocute"],"picked":"SKIP","floor":11.0},{"not_picked":["theMarked:KeepCalmAndFightOn","theMarked:TunnelVision","theMarked:TwofoldDefense"],"picked":"SKIP","floor":12.0},{"not_picked":["theMarked:Improvise","theMarked:Aftermath","theMarked:Polarize"],"picked":"SKIP","floor":13.0},{"not_picked":["theMarked:ReduceFriction","theMarked:RepellingDischarge"],"picked":"theMarked:BindingBlade","floor":14.0},{"not_picked":["theMarked:SummonStrength","theMarked:Defy"],"picked":"theMarked:BindingBlade","floor":16.0},{"not_picked":["theMarked:StartUp","theMarked:Frustration"],"picked":"theMarked:EmpowerWeapon","floor":18.0},{"not_picked":["theMarked:RepellingDischarge+1","theMarked:Aftermath","theMarked:Panic"],"picked":"SKIP","floor":20.0},{"not_picked":["theMarked:UnarmedFury","theMarked:PowerFlow","theMarked:BanishingWave+1"],"picked":"SKIP","floor":22.0},{"not_picked":["theMarked:Aftermath+1","theMarked:RepellingDischarge+1"],"picked":"theMarked:ParalyzingBlade","floor":24.0},{"not_picked":["theMarked:GodGivenPower","theMarked:BanishingWave","theMarked:ComboAttacks+1"],"picked":"SKIP","floor":27.0},{"not_picked":["theMarked:WastefulDefense","theMarked:Electrocute+1","theMarked:WardOff"],"picked":"SKIP","floor":28.0},{"not_picked":["theMarked:Improvise","theMarked:HeightenedSenses","theMarked:ElectricStrings"],"picked":"SKIP","floor":31.0},{"not_picked":["theMarked:SummonStrength","theMarked:Defy"],"picked":"theMarked:FavorableWinds","floor":33.0},{"not_picked":["theMarked:Aftermath","theMarked:Seal+1","theMarked:BanishingStrike+1"],"picked":"SKIP","floor":35.0},{"not_picked":["theMarked:Aftermath","theMarked:Seal+1","theMarked:BanishingStrike+1"],"picked":"SKIP","floor":35.0},{"not_picked":["theMarked:Parkour+1","theMarked:Indomitable"],"picked":"theMarked:HeritageOfTheMarked","floor":37.0},{"not_picked":["theMarked:ChainLightning+1","theMarked:TwofoldDefense","theMarked:ContemptForTheProud+1"],"picked":"SKIP","floor":39.0},{"not_picked":["theMarked:Overthink","theMarked:LightningStrikesTwice+1","theMarked:RepellingDischarge"],"picked":"SKIP","floor":40.0},{"not_picked":["theMarked:SwordAndMagic+1","theMarked:BanishingStrike+1","theMarked:ChainLightning"],"picked":"SKIP","floor":41.0},{"not_picked":["theMarked:Aftermath+1","theMarked:ResourceFulStrike+1","theMarked:Opportunist"],"picked":"SKIP","floor":42.0},{"not_picked":["theMarked:EnhancedHearing","theMarked:SelfDefenseTraining+1","theMarked:WastefulAttack"],"picked":"SKIP","floor":44.0},{"not_picked":["theMarked:Improvise+1","theMarked:Challenge"],"picked":"theMarked:ParalyzingBlade","floor":45.0},{"not_picked":["theMarked:ElectricStrings","theMarked:KeepCalmAndFightOn","theMarked:Opportunist"],"picked":"SKIP","floor":46.0},{"not_picked":["Replay:SS_forest_2","HandOfGreed"],"picked":"expansioncontent:ChargeUp","floor":48.0},{"not_picked":["theMarked:WastefulAttack","theMarked:Improvise+1","theMarked:RepellingDischarge"],"picked":"SKIP","floor":52}],"player_experience":1000543,"relics_obtained":[{"floor":6.0,"key":"Replay:Baseball"},{"floor":8.0,"key":"infinitespire:Broken Mirror"},{"floor":9.0,"key":"Blue Doll"},{"floor":11.0,"key":"Bag of Marbles"},{"floor":26.0,"key":"Sundial"},{"floor":37.0,"key":"Omamori"},{"floor":40.0,"key":"InkBottle"},{"floor":42.0,"key":"Pet Ghost"},{"floor":43.0,"key":"hubris:CuriousFeather"},{"floor":45.0,"key":"wanderingMiniBosses:MasterThiefsPresence"},{"floor":46.0,"key":"infinitespire:Lychee Nut"},{"floor":52,"key":"paleoftheancients:SoulOfTheCollector"},{"floor":53,"key":"Ring of Fury"}],"event_choices":[{"damage_healed":0.0,"max_hp_gain":0.0,"max_hp_loss":0.0,"gold_gain":0.0,"event_name":"Match and Keep!","player_choice":"1 cards matched","floor":3.0,"gold_loss":0.0,"damage_taken":0.0,"cards_obtained":["expansioncontent:SuperHexaguard"]},{"damage_healed":0.0,"max_hp_gain":0.0,"max_hp_loss":0.0,"gold_gain":0.0,"event_name":"WeMeetAgain","player_choice":"Gave Potion","floor":19.0,"gold_loss":0.0,"damage_taken":0.0,"relics_obtained":["Replay:Kaleidoscope"]},{"damage_healed":0.0,"max_hp_gain":0.0,"max_hp_loss":0.0,"gold_gain":0.0,"event_name":"SensoryStone","player_choice":"Memory 1","floor":48.0,"gold_loss":0.0,"damage_taken":0.0}],"is_beta":false,"boss_relics":[{"not_picked":["hubris:VirtuousBlindfold","Velvet Choker"],"picked":"ReplayTheSpireMod:DimensionalGlitch"},{"not_picked":["hubris:RunicObelisk","Runic Dome"],"picked":"theMarked:BronzeBlade"}],"items_purged_floors":[2,21,38,54],"is_endless":false,"potions_floor_spawned":[5,8,13,14,16,20,24,27,28,31,39,42,44,52],"killed_by":"Time Eater","ascension_level":2}}