{"host":"v1sr5h8q0mijnzs9","time":1609303459,"event":{"mods":["BaseMod","BetterRewards","Colored Map","Downfall","Duelist Mod","GifTheSpireLib","Googly Eyes","Hero for Fun","Highlight Path","Hubris","Infinite Spire","Jorbs\u0027s Wanderer Trilogy","Marisa????????","Minty Spire (QoL Compilation)","READ ME - Snecko Mod","Shop Mod","StSLib","SuperFastMode","The Animator","The Bug Knight","The Construct","The Death Knight","The Disciple","The Forsaken","The Jungle","The Necromancer","The Saiyan","The Servant 0.9.4"],"gold_per_floor":[97,97,108,33,33,33,52,52,134,134,152,152,166,176,176,277,277,296,296,296,323,323,323,323,323,347,357,373,373,373,388,388,487,487,501,501,516,526,526,560,560,126,180,37,37,37,51,273,273,277],"floor_reached":51,"playtime":7120,"items_purged":["Parasite"],"score":713,"play_id":"cd3d0426-89a8-435c-838f-4a00f40690b9","local_time":"20201230054419","is_ascension_mode":false,"campfire_choices":[{"floor":6,"key":"RECALL"},{"data":"Saiyan:DragonFist","floor":8,"key":"SMITH"},{"data":"Saiyan:EnergyBlast","floor":10,"key":"SMITH"},{"data":"Saiyan:Expend","floor":15,"key":"SMITH"},{"floor":23,"key":"REST"},{"floor":29,"key":"REST"},{"floor":32,"key":"REST"},{"floor":41,"key":"REST"},{"data":"Saiyan:PlotArmor","floor":46,"key":"SMITH"},{"floor":49,"key":"REST"}],"circlet_count":0,"master_deck":["Saiyan:SAIYA_Strike+1","Saiyan:SAIYA_Strike+1","Saiyan:SAIYA_Strike+1","Saiyan:SAIYA_Strike+1","Saiyan:SAIYA_Defend+1","Saiyan:SAIYA_Defend+1","Saiyan:SAIYA_Defend+1","Saiyan:SAIYA_Defend+1","Saiyan:EnergyBlast+1","Saiyan:KaioKen","Saiyan:RuthlessBlow","Saiyan:KameHameHa","Saiyan:ExpandingShockwave","Saiyan:TurtleShell","Saiyan:DragonFist+1","Saiyan:Planning+1","Saiyan:SuperSaiyanForm","Saiyan:Expend+1","Saiyan:MonkeyTail","Saiyan:KiExplosion+1","Saiyan:MeteorDash","hubris:Fate","Saiyan:PowerUp","Saiyan:KiStrike+1","Saiyan:Momentum","Saiyan:UltraInstinct+1","Saiyan:Quickening","Saiyan:MindBoom","Saiyan:WarmUp","infinitespire:FutureSight","Saiyan:KameHameHa+1","Saiyan:Honing","hubris:Fate","Saiyan:LastResort+1","Saiyan:Furor","Saiyan:PlotArmor+1","hubris:Fate","Saiyan:SaiyanHubris+1","Saiyan:FinalFlash"],"relics":["SaiyanSoul","SaiyanHeart","FaceOfCleric","WarpedTongs","Sozu","Nilry\u0027s Codex","theForsaken:PlagueMask","Red Mask","War Paint","hubris:KleinBottle","Dream Catcher","construct:WeddingRing","Empty Cage","White Beast Statue","infinitespire:Midas Blood","Happy Flower","DollysMirror","hubris:SlimyHat","Juzu Bracelet"],"acts_visited":["Exordium","TheCity","TheBeyond"],"potions_floor_usage":[16,50],"damage_taken":[{"damage":0,"enemies":"Jaw Worm","floor":1,"turns":4},{"damage":0,"enemies":"Cultist","floor":3,"turns":3},{"damage":0,"enemies":"Small Slimes","floor":7,"turns":2},{"damage":3,"enemies":"Red Slaver","floor":11,"turns":4},{"damage":4,"enemies":"Looter","floor":13,"turns":2},{"damage":0,"enemies":"2 Fungi Beasts","floor":14,"turns":2},{"damage":57,"enemies":"Hexaghost","floor":16,"turns":9},{"damage":30,"enemies":"2 Thieves","floor":18,"turns":5},{"damage":23,"enemies":"Masked Bandits","floor":21,"turns":4},{"damage":3,"enemies":"Chosen","floor":27,"turns":4},{"damage":0,"enemies":"Sentry and Sphere","floor":28,"turns":1},{"damage":26,"enemies":"Centurion and Healer","floor":31,"turns":6},{"damage":33,"enemies":"Automaton","floor":33,"turns":13},{"damage":2,"enemies":"Orb Walker","floor":35,"turns":4},{"damage":0,"enemies":"3 Shapes","floor":37,"turns":2},{"damage":0,"enemies":"Writhing Mass","floor":38,"turns":5},{"damage":60,"enemies":"Nemesis","floor":40,"turns":9},{"damage":12,"enemies":"Transient","floor":47,"turns":5},{"damage":17,"enemies":"hubris:GrandSnecko","floor":50,"turns":13}],"seed_played":"-1094888130095876354","potions_obtained":[{"floor":1,"key":"sneckomod:MuddlingPotion"},{"floor":7,"key":"AttackPotion"}],"is_trial":false,"path_per_floor":["M","?","M","$","?","R","M","R","T","R","M","?","M","M","R","B",null,"M","?","?","?","T","R","?","$","T","M","M","R","?","M","R","B",null,"M","AVR","M","M","?","E","R","$","T","$","?","R","M","?","R","B",null],"character_chosen":"SAIYAJIN","items_purchased":["Saiyan:TurtleShell","Saiyan:BigBangAttack","hubris:KleinBottle","Happy Flower","Saiyan:PlotArmor","DollysMirror","Juzu Bracelet"],"campfire_rested":5,"item_purchase_floors":[4,4,25,42,42,42,44],"current_hp_per_floor":[66,66,67,67,67,67,69,69,69,69,68,68,65,67,67,12,76,48,32,32,12,12,36,75,56,56,58,59,81,81,58,83,54,85,86,86,87,90,90,31,58,58,58,58,63,63,52,52,79,81],"gold":277,"neow_bonus":"TEN_PERCENT_HP_BONUS","is_daily":false,"chose_seed":false,"campfire_upgraded":4,"win_rate":0.0,"timestamp":1609303459,"path_taken":["M","?","?","$","?","R","?","R","T","R","M","?","M","M","R","BOSS","M","?","?","?","?","R","?","?","T","M","M","R","?","M","R","BOSS","M","AVR","M","M","?","E","R","$","T","$","?","R","M","?","R","BOSS"],"items_purchased_type":["Card","Card","Relic","Relic","Card","Relic","Relic"],"build_version":"2020-12-22","purchased_purges":1,"victory":true,"max_hp_per_floor":[66,66,67,67,67,67,69,69,69,69,71,71,72,74,74,76,76,78,78,78,81,81,81,75,75,75,80,81,81,81,84,84,85,85,88,88,89,92,92,93,93,90,90,90,90,90,91,91,91,95],"card_choices":[{"not_picked":["Saiyan:KiStrike","Saiyan:DoubleMasenko"],"picked":"Saiyan:KameHameHa","floor":1},{"not_picked":["Saiyan:ReverberatingForce","Saiyan:Planning"],"picked":"Saiyan:ExpandingShockwave","floor":3},{"not_picked":["Saiyan:Scouter","Saiyan:ExtremeSpeed"],"picked":"Saiyan:DragonFist","floor":7},{"not_picked":["Saiyan:Afterimage","Saiyan:KiExplosion"],"picked":"Saiyan:Planning","floor":11},{"not_picked":["Saiyan:Scouter","Saiyan:ReverberatingForce"],"picked":"Saiyan:SuperSaiyanForm","floor":13},{"not_picked":["Saiyan:RemoveWeights","Saiyan:FingerParry"],"picked":"Saiyan:Expend","floor":14},{"not_picked":["Saiyan:MindBoom","Saiyan:GhostAttack"],"picked":"Saiyan:MonkeyTail","floor":16},{"not_picked":["Saiyan:TurtleShell","Saiyan:Afterimage"],"picked":"Saiyan:KiExplosion","floor":18},{"not_picked":["Saiyan:Makankosappo","Saiyan:Scouter"],"picked":"Saiyan:MeteorDash","floor":21},{"not_picked":["infinitespire:Starlight","infinitespire:Oblivion"],"picked":"hubris:Fate","floor":25},{"not_picked":["Saiyan:KameHameHa","Saiyan:UltraInstinct"],"picked":"Saiyan:PowerUp","floor":27},{"not_picked":["Saiyan:PowerUp","Saiyan:MeteorDash"],"picked":"Saiyan:KiStrike+1","floor":28},{"not_picked":["Saiyan:Medicine","Saiyan:SpiritSword"],"picked":"Saiyan:Momentum","floor":29},{"not_picked":["Saiyan:AugmentedBlast","Saiyan:ConcussiveBlow"],"picked":"Saiyan:UltraInstinct+1","floor":31},{"not_picked":["Saiyan:Planning","Saiyan:PlotArmor"],"picked":"Saiyan:Quickening","floor":32},{"not_picked":["Saiyan:SolarFlare","Saiyan:HyperTimeChamber"],"picked":"Saiyan:MindBoom","floor":33},{"not_picked":["Saiyan:ExpandingShockwave","Saiyan:RemoveWeights"],"picked":"Saiyan:WarmUp","floor":35},{"not_picked":["Saiyan:Flurry","Saiyan:Planning"],"picked":"Saiyan:KameHameHa+1","floor":37},{"not_picked":["Saiyan:MeteorDash","Saiyan:DragonFist"],"picked":"Saiyan:Honing","floor":38},{"not_picked":["Saiyan:CCCapsule+1","Saiyan:KiExplosion+1"],"picked":"Saiyan:LastResort+1","floor":40},{"not_picked":["Saiyan:Flurry+1","Saiyan:ExpandingShockwave+1"],"picked":"Saiyan:Furor","floor":41},{"not_picked":["Saiyan:TurtleShell+1","Saiyan:MonkeyTail"],"picked":"Saiyan:SaiyanHubris+1","floor":47},{"not_picked":["Saiyan:AugmentedBlast+1","Saiyan:ConcussiveBlow"],"picked":"Saiyan:FinalFlash","floor":49}],"player_experience":61229,"relics_obtained":[{"floor":19,"key":"Nilry\u0027s Codex"},{"floor":21,"key":"Red Mask"},{"floor":22,"key":"War Paint"},{"floor":26,"key":"Dream Catcher"},{"floor":40,"key":"infinitespire:Midas Blood"},{"floor":43,"key":"hubris:SlimyHat"}],"event_choices":[{"damage_healed":0,"gold_gain":0,"player_choice":"Trade","damage_taken":0,"relics_obtained":["FaceOfCleric"],"max_hp_gain":0,"max_hp_loss":0,"event_name":"FaceTrader","floor":2,"gold_loss":0},{"damage_healed":0,"gold_gain":0,"player_choice":"Rummage","damage_taken":0,"relics_obtained":["WarpedTongs"],"max_hp_gain":0,"max_hp_loss":0,"event_name":"Accursed Blacksmith","floor":5,"gold_loss":0,"cards_obtained":["Pain"]},{"damage_healed":0,"gold_gain":0,"player_choice":"Grow","damage_taken":0,"max_hp_gain":0,"max_hp_loss":0,"event_name":"Living Wall","floor":12,"gold_loss":0,"cards_upgraded":["Saiyan:Planning"]},{"damage_healed":0,"gold_gain":0,"player_choice":"Obtained Book","damage_taken":16,"max_hp_gain":0,"max_hp_loss":0,"event_name":"Cursed Tome","floor":19,"gold_loss":0},{"damage_healed":0,"gold_gain":0,"player_choice":"Obtain Plague Curse","damage_taken":0,"max_hp_gain":0,"max_hp_loss":0,"event_name":"Plague Doctor","floor":20,"gold_loss":0,"cards_obtained":["theForsaken:PlagueCurse"]},{"damage_healed":0,"gold_gain":0,"player_choice":"Fought Bandits","damage_taken":0,"max_hp_gain":0,"max_hp_loss":0,"event_name":"Masked Bandits","floor":21,"gold_loss":0},{"damage_healed":0,"gold_gain":0,"player_choice":"Simplicity","damage_taken":0,"max_hp_gain":0,"max_hp_loss":0,"event_name":"Back to Basics","floor":30,"gold_loss":0,"cards_upgraded":["Saiyan:SAIYA_Strike","Saiyan:SAIYA_Strike","Saiyan:SAIYA_Strike","Saiyan:SAIYA_Strike","Saiyan:SAIYA_Defend","Saiyan:SAIYA_Defend","Saiyan:SAIYA_Defend"]},{"damage_healed":0,"gold_gain":0,"player_choice":"Copied","damage_taken":0,"max_hp_gain":0,"max_hp_loss":0,"event_name":"Duplicator","floor":39,"gold_loss":0,"cards_obtained":["hubris:Fate"]},{"cards_removed":["Saiyan:BigBangAttack"],"damage_healed":5,"gold_gain":0,"player_choice":"Offered Common","damage_taken":0,"max_hp_gain":0,"max_hp_loss":0,"event_name":"Bonfire Elementals","floor":45,"gold_loss":0},{"cards_removed":["Saiyan:BigBangAttack"],"damage_healed":5,"gold_gain":0,"player_choice":"Offered Special","damage_taken":0,"max_hp_gain":0,"max_hp_loss":0,"event_name":"Bonfire Elementals","floor":45,"gold_loss":0},{"damage_healed":0,"gold_gain":222,"player_choice":"Wore Mask","damage_taken":0,"max_hp_gain":0,"max_hp_loss":0,"event_name":"Tomb of Lord Red Mask","floor":48,"gold_loss":0}],"is_beta":false,"boss_relics":[{"not_picked":["hubris:CrackedHourglass","Ectoplasm"],"picked":"Sozu"},{"not_picked":["theForsaken:PaleLantern","hubris:Backtick"],"picked":"construct:WeddingRing"}],"items_purged_floors":[42],"is_endless":false,"potions_floor_spawned":[1,7,18,27,28,35,37,38,40,47],"ascension_level":0}}