{"host":"jksa5rawk3m4gilz","time":1609351313,"event":{"mods":["BaseMod","Colored Map","Highlight Path","Minty Spire (QoL Compilation)","Quick Restart"],"gold_per_floor":[39,71,88,123,160,208,208,237,237,255,293,107,157,157,157,234,234,244,159,175,175,187,187,215,57,57,57,83,93,120,120,120],"floor_reached":31,"playtime":3098,"items_purged":["Defend_B"],"score":535,"play_id":"864a53da-8e6e-4018-a6d3-41c1e4e06b24","local_time":"20201230190153","is_ascension_mode":true,"campfire_choices":[{"floor":7,"key":"REST"},{"data":"Recycle","floor":15,"key":"SMITH"},{"floor":23,"key":"REST"},{"data":"Rainbow","floor":27,"key":"SMITH"}],"circlet_count":0,"master_deck":["AscendersBane","Defend_B","Defend_B","Defend_B","Zap","Dualcast","HandOfGreed","FTL","Recycle+1","BootSequence","Self Repair","Steam","Darkness","Electrodynamics","Self Repair","Rainbow+1","Defragment","Storm+1","Glacier","Thunder Strike","Storm+1","Reprogram+1","Loop+1","BootSequence","Leap+1","Loop+1","White Noise","Loop","Glacier","Buffer","Self Repair+1","Stack+1","Capacitor"],"relics":["Cracked Core","Bottled Tornado","Prayer Wheel","MealTicket","Membership Card","Astrolabe","Strawberry","Letter Opener","Pear","Pantograph","Pen Nib","PreservedInsect"],"acts_visited":["Exordium","TheCity"],"potions_floor_usage":[4,8,24,30],"damage_taken":[{"damage":5,"enemies":"Jaw Worm","floor":1,"turns":5},{"damage":3,"enemies":"2 Louse","floor":2,"turns":3},{"damage":0,"enemies":"Cultist","floor":3,"turns":4},{"damage":0,"enemies":"Blue Slaver","floor":4,"turns":3},{"damage":16,"enemies":"Exordium Thugs","floor":5,"turns":4},{"damage":34,"enemies":"Gremlin Nob","floor":6,"turns":4},{"damage":10,"enemies":"3 Sentries","floor":8,"turns":8},{"damage":4,"enemies":"Red Slaver","floor":10,"turns":3},{"damage":2,"enemies":"Blue Slaver","floor":11,"turns":3},{"damage":7,"enemies":"3 Louse","floor":13,"turns":7},{"damage":41,"enemies":"Hexaghost","floor":16,"turns":11},{"damage":2,"enemies":"Chosen","floor":18,"turns":4},{"damage":7,"enemies":"Shell Parasite","floor":20,"turns":5},{"damage":46,"enemies":"Centurion and Healer","floor":22,"turns":4},{"damage":55,"enemies":"Slavers","floor":24,"turns":4},{"damage":24,"enemies":"Book of Stabbing","floor":28,"turns":4},{"damage":0,"enemies":"Snecko","floor":29,"turns":3},{"damage":57,"enemies":"Gremlin Leader","floor":30,"turns":5},{"damage":17,"enemies":"Snake Plant","floor":31,"turns":2}],"seed_played":"-5126063312359969016","potions_obtained":[{"floor":3,"key":"Block Potion"},{"floor":5,"key":"Strength Potion"},{"floor":6,"key":"GamblersBrew"},{"floor":10,"key":"EssenceOfDarkness"},{"floor":18,"key":"Regen Potion"},{"floor":24,"key":"Block Potion"},{"floor":30,"key":"PotionOfCapacity"}],"is_trial":false,"path_per_floor":["M","M","M","M","M","E","R","E","T","M","M","$","M","?","R","B",null,"M","?","M","?","M","R","E","$","T","R","E","M","E","M"],"character_chosen":"DEFECT","items_purchased":["Membership Card","Defragment","Pear"],"campfire_rested":2,"item_purchase_floors":[12,12,25],"current_hp_per_floor":[63,60,60,60,44,10,32,22,22,25,30,45,52,52,52,25,63,75,82,82,82,50,74,45,70,70,70,60,67,17,0,0],"gold":120,"neow_bonus":"RANDOM_COLORLESS_2","is_daily":false,"chose_seed":false,"campfire_upgraded":2,"win_rate":0.0,"timestamp":1609351313,"path_taken":["M","M","M","M","M","E","R","E","T","M","M","$","M","?","R","BOSS","M","?","M","?","M","R","E","$","T","R","E","M","E","M"],"items_purchased_type":["Relic","Card","Relic"],"build_version":"2020-12-22","purchased_purges":1,"victory":false,"max_hp_per_floor":[75,75,75,75,75,75,75,75,75,75,75,75,75,75,75,75,75,75,82,82,82,82,82,82,92,92,92,92,92,92,92,92],"card_choices":[{"not_picked":["Secret Technique","Metamorphosis"],"picked":"HandOfGreed","floor":0},{"not_picked":["Beam Cell","Ball Lightning"],"picked":"FTL","floor":1},{"not_picked":["Steam","Ball Lightning"],"picked":"Recycle","floor":2},{"not_picked":["Streamline","Sweeping Beam","Ball Lightning"],"picked":"SKIP","floor":3},{"not_picked":["Beam Cell","Go for the Eyes"],"picked":"BootSequence","floor":4},{"not_picked":["Conserve Battery","Hello World"],"picked":"Self Repair","floor":5},{"not_picked":["Rebound","Heatsinks"],"picked":"Steam","floor":6},{"not_picked":["Streamline","Static Discharge"],"picked":"Darkness","floor":8},{"not_picked":["Go for the Eyes","Coolheaded"],"picked":"Electrodynamics","floor":10},{"not_picked":["Conserve Battery","Cold Snap","Hologram"],"picked":"SKIP","floor":10},{"not_picked":["Tempest","Heatsinks"],"picked":"Self Repair","floor":11},{"not_picked":["Sweeping Beam","Turbo"],"picked":"Rainbow","floor":11},{"not_picked":["Conserve Battery","Redo"],"picked":"Storm","floor":13},{"not_picked":["Barrage","Genetic Algorithm"],"picked":"Glacier","floor":13},{"not_picked":["Echo Form","Fission"],"picked":"Thunder Strike","floor":16},{"not_picked":["Streamline","Consume+1"],"picked":"BootSequence","floor":18},{"not_picked":["Ball Lightning","Leap","Coolheaded"],"picked":"SKIP","floor":18},{"not_picked":["Melter","Beam Cell+1"],"picked":"Leap+1","floor":20},{"not_picked":["Genetic Algorithm","Ball Lightning+1"],"picked":"Loop+1","floor":20},{"not_picked":["Redo","Coolheaded"],"picked":"Loop","floor":22},{"not_picked":["Gash+1","Ball Lightning","Redo"],"picked":"SKIP","floor":22},{"not_picked":["Beam Cell","FTL"],"picked":"Glacier","floor":24},{"not_picked":["Streamline","Gash+1"],"picked":"Buffer","floor":28},{"not_picked":["BootSequence","Skim"],"picked":"Self Repair+1","floor":29},{"not_picked":["Chaos+1","Sunder"],"picked":"Stack+1","floor":29},{"not_picked":["Skim","Compile Driver+1"],"picked":"Capacitor","floor":30}],"player_experience":2093719,"relics_obtained":[{"floor":6,"key":"Bottled Tornado"},{"floor":8,"key":"Prayer Wheel"},{"floor":9,"key":"MealTicket"},{"floor":24,"key":"Letter Opener"},{"floor":26,"key":"Pantograph"},{"floor":28,"key":"Pen Nib"},{"floor":30,"key":"PreservedInsect"}],"event_choices":[{"damage_healed":0,"gold_gain":0,"player_choice":"Grow","damage_taken":0,"max_hp_gain":0,"max_hp_loss":0,"event_name":"Living Wall","floor":14,"gold_loss":0,"cards_upgraded":["Storm"]},{"damage_healed":0,"gold_gain":0,"player_choice":"Obtained Relic","damage_taken":0,"relics_obtained":["Strawberry"],"max_hp_gain":0,"max_hp_loss":0,"event_name":"Addict","floor":19,"gold_loss":85},{"damage_healed":0,"gold_gain":0,"cards_transformed":["Strike_B"],"player_choice":"Transformed","damage_taken":0,"max_hp_gain":0,"max_hp_loss":0,"event_name":"Transmorgrifier","floor":21,"gold_loss":0,"cards_obtained":["White Noise"]}],"is_beta":false,"boss_relics":[{"not_picked":["FrozenCore","Sozu"],"picked":"Astrolabe"}],"items_purged_floors":[25],"is_endless":false,"potions_floor_spawned":[3,5,6,10,18,24,30],"killed_by":"Snake Plant","ascension_level":13}}