{"host":"dhyczjm99amxd3qx","time":1609308574,"event":{"mods":["BaseMod","Colored Map","Googly Eyes","Highlight Path","Minty Spire (QoL Compilation)","Quick Restart","StSLib"],"gold_per_floor":[113,113,130,150,150,178,190,190,217,217,217],"floor_reached":10,"playtime":367,"items_purged":[],"score":82,"play_id":"39306c8d-3311-4f4b-b098-c6a67140b72b","local_time":"20201230010934","is_ascension_mode":true,"campfire_choices":[{"data":"Blood for Blood","floor":8,"key":"SMITH"}],"circlet_count":0,"master_deck":["Strike_R","Strike_R","Strike_R","Strike_R","Defend_R","Defend_R","Defend_R","Bash","Flex","Blood for Blood+1"],"relics":["Burning Blood","Smiling Mask","Bag of Preparation"],"acts_visited":["Exordium"],"potions_floor_usage":[10],"damage_taken":[{"damage":13,"enemies":"Jaw Worm","floor":1,"turns":5},{"damage":6,"enemies":"Cultist","floor":3,"turns":3},{"damage":10,"enemies":"Small Slimes","floor":4,"turns":5},{"damage":36,"enemies":"Gremlin Nob","floor":6,"turns":5},{"damage":16,"enemies":"2 Fungi Beasts","floor":7,"turns":4},{"damage":30,"enemies":"3 Sentries","floor":10,"turns":4}],"seed_played":"7854724248899652437","potions_obtained":[{"floor":7,"key":"Explosive Potion"}],"is_trial":false,"path_per_floor":["M","?","M","M","?","E","M","R","T","E"],"character_chosen":"IRONCLAD","items_purchased":[],"campfire_rested":0,"item_purchase_floors":[],"current_hp_per_floor":[81,81,81,77,70,40,30,30,30,0,0],"gold":217,"neow_bonus":"TEN_PERCENT_HP_BONUS","is_daily":false,"chose_seed":false,"campfire_upgraded":1,"win_rate":0.0,"timestamp":1609308574,"path_taken":["M","?","M","?","?","E","M","R","T","E"],"items_purchased_type":[],"build_version":"2020-12-22","purchased_purges":0,"victory":false,"max_hp_per_floor":[88,88,88,88,88,88,88,88,88,88,88],"card_choices":[{"not_picked":["Body Slam","True Grit","Pommel Strike"],"picked":"SKIP","floor":1},{"not_picked":["Wild Strike","Uppercut","Spot Weakness"],"picked":"SKIP","floor":3},{"not_picked":["Flame Barrier","Headbutt","Havoc"],"picked":"SKIP","floor":4},{"not_picked":["Dark Embrace","Rage"],"picked":"Flex","floor":6},{"not_picked":["Battle Trance","Havoc"],"picked":"Blood for Blood","floor":7}],"player_experience":206276,"relics_obtained":[{"floor":6,"key":"Smiling Mask"},{"floor":9,"key":"Bag of Preparation"}],"event_choices":[{"cards_removed":["Defend_R"],"damage_healed":0,"gold_gain":0,"player_choice":"Purged","damage_taken":0,"max_hp_gain":0,"max_hp_loss":0,"event_name":"Purifier","floor":2,"gold_loss":0},{"cards_removed":["Strike_R"],"damage_healed":0,"gold_gain":0,"player_choice":"Card Removal","damage_taken":7,"max_hp_gain":0,"max_hp_loss":0,"event_name":"Golden Wing","floor":5,"gold_loss":0}],"is_beta":false,"boss_relics":[],"items_purged_floors":[],"is_endless":false,"potions_floor_spawned":[7],"killed_by":"3 Sentries","ascension_level":4}}