{"host":"5fasz840ryq7obdf","time":1609344739,"event":{"mods":["AchievementEnabler","BaseMod","Bestiary","Better Altar","Better Skull","Better Third Choice","BetterRewards","Block Reminder","Colored Powertips","Curses Come First","Downfall","Highlight Path","Minty Spire (QoL Compilation)","Quick Restart","Relic Sorter","Relic Stats","Shop Mod","Spicy Shops","StSLib","SuperFastMode"],"gold_per_floor":[0,18,37,53,70,98,98,131,131,131,165,165,179,0,18,123,123,123,140,1,1,11,11,38,38,72,72,88,108,108,66,86,187,187,187,202,202,220,270,297,297,322,322,45,45,45,45],"floor_reached":45,"playtime":4682,"items_purged":[],"score":611,"play_id":"4a0a489d-3b6f-4d16-afc7-e1a808ca2530","local_time":"20201230161219","is_ascension_mode":false,"campfire_choices":[{"data":"Guardian:TwinSlam","floor":1.0,"key":"SMITH"},{"data":"Guardian:SentryBeam","floor":10.0,"key":"SMITH"},{"data":"Guardian:SphericShield","floor":12.0,"key":"SMITH"},{"data":"Guardian:CurlUp","floor":18.0,"key":"SMITH"},{"data":"Guardian:EvasiveProtocol","floor":23.0,"key":"SMITH"},{"data":"Guardian:BaubleBeam","floor":27.0,"key":"SMITH"},{"floor":30.0,"key":"REST"}],"circlet_count":0,"master_deck":["Guardian:Strike_Guardian","Guardian:Strike_Guardian","Guardian:Strike_Guardian","Guardian:Defend_Guardian","Guardian:Defend_Guardian","Guardian:Defend_Guardian","Guardian:Defend_Guardian","Guardian:CurlUp+1","Guardian:TwinSlam+1","Guardian:SentryBeam+1","Guardian:PrimingBeam","Guardian:Gem_Blue","Guardian:SphericShield+1","Guardian:PolyBeam","Guardian:BaubleBeam+1","Guardian:BaubleBeam+1","Guardian:VentSteam+1","Guardian:BronzeOrb","Guardian:PrimingBeam","Guardian:EvasiveProtocol+1","Guardian:Clone+1","Guardian:PolyBeam","Guardian:PrimingBeam+1","Guardian:PolyBeam","Guardian:SphericShield","Guardian:MultiBeam+1","Guardian:Gem_Purple","Guardian:ExploitGems","Guardian:Gem_Orange","Guardian:Gem_Synthetic","Guardian:GuardianWhirl","expansioncontent:DonusPower","expansioncontent:CaCaw","expansioncontent:GoopSpray","Guardian:Gem_Cyan","Guardian:Gem_Red","Guardian:WalkerClaw+1","Guardian:Aged","Guardian:Gem_Red"],"relics":["Guardian:ModeShifter","StoneCalendar","Happy Flower","Bag of Marbles","StrikeDummy","Akabeko","Sozu","Ornamental Fan","Guardian:PickAxe","Guardian:BottledStasis","Black Star","Calipers","Whetstone","Dream Catcher","FossilizedHelix","Nunchaku","Bottled Tornado","Guardian:StasisEgg","Kunai"],"acts_visited":["Exordium","TheCity","TheBeyond"],"potions_floor_usage":[],"damage_taken":[{"damage":0.0,"enemies":"Small Slimes","floor":2.0,"turns":3.0},{"damage":0.0,"enemies":"2 Louse","floor":3.0,"turns":2.0},{"damage":1.0,"enemies":"Jaw Worm","floor":4.0,"turns":3.0},{"damage":2.0,"enemies":"2 Fungi Beasts","floor":5.0,"turns":3.0},{"damage":16.0,"enemies":"Gremlin Nob","floor":6.0,"turns":4.0},{"damage":8.0,"enemies":"Lagavulin","floor":8.0,"turns":6.0},{"damage":18.0,"enemies":"Gremlin Nob","floor":11.0,"turns":5.0},{"damage":5.0,"enemies":"3 Louse","floor":13.0,"turns":2.0},{"damage":0.0,"enemies":"downfall:FleeingMerchant","floor":14.0,"turns":4.0},{"damage":0.0,"enemies":"Lots of Slimes","floor":15.0,"turns":3.0},{"damage":11.0,"enemies":"downfall:Watcher","floor":16.0,"turns":7.0},{"damage":6.0,"enemies":"3 Byrds","floor":19.0,"turns":3.0},{"damage":0.0,"enemies":"downfall:FleeingMerchant","floor":20.0,"turns":4.0},{"damage":11.0,"enemies":"downfall:FleeingMerchant","floor":21.0,"turns":6.0},{"damage":7.0,"enemies":"Sentry and Sphere","floor":22.0,"turns":6.0},{"damage":10.0,"enemies":"Book of Stabbing","floor":26.0,"turns":5.0},{"damage":0.0,"enemies":"Snecko","floor":28.0,"turns":4.0},{"damage":2.0,"enemies":"3 Cultists","floor":29.0,"turns":4.0},{"damage":3.0,"enemies":"downfall:FleeingMerchant","floor":31.0,"turns":4.0},{"damage":1.0,"enemies":"Centurion and Healer","floor":32.0,"turns":4.0},{"damage":0.0,"enemies":"downfall:Ironclad","floor":33.0,"turns":6.0},{"damage":0.0,"enemies":"3 Darklings","floor":36.0,"turns":3.0},{"damage":0.0,"enemies":"3 Shapes","floor":38.0,"turns":3.0},{"damage":12.0,"enemies":"Mind Bloom Boss Battle","floor":39.0,"turns":7.0},{"damage":42.0,"enemies":"Giant Head","floor":40.0,"turns":7.0},{"damage":14.0,"enemies":"Reptomancer","floor":42.0,"turns":5.0},{"damage":5,"enemies":"Sphere and 2 Shapes","floor":45,"turns":2}],"seed_played":"1888569829903307917","potions_obtained":[{"floor":3.0,"key":"LiquidMemories"},{"floor":5.0,"key":"DuplicationPotion"},{"floor":8.0,"key":"ColorlessPotion"},{"floor":16.0,"key":"LiquidMemories"}],"is_trial":false,"path_per_floor":["R","M","M","M","M","E","T","E","?","R","E","R","M","$","M","B",null,"R","M","$","?","M","R","T","?","E","R","M","M","R","$","M","B",null,"R","M","?","M","?","E","T","E","?","$","M"],"character_chosen":"GUARDIAN","items_purchased":["Guardian:BaubleBeam","Guardian:PrimingBeam","Guardian:EvasiveProtocol","Guardian:PickAxe","Guardian:MultiBeam","Guardian:BottledStasis","Kunai","Guardian:Gem_Red"],"campfire_rested":1,"item_purchase_floors":[14,20,20,31,31,31,44,44],"current_hp_per_floor":[80,80,80,79,77,61,61,53,53,53,35,35,30,30,30,19,80,80,74,74,63,56,56,56,56,46,46,46,44,68,65,64,64,80,80,80,70,70,58,16,16,2,2,2,0,0,0],"gold":45,"neow_bonus":"ONE_RARE_RELIC","is_daily":false,"chose_seed":false,"campfire_upgraded":6,"win_rate":0.0,"timestamp":1609344739,"path_taken":["R","M","M","M","M","E","T","E","?","R","E","R","M","$","M","BOSS","R","M","$","?","M","R","T","?","E","R","M","M","R","$","M","BOSS","R","M","?","M","?","E","T","E","?","$","M"],"items_purchased_type":["Card","Card","Card","Relic","Card","Relic","Relic","Card"],"build_version":"2020-12-22","purchased_purges":0,"victory":false,"max_hp_per_floor":[80,80,80,80,80,80,80,80,80,80,80,80,80,80,80,80,80,80,80,80,80,80,80,80,80,80,80,80,80,80,80,80,80,80,80,80,80,80,80,80,80,80,80,80,80,80,80],"relic_stats":{"Sozu":4,"Dream Catcher":0,"Nunchaku":[0],"Happy Flower":[33],"counters":[27,115],"Ornamental Fan":[112],"StoneCalendar":[2],"Black Star":2,"Whetstone":["Guardian:MultiBeam","Guardian:BaubleBeam"],"Kunai":[0],"obtain_stats":[{"Guardian:BottledStasis":31,"Calipers":39,"Happy Flower":6,"Guardian:StasisEgg":43,"Guardian:ModeShifter":0,"StoneCalendar":0,"Whetstone":40,"Bottled Tornado":42,"Akabeko":11,"Sozu":17,"Guardian:PickAxe":31,"Dream Catcher":40,"Nunchaku":42,"Ornamental Fan":26,"Bag of Marbles":7,"Black Star":34,"Kunai":44,"StrikeDummy":8,"FossilizedHelix":41},{"Guardian:BottledStasis":19,"Calipers":24,"Happy Flower":5,"Guardian:StasisEgg":26,"Guardian:ModeShifter":0,"StoneCalendar":0,"Whetstone":25,"Bottled Tornado":26,"Akabeko":7,"Sozu":11,"Guardian:PickAxe":19,"Dream Catcher":25,"Nunchaku":26,"Ornamental Fan":16,"Bag of Marbles":5,"Black Star":21,"Kunai":26,"StrikeDummy":6,"FossilizedHelix":25},{"Guardian:BottledStasis":78,"Calipers":101,"Happy Flower":15,"Guardian:StasisEgg":113,"Guardian:ModeShifter":0,"StoneCalendar":0,"Whetstone":108,"Bottled Tornado":113,"Akabeko":26,"Sozu":42,"Guardian:PickAxe":78,"Dream Catcher":108,"Nunchaku":113,"Ornamental Fan":66,"Bag of Marbles":15,"Black Star":88,"Kunai":113,"StrikeDummy":21,"FossilizedHelix":108}]},"card_choices":[{"not_picked":["Guardian:RollAttack","Guardian:PiercingHide"],"picked":"Guardian:CrystalBeam","floor":2.0},{"not_picked":["Guardian:GuardianWhirl","Guardian:DonusPower"],"picked":"Guardian:SentryBeam","floor":3.0},{"not_picked":["Guardian:ChargeCore","Guardian:TemporalStrike"],"picked":"Guardian:PrimingBeam","floor":4.0},{"not_picked":["Guardian:Repulse","Guardian:Suspension"],"picked":"Guardian:CrystalBeam","floor":5.0},{"not_picked":["Guardian:WalkerClaw","Guardian:Gem_Green"],"picked":"Guardian:Gem_Blue","floor":6.0},{"not_picked":["Guardian:ChargeUp","Guardian:Clone"],"picked":"Guardian:SphericShield","floor":8.0},{"not_picked":["Guardian:Suspension","Guardian:Gem_Green"],"picked":"Guardian:Gem_Synthetic","floor":11.0},{"not_picked":["Guardian:RollAttack","Guardian:PrismaticBeam"],"picked":"Guardian:Gem_Purple","floor":13.0},{"not_picked":["Guardian:Gem_Lightblue","Guardian:VentSteam"],"picked":"Guardian:PolyBeam","floor":14.0},{"not_picked":["Guardian:Incinerate","Guardian:ShieldSpikes"],"picked":"Guardian:Gem_Cyan","floor":15.0},{"not_picked":["Guardian:ExploitGems","Guardian:Gem_Synthetic"],"picked":"Guardian:BaubleBeam","floor":16.0},{"not_picked":["Guardian:Recover","Guardian:Incinerate"],"picked":"Guardian:VentSteam+1","floor":19.0},{"not_picked":["Guardian:Reroute","Guardian:VentSteam"],"picked":"Guardian:BronzeOrb","floor":20.0},{"not_picked":["Guardian:Gem_Green","Guardian:TimeCapacitor+1"],"picked":"Guardian:Clone+1","floor":22.0},{"not_picked":["Guardian:Preprogram","Guardian:Gem_Fragmented"],"picked":"Guardian:PolyBeam","floor":26.0},{"not_picked":["Guardian:Gem_Red","Guardian:Gem_Green"],"picked":"Guardian:PrimingBeam+1","floor":28.0},{"not_picked":["Guardian:ChargeUp","Guardian:WalkerClaw"],"picked":"Guardian:PolyBeam","floor":29.0},{"not_picked":["Guardian:TemporalShield","Guardian:Gem_Green"],"picked":"Guardian:SphericShield","floor":31.0},{"not_picked":["Guardian:TimeBomb","Guardian:Recover"],"picked":"Guardian:Gem_Purple","floor":32.0},{"not_picked":["Guardian:AncientConstruct","Guardian:TimeSifter"],"picked":"Guardian:ExploitGems","floor":33.0},{"not_picked":["Guardian:Incinerate","Guardian:Planning+1"],"picked":"Guardian:GuardianWhirl","floor":36.0},{"not_picked":["expansioncontent:FaceSlap","expansioncontent:ManipulateTime"],"picked":"expansioncontent:DonusPower","floor":37.0},{"not_picked":["expansioncontent:Flail","expansioncontent:FaceSlap"],"picked":"expansioncontent:CaCaw","floor":37.0},{"not_picked":["expansioncontent:AwakenDeath","expansioncontent:PolyBeam"],"picked":"expansioncontent:GoopSpray","floor":37.0},{"not_picked":["Guardian:TimeCapacitor+1","Guardian:Suspension"],"picked":"Guardian:Gem_Cyan","floor":38.0},{"not_picked":["Guardian:Recover+1","Guardian:Gem_Green"],"picked":"Guardian:Gem_Red","floor":40.0},{"not_picked":["Guardian:TimeBomb","Guardian:TimeSifter"],"picked":"Guardian:WalkerClaw+1","floor":42.0}],"player_experience":1295734,"relics_obtained":[{"floor":6.0,"key":"Happy Flower"},{"floor":7.0,"key":"Bag of Marbles"},{"floor":8.0,"key":"StrikeDummy"},{"floor":11.0,"key":"Akabeko"},{"floor":26.0,"key":"Ornamental Fan"},{"floor":39.0,"key":"Calipers"},{"floor":40.0,"key":"Whetstone"},{"floor":40.0,"key":"Dream Catcher"},{"floor":41.0,"key":"FossilizedHelix"},{"floor":42.0,"key":"Nunchaku"},{"floor":42.0,"key":"Bottled Tornado"}],"event_choices":[{"cards_removed":["Guardian:Strike_Guardian"],"damage_healed":0.0,"max_hp_gain":0.0,"max_hp_loss":0.0,"gold_gain":0.0,"event_name":"The Cleric","player_choice":"Card Removal","floor":9.0,"gold_loss":0.0,"damage_taken":0.0}],"is_beta":false,"boss_relics":[{"not_picked":["Cursed Key","SacredBark"],"picked":"Sozu"},{"not_picked":["Calling Bell","Coffee Dripper"],"picked":"Black Star"}],"items_purged_floors":[],"is_endless":false,"potions_floor_spawned":[3,5,8,16,21,26,28,29,39],"killed_by":"Sphere and 2 Shapes","ascension_level":0}}