{"host":"qwp6882a7gaon7u5","time":1609350579,"event":{"mods":["ATMod(°¢èªMod)","BaseMod","BetterRewards","Minty Spire (QoL Compilation)","Red Circlet Mod","Replay The Spire","RumiaBox-Â¶Ã×æ«µÄÉñÃØºÐ×Ó","Spicy Shops","StSLib","¡¾¹¦ÄÜMod¡¿»ìãçÖ®»·ÐÞ¸´²¹¶¡","¡¾ÒÅÎï¿¨ÅÆ¡¿REMEMod"],"gold_per_floor":[111,25,200,219,254,254,279,279,306,306,326,326,326,357,357,454,454,464,5,5,17,37,66,66,94,117,182,182,245,294,432,432,556,556,586,586,615,652,162,227,227,284,284,284,318,348,386,446,446,478,478,478,40,93,129],"floor_reached":56,"playtime":2530,"items_purged":["Strike_G","Defend_G","Defend_G","Strike_G","Defend_G"],"score":2155,"play_id":"d550e6eb-4b57-4074-b2f1-d2bf208b2865","local_time":"20201231014939","is_ascension_mode":true,"campfire_choices":[{"floor":6,"key":"REST"},{"data":"AT_Dispersion","floor":8,"key":"SMITH"},{"data":"Dagger Spray","floor":10,"key":"SMITH"},{"data":"Beam Cell","floor":15,"key":"SMITH"},{"data":"Envenom","floor":24,"key":"SMITH"},{"data":"Cloak And Dagger","floor":28,"key":"SMITH"},{"floor":32,"key":"RECALL"},{"data":"Fluid Movement","floor":41,"key":"SMITH"},{"floor":49,"key":"DIG"},{"data":"Footwork","floor":52,"key":"SMITH"}],"circlet_count":0,"master_deck":["Strike_G","Strike_G","Strike_G+2","Defend_G+1","Defend_G+1","Fluid Movement+1","AT_DrawKnifeCut+1","AT_Dispersion+1","Cloak And Dagger+1","Doubt","Dagger Spray+1","Prepared+1","Leap","Beam Cell+1","Envenom+1","Cloak And Dagger+1","Cloak And Dagger+1","CommonCold","ReplayTheSpireMod:The Works+1","Footwork+1","Terror+1","Catalyst+1","AT_KneejerkReflex+1","REME_SpectralBlade+1","Fluid Movement+1","REME_Flogging+1","Panacea+1","Escape Plan+1","Cloak And Dagger+1","Infinite Blades"],"relics":["Ring of the Snake","REME_ComplimentaryCards","AT_ATBox","SSSystem","ReplayTheSpireMod:Ninjato","HandDrill","AT_RedTearstoneRing","Counterbalance","Ninja Scroll","Guide Book","Replay:Wax Seal","Membership Card","TwistedFunnel","AT_SunfireAegis","Oddly Smooth Stone","GodSword4","AT_BladeRuinedKing","Pondfish Scales","REME_DuelDisc","Snake Skull","DollysMirror","ReplayTheSpireMod:TigerMarble","Iron Hammer","ClockworkSouvenir","ReplayFunnel","Replay:Rubber Ducky","Replay:Bandana","Byrd Skull","Gremlin Horn","FossilizedHelix","AT_SilvercatRing","EasyGame_NEW","ZombieArmy","Replay:Baseball","Simple Rune","War Paint","Ccalipers","Sling","PrismaticShard","Sundial","AT_EbonyIvory"],"acts_visited":["Exordium","TheCity","TheBeyond","TheEnding"],"potions_floor_usage":[4,7,7,23,31,55,55],"damage_taken":[{"damage":0,"enemies":"Cultist","floor":1,"turns":3},{"damage":0,"enemies":"Jaw Worm","floor":4,"turns":1},{"damage":0,"enemies":"Replay:BlueRogue","floor":7,"turns":4},{"damage":0,"enemies":"2 Louse","floor":11,"turns":1},{"damage":5,"enemies":"3 Sentries","floor":14,"turns":3},{"damage":0,"enemies":"The Guardian","floor":16,"turns":5},{"damage":12,"enemies":"2 Thieves","floor":18,"turns":2},{"damage":3,"enemies":"Chosen","floor":21,"turns":2},{"damage":0,"enemies":"Snecko","floor":22,"turns":2},{"damage":0,"enemies":"Book of Stabbing","floor":23,"turns":3},{"damage":0,"enemies":"Gremlin Leader","floor":25,"turns":1},{"damage":0,"enemies":"Slavers","floor":27,"turns":3},{"damage":2,"enemies":"Gremlin Leader","floor":29,"turns":3},{"damage":0,"enemies":"Cultist and Chosen","floor":30,"turns":2},{"damage":0,"enemies":"Colosseum Slavers","floor":31,"turns":2},{"damage":0,"enemies":"Colosseum Nobs","floor":31,"turns":2},{"damage":0,"enemies":"Champ","floor":33,"turns":5},{"damage":0,"enemies":"Orb Walker","floor":35,"turns":1},{"damage":0,"enemies":"3 Shapes","floor":37,"turns":2},{"damage":0,"enemies":"Jaw Worm Horde","floor":38,"turns":3},{"damage":0,"enemies":"Reptomancer","floor":40,"turns":2},{"damage":0,"enemies":"R_Hoarder","floor":42,"turns":3},{"damage":0,"enemies":"3 Darklings","floor":45,"turns":1},{"damage":0,"enemies":"Writhing Mass","floor":46,"turns":2},{"damage":0,"enemies":"Spire Growth","floor":47,"turns":2},{"damage":0,"enemies":"Reptomancer","floor":48,"turns":2},{"damage":0,"enemies":"Donu and Deca","floor":50,"turns":3},{"damage":0,"enemies":"Shield and Spear","floor":54,"turns":3},{"damage":0,"enemies":"The Heart","floor":55,"turns":4}],"seed_played":"7059923626193162561","potions_obtained":[{"floor":1,"key":"Energy Potion"},{"floor":5,"key":"Poison Potion"},{"floor":5,"key":"Regen Potion"},{"floor":5,"key":"Doom Potion"},{"floor":11,"key":"Elixir"},{"floor":16,"key":"EssenceOfSteel"},{"floor":25,"key":"Swift Potion"},{"floor":27,"key":"SteroidPotion"},{"floor":37,"key":"Cursed Concoction"},{"floor":45,"key":"Adrenaline Potion"}],"is_trial":false,"path_per_floor":["M","$","?","M","?","R","E","R","T","R","M","?","?","E","R","B",null,"M","$","?","M","M","E","R","E","T","E","R","E","M","?","R","B",null,"M","?","M","M","$","E","R","E","T","?","M","M","M","E","R","B",null,"R","$","E","B",null],"character_chosen":"THE_SILENT","items_purchased":["SSSystem","ReplayTheSpireMod:Ninjato","HandDrill","AT_RedTearstoneRing","Fluid Movement","Counterbalance","Ninja Scroll","Guide Book","Replay:Wax Seal","Membership Card","TwistedFunnel","AT_SunfireAegis","Oddly Smooth Stone","Snake Skull","DollysMirror","ReplayTheSpireMod:TigerMarble","Iron Hammer","ClockworkSouvenir","ZombieArmy","REME_SpectralBlade","Fluid Movement","REME_Flogging","Panacea","Sling","PrismaticShard","Sundial","Infinite Blades"],"campfire_rested":1,"item_purchase_floors":[0,0,0,0,0,0,0,0,0,0,0,0,2,19,19,19,19,19,39,39,39,39,39,53,53,53,53],"current_hp_per_floor":[28,28,28,28,28,49,61,61,61,61,61,61,47,42,42,42,70,58,58,58,55,55,55,55,55,55,55,55,53,53,53,53,53,70,70,80,80,80,80,80,80,80,80,80,80,80,80,80,80,80,80,80,80,80,80],"gold":129,"neow_bonus":"","is_daily":false,"chose_seed":false,"campfire_upgraded":7,"win_rate":0.0,"timestamp":1609350579,"path_taken":["M","?","?","M","?","R","E","R","T","R","M","?","?","E","R","BOSS","M","$","?","M","M","E","R","E","T","E","R","E","M","?","R","BOSS","M","?","M","?","$","E","R","E","T","?","?","M","M","E","R","BOSS","R","$","E","BOSS"],"items_purchased_type":["Relic","Relic","Relic","Relic","Card","Relic","Relic","Relic","Relic","Relic","Relic","Relic","Relic","Relic","Relic","Relic","Relic","Relic","Relic","Card","Card","Card","Card","Relic","Relic","Relic","Card"],"build_version":"2020-12-22","purchased_purges":5,"victory":true,"max_hp_per_floor":[70,70,70,70,70,70,70,70,70,70,70,70,70,70,70,70,70,70,70,70,70,70,70,70,70,70,70,70,70,70,70,70,70,70,70,80,80,80,80,80,80,80,80,80,80,80,80,80,80,80,80,80,80,80,80],"card_choices":[{"not_picked":["Backflip","Dodge and Roll"],"picked":"Cloak And Dagger","floor":1},{"not_picked":["Flying Knee","Endless Agony"],"picked":"Dagger Spray","floor":4},{"not_picked":["Wraith Form v2","AT_ShadowStep","Heel Hook"],"picked":"SKIP","floor":7},{"not_picked":["Flying Knee","Quick Slash"],"picked":"Prepared","floor":11},{"not_picked":["AT_TwilightShroud","Outmaneuver","PiercingWail"],"picked":"SKIP","floor":14},{"not_picked":["REME_SpectralBlade","Unload"],"picked":"Envenom","floor":16},{"not_picked":["Backflip","Poisoned Stab"],"picked":"Cloak And Dagger+1","floor":18},{"not_picked":["Deflect","Backflip","Poisoned Stab"],"picked":"SKIP","floor":21},{"not_picked":["Reflex","Concentrate"],"picked":"ReplayTheSpireMod:The Works+1","floor":22},{"not_picked":["Poisoned Stab","Masterful Stab"],"picked":"Footwork","floor":23},{"not_picked":["Deflect+1","Prepared"],"picked":"Terror+1","floor":25},{"not_picked":["Deflect+1","Cloak And Dagger","All Out Attack+1"],"picked":"SKIP","floor":27},{"not_picked":["Deflect","Phantasmal Killer"],"picked":"Catalyst","floor":29},{"not_picked":["PiercingWail+1","Dagger Throw+1","Bouncing Flask"],"picked":"SKIP","floor":30},{"not_picked":["Tools of the Trade","Storm of Steel"],"picked":"Burst","floor":33},{"not_picked":["Dagger Spray","Deadly Poison"],"picked":"AT_KneejerkReflex","floor":35},{"not_picked":["Leg Sweep","REME_GreenPollution","PiercingWail"],"picked":"SKIP","floor":37},{"not_picked":["Deadly Poison+1","Dagger Throw+1","Riddle With Holes+1"],"picked":"SKIP","floor":38},{"not_picked":["Sucker Punch+1","Poisoned Stab+1","REME_ShadowStrike"],"picked":"SKIP","floor":40},{"not_picked":["Masterful Stab","Caltrops"],"picked":"Escape Plan+1","floor":42},{"not_picked":["Underhanded Strike","Distraction","Acrobatics"],"picked":"SKIP","floor":45},{"not_picked":["Hidden Blade+1","AT_WindFlip+1","Outmaneuver+1"],"picked":"SKIP","floor":46},{"not_picked":["AT_WindFlip+1","Outmaneuver+1"],"picked":"Cloak And Dagger+1","floor":47},{"not_picked":["Bane+1","Finisher+1","AT_WindFlip+1"],"picked":"SKIP","floor":48},{"not_picked":["EmptyBody","AT_GerminateFire","Darkness"],"picked":"SKIP","floor":54}],"player_experience":158235,"relics_obtained":[{"floor":7,"key":"GodSword4"},{"floor":9,"key":"AT_BladeRuinedKing"},{"floor":14,"key":"Pondfish Scales"},{"floor":23,"key":"ReplayFunnel"},{"floor":25,"key":"Replay:Rubber Ducky"},{"floor":26,"key":"Replay:Bandana"},{"floor":27,"key":"Byrd Skull"},{"floor":29,"key":"Gremlin Horn"},{"floor":31,"key":"FossilizedHelix"},{"floor":31,"key":"AT_SilvercatRing"},{"floor":40,"key":"Replay:Baseball"},{"floor":42,"key":"Simple Rune"},{"floor":48,"key":"War Paint"},{"floor":49,"key":"Ccalipers"},{"floor":54,"key":"AT_EbonyIvory"}],"event_choices":[{"damage_healed":0,"gold_gain":175,"player_choice":"AGREE","damage_taken":0,"max_hp_gain":0,"max_hp_loss":0,"event_name":"Liars Game","floor":3,"gold_loss":0,"cards_obtained":["Doubt"]},{"damage_healed":0,"gold_gain":0,"player_choice":"Entered Light","damage_taken":14,"max_hp_gain":0,"max_hp_loss":0,"event_name":"Shining Light","floor":13,"gold_loss":0,"cards_upgraded":["Strike_G","Defend_G"]},{"damage_healed":0,"gold_gain":0,"player_choice":"Fight","damage_taken":0,"max_hp_gain":0,"max_hp_loss":0,"event_name":"Colosseum","floor":31,"gold_loss":0},{"damage_healed":0,"gold_gain":0,"player_choice":"Fought Nobs","damage_taken":0,"max_hp_gain":0,"max_hp_loss":0,"event_name":"Colosseum","floor":31,"gold_loss":0},{"cards_removed":["Burst"],"damage_healed":0,"gold_gain":0,"player_choice":"Offered Rare","damage_taken":0,"max_hp_gain":10,"max_hp_loss":0,"event_name":"Bonfire Elementals","floor":36,"gold_loss":0},{"damage_healed":0,"gold_gain":0,"player_choice":"Forge","damage_taken":0,"max_hp_gain":0,"max_hp_loss":0,"event_name":"Accursed Blacksmith","floor":44,"gold_loss":0,"cards_upgraded":["REME_Flogging"]}],"is_beta":false,"boss_relics":[{"not_picked":["Snecko Eye","Replay:Wanted Poster"],"picked":"REME_DuelDisc"},{"not_picked":["Ring of Chaos","Cursed Key"],"picked":"EasyGame_NEW"}],"items_purged_floors":[0,2,19,39,53],"is_endless":false,"potions_floor_spawned":[1,11,16,25,27,29,30,37,45,47],"ascension_level":1}}