{"host":"7mrmd33mpx7q5wx9","time":1609321398,"event":{"mods":["AchievementEnabler","BaseMod","BetterRewards","Colored Map","Defuse TimeMaze Blight","Infinite Spire","Minty Spire (QoL Compilation)","Permanent Neow","Quick Restart","StSLib"],"gold_per_floor":[118,118,118,130,130,130,157,173,198,198,198,41,60,11,11,113,113,85,96,96,96,96],"floor_reached":21,"playtime":914,"items_purged":["Parasite"],"score":346,"play_id":"b32fca89-a070-4eba-a389-bfb073254a3d","local_time":"20201230034318","is_ascension_mode":true,"campfire_choices":[{"floor":6,"key":"REST"},{"data":"Poisoned Stab","floor":10,"key":"SMITH"},{"data":"Blade Dance","floor":15,"key":"SMITH"}],"circlet_count":0,"master_deck":["Strike_G","Strike_G","Strike_G","Strike_G+1","Strike_G","Defend_G","Defend_G","Defend_G","Defend_G+1","Survivor","Neutralize","Footwork+1","Blur","Well Laid Plans+1","Poisoned Stab+1","Accuracy+1","Blade Dance+1","PiercingWail","Corpse Explosion","Infinite Blades+1","Blade Dance"],"relics":["Ring of the Snake","Frozen Egg 2","Vajra","infinitespire:Lucky Rock","Strawberry","PreservedInsect","Snecko Eye"],"acts_visited":["Exordium","TheCity"],"potions_floor_usage":[7,21,21,21],"damage_taken":[{"damage":3,"enemies":"Small Slimes","floor":1,"turns":4},{"damage":0,"enemies":"2 Louse","floor":4,"turns":3},{"damage":3,"enemies":"3 Sentries","floor":7,"turns":12},{"damage":0,"enemies":"Jaw Worm","floor":8,"turns":5},{"damage":0,"enemies":"Looter","floor":13,"turns":2},{"damage":25,"enemies":"Hexaghost","floor":16,"turns":11},{"damage":34,"enemies":"2 Thieves","floor":18,"turns":5},{"damage":0,"enemies":"Spheric Guardian","floor":19,"turns":2},{"damage":38,"enemies":"Centurion and Healer","floor":21,"turns":3}],"seed_played":"4779659163152300898","potions_obtained":[{"floor":1,"key":"SteroidPotion"},{"floor":4,"key":"Fire Potion"},{"floor":16,"key":"FearPotion"}],"is_trial":false,"path_per_floor":["M","?","?","M","?","R","E","M","T","R","?","$","M","$","R","B",null,"M","M","?","M"],"character_chosen":"THE_SILENT","items_purchased":["Frozen Egg 2","Vajra","Accuracy+1","Blade Dance","Fire Potion"],"campfire_rested":1,"item_purchase_floors":[0,0,12,12,14],"current_hp_per_floor":[60,53,35,35,21,42,46,46,46,46,65,65,65,65,65,40,66,32,32,32,0,0],"gold":96,"neow_bonus":"","is_daily":false,"chose_seed":false,"campfire_upgraded":2,"win_rate":0.0,"timestamp":1609321398,"path_taken":["M","?","?","M","?","R","E","M","T","R","?","$","M","?","R","BOSS","M","M","?","M"],"items_purchased_type":["Relic","Relic","Card","Card","Potion"],"build_version":"2020-12-22","purchased_purges":1,"victory":false,"max_hp_per_floor":[70,70,70,70,70,70,77,77,77,77,77,74,74,74,74,74,74,74,74,74,74,74],"card_choices":[{"not_picked":["PiercingWail","Deadly Poison"],"picked":"Footwork+1","floor":1},{"not_picked":["Bane","Poisoned Stab"],"picked":"Blur","floor":4},{"not_picked":["Doppelganger","Acrobatics"],"picked":"Well Laid Plans+1","floor":7},{"not_picked":["Blade Dance","Prepared"],"picked":"Poisoned Stab","floor":8},{"not_picked":["Dagger Throw","Deadly Poison"],"picked":"PiercingWail","floor":13},{"not_picked":["Storm of Steel","Unload"],"picked":"Corpse Explosion","floor":16},{"not_picked":["Accuracy+1","Flying Knee"],"picked":"Infinite Blades+1","floor":18},{"not_picked":["Heel Hook+1","Reflex+1"],"picked":"Blade Dance","floor":19}],"player_experience":368465,"relics_obtained":[{"floor":7,"key":"Strawberry"},{"floor":9,"key":"PreservedInsect"}],"event_choices":[{"cards_removed":["Defend_G"],"damage_healed":0,"gold_gain":0,"player_choice":"Card Removal","damage_taken":7,"max_hp_gain":0,"max_hp_loss":0,"event_name":"Golden Wing","floor":2,"gold_loss":0},{"damage_healed":0,"gold_gain":0,"player_choice":"Success","damage_taken":18,"relics_obtained":["infinitespire:Lucky Rock"],"max_hp_gain":0,"max_hp_loss":0,"event_name":"Scrap Ooze","floor":3,"gold_loss":0},{"damage_healed":0,"gold_gain":0,"player_choice":"Entered Light","damage_taken":14,"max_hp_gain":0,"max_hp_loss":0,"event_name":"Shining Light","floor":5,"gold_loss":0,"cards_upgraded":["Strike_G","Defend_G"]},{"damage_healed":19,"gold_gain":0,"player_choice":"Healed and dodged fight","damage_taken":0,"max_hp_gain":0,"max_hp_loss":0,"event_name":"Mushrooms","floor":11,"gold_loss":0,"cards_obtained":["Parasite"]},{"damage_healed":0,"gold_gain":0,"player_choice":"Ignored","damage_taken":0,"max_hp_gain":0,"max_hp_loss":0,"event_name":"Vampires","floor":20,"gold_loss":0}],"is_beta":false,"boss_relics":[{"not_picked":["Busted Crown","Astrolabe"],"picked":"Snecko Eye"}],"items_purged_floors":[12],"is_endless":false,"potions_floor_spawned":[1,4,16,19],"killed_by":"Centurion and Healer","ascension_level":5}}