{"host":"sc0o2qwpf9j16a4i","time":1609329502,"event":{"mods":["AchievementEnabler","BaseMod","BetterRewards","Block Reminder","Colored Map","Colored Powertips","Custom Start","Highlight Path","Minty Spire (QoL Compilation)","Relic Stats"],"gold_per_floor":[114,39,39,39,58,90,90,125,206,233,253,272,298,348,348,423,423,435,450,231,248,266,291,291,318,318,347,347,17,117,134,134,213,213,229,229,245,245,20,20,48,48,74,107,107,142,157,24,24,24,24,24,24,24,49,49],"floor_reached":57,"playtime":1799,"items_purged":["Strike_R","Strike_R","Defend_R"],"score":3448,"play_id":"99b54bae-7868-489c-b450-8bc82cb2bb1d","local_time":"20201230135822","is_ascension_mode":true,"campfire_choices":[{"data":"Immolate","floor":7,"key":"SMITH"},{"data":"Flame Barrier","floor":15,"key":"SMITH"},{"floor":24,"key":"REST"},{"floor":32,"key":"REST"},{"data":"1","floor":40,"key":"LIFT"},{"floor":49,"key":"RECALL"},{"data":"2","floor":53,"key":"LIFT"}],"circlet_count":0,"master_deck":["AscendersBane","Strike_R","Defend_R+1","Defend_R","Defend_R","Flame Barrier+1","Immolate+1","Feel No Pain","Fire Breathing","Burning Pact+1","Corruption","Feel No Pain","Spot Weakness","Limit Break","Necronomicurse","Feel No Pain+1","Burning Pact","Panacea","Offering","Disarm","Evolve+1"],"relics":["Burning Blood","NeowsBlessing","Smiling Mask","Pen Nib","Singing Bowl","Letter Opener","Mummified Hand","Busted Crown","PreservedInsect","Girya","War Paint","Kunai","Bottled Lightning","Necronomicon","Dead Branch","Mango","Frozen Egg 2","Fusion Hammer","Ice Cream","MealTicket","Strawberry","Pantograph"],"acts_visited":["Exordium","TheCity","TheBeyond","TheEnding"],"potions_floor_usage":[16,19,23,23,31,56],"damage_taken":[{"damage":0,"enemies":"Cultist","floor":1,"turns":1},{"damage":0,"enemies":"Small Slimes","floor":5,"turns":1},{"damage":0,"enemies":"Lagavulin","floor":6,"turns":1},{"damage":17,"enemies":"3 Sentries","floor":8,"turns":7},{"damage":32,"enemies":"Gremlin Nob","floor":10,"turns":4},{"damage":0,"enemies":"Jaw Worm","floor":11,"turns":4},{"damage":0,"enemies":"Lots of Slimes","floor":12,"turns":1},{"damage":0,"enemies":"3 Sentries","floor":13,"turns":1},{"damage":38,"enemies":"Hexaghost","floor":16,"turns":9},{"damage":16,"enemies":"Shell Parasite","floor":18,"turns":4},{"damage":23,"enemies":"3 Byrds","floor":19,"turns":4},{"damage":5,"enemies":"Snecko","floor":21,"turns":5},{"damage":0,"enemies":"3 Cultists","floor":22,"turns":2},{"damage":25,"enemies":"Gremlin Leader","floor":23,"turns":5},{"damage":15,"enemies":"Book of Stabbing","floor":25,"turns":4},{"damage":21,"enemies":"Slavers","floor":27,"turns":4},{"damage":0,"enemies":"Colosseum Slavers","floor":30,"turns":1},{"damage":0,"enemies":"Colosseum Nobs","floor":30,"turns":1},{"damage":18,"enemies":"Centurion and Healer","floor":31,"turns":4},{"damage":0,"enemies":"Collector","floor":33,"turns":7},{"damage":2,"enemies":"3 Shapes","floor":35,"turns":4},{"damage":0,"enemies":"Orb Walker","floor":37,"turns":2},{"damage":0,"enemies":"Giant Head","floor":41,"turns":4},{"damage":0,"enemies":"Reptomancer","floor":44,"turns":2},{"damage":0,"enemies":"Giant Head","floor":46,"turns":2},{"damage":0,"enemies":"Jaw Worm Horde","floor":47,"turns":1},{"damage":6,"enemies":"Donu and Deca","floor":50,"turns":5},{"damage":11,"enemies":"Time Eater","floor":51,"turns":5},{"damage":9,"enemies":"Shield and Spear","floor":55,"turns":2},{"damage":18,"enemies":"The Heart","floor":56,"turns":8}],"seed_played":"2313248731901801663","potions_obtained":[{"floor":1,"key":"SmokeBomb"},{"floor":8,"key":"HeartOfIron"},{"floor":12,"key":"SkillPotion"},{"floor":18,"key":"ElixirPotion"},{"floor":19,"key":"Block Potion"},{"floor":30,"key":"HeartOfIron"},{"floor":41,"key":"Weak Potion"},{"floor":44,"key":"Energy Potion"}],"is_trial":false,"path_per_floor":["M","?","$","?","M","E","R","E","T","E","M","M","E","?","R","B",null,"M","M","$","M","M","E","R","E","T","E","?","$","?","M","R","B",null,"M","?","M","?","$","R","E","?","T","E","?","E","M","$","R","B","B",null,"R","$","E","B",null],"character_chosen":"IRONCLAD","items_purchased":["PreservedInsect","Dead Branch","Feel No Pain+1","Burning Pact","Evolve+1"],"campfire_rested":2,"item_purchase_floors":[20,29,39,39,48],"current_hp_per_floor":[74,74,74,74,75,75,75,64,64,38,46,54,60,60,60,28,66,58,41,41,44,50,33,58,49,49,36,15,15,43,33,64,72,98,104,104,111,111,111,111,113,107,107,115,115,128,128,128,128,128,123,127,127,128,127,118],"gold":49,"neow_bonus":"THREE_ENEMY_KILL","is_daily":false,"chose_seed":false,"campfire_upgraded":2,"win_rate":0.0,"timestamp":1609329502,"path_taken":["M","?","$","?","M","E","R","E","T","E","M","M","E","?","R","BOSS","M","M","$","M","?","E","R","E","T","E","?","$","?","M","R","BOSS","M","?","M","?","?","R","E","?","T","E","?","E","?","$","R","BOSS","BOSS","R","$","E","BOSS"],"items_purchased_type":["Relic","Relic","Card","Card","Card"],"build_version":"2020-12-22","purchased_purges":3,"victory":true,"max_hp_per_floor":[75,75,75,75,75,75,75,75,75,75,77,79,79,79,79,79,79,81,81,81,83,83,85,85,85,85,87,87,87,103,105,105,107,107,109,109,111,111,111,111,113,117,117,119,119,128,128,128,128,128,128,128,128,128,130,130],"relic_stats":{"Singing Bowl":34,"counters":[30,105],"Dead Branch":[191],"Pen Nib":[15],"PreservedInsect":565,"Letter Opener":[350],"War Paint":["Burning Pact","Defend_R"],"Smiling Mask":150,"Burning Blood":154,"Busted Crown":40,"Mummified Hand":[126],"Pantograph":3,"MealTicket":1,"Necronomicon":[23],"Kunai":[17],"obtain_stats":[{"Ice Cream":41,"Girya":23,"NeowsBlessing":0,"Singing Bowl":9,"Dead Branch":29,"Mango":30,"Pen Nib":8,"PreservedInsect":20,"Letter Opener":10,"War Paint":25,"Frozen Egg 2":30,"Smiling Mask":6,"Burning Blood":0,"Busted Crown":17,"Mummified Hand":13,"Strawberry":46,"Pantograph":55,"MealTicket":44,"Fusion Hammer":34,"Necronomicon":28,"Kunai":26,"Bottled Lightning":27},{"Ice Cream":23,"Girya":14,"NeowsBlessing":0,"Singing Bowl":4,"Dead Branch":16,"Mango":18,"Pen Nib":4,"PreservedInsect":11,"Letter Opener":5,"War Paint":15,"Frozen Egg 2":18,"Smiling Mask":3,"Burning Blood":0,"Busted Crown":9,"Mummified Hand":8,"Strawberry":25,"Pantograph":29,"MealTicket":24,"Fusion Hammer":20,"Necronomicon":16,"Kunai":15,"Bottled Lightning":16},{"Ice Cream":80,"Girya":49,"NeowsBlessing":0,"Singing Bowl":10,"Dead Branch":57,"Mango":59,"Pen Nib":10,"PreservedInsect":37,"Letter Opener":14,"War Paint":53,"Frozen Egg 2":59,"Smiling Mask":3,"Burning Blood":0,"Busted Crown":29,"Mummified Hand":20,"Strawberry":84,"Pantograph":97,"MealTicket":82,"Fusion Hammer":70,"Necronomicon":57,"Kunai":53,"Bottled Lightning":57}]},"card_choices":[{"not_picked":["Armaments","Shrug It Off"],"picked":"Flame Barrier","floor":1},{"not_picked":["Clash","Havoc"],"picked":"Immolate","floor":5},{"not_picked":["Pommel Strike","Immolate"],"picked":"Feel No Pain","floor":6},{"not_picked":["Sword Boomerang","Shrug It Off","Anger"],"picked":"SKIP","floor":8},{"not_picked":["Armaments","Flex"],"picked":"Fire Breathing","floor":10},{"not_picked":["Anger","Flex","Seeing Red"],"picked":"Singing Bowl","floor":11},{"not_picked":["Pummel","Rampage","Reckless Charge"],"picked":"Singing Bowl","floor":12},{"not_picked":["Sentinel","Combust"],"picked":"Burning Pact","floor":13},{"not_picked":["Berserk","Offering"],"picked":"Corruption","floor":16},{"not_picked":["Uppercut"],"picked":"Singing Bowl","floor":18},{"not_picked":[],"picked":"Feel No Pain","floor":19},{"not_picked":["Armaments"],"picked":"Singing Bowl","floor":21},{"not_picked":[],"picked":"Spot Weakness","floor":22},{"not_picked":["Reckless Charge"],"picked":"Singing Bowl","floor":23},{"not_picked":[],"picked":"Limit Break","floor":25},{"not_picked":["Berserk"],"picked":"Singing Bowl","floor":27},{"not_picked":["Intimidate"],"picked":"Singing Bowl","floor":30},{"not_picked":["Second Wind"],"picked":"Singing Bowl","floor":31},{"not_picked":["Offering"],"picked":"Singing Bowl","floor":33},{"not_picked":["Thunderclap"],"picked":"Singing Bowl","floor":35},{"not_picked":["Flex"],"picked":"Singing Bowl","floor":37},{"not_picked":["Heavy Blade"],"picked":"Singing Bowl","floor":41},{"not_picked":["Jack Of All Trades"],"picked":"Singing Bowl","floor":42},{"not_picked":[],"picked":"Panacea","floor":42},{"not_picked":["Good Instincts"],"picked":"Singing Bowl","floor":42},{"not_picked":["Hemokinesis"],"picked":"Singing Bowl","floor":44},{"not_picked":["Sever Soul"],"picked":"Singing Bowl","floor":46},{"not_picked":[],"picked":"Disarm","floor":47},{"not_picked":["Wild Strike"],"picked":"Singing Bowl","floor":55}],"player_experience":438162,"relics_obtained":[{"floor":6,"key":"Smiling Mask"},{"floor":8,"key":"Pen Nib"},{"floor":9,"key":"Singing Bowl"},{"floor":10,"key":"Letter Opener"},{"floor":13,"key":"Mummified Hand"},{"floor":23,"key":"Girya"},{"floor":25,"key":"War Paint"},{"floor":26,"key":"Kunai"},{"floor":27,"key":"Bottled Lightning"},{"floor":28,"key":"Necronomicon"},{"floor":30,"key":"Mango"},{"floor":30,"key":"Frozen Egg 2"},{"floor":41,"key":"Ice Cream"},{"floor":44,"key":"MealTicket"},{"floor":46,"key":"Strawberry"},{"floor":55,"key":"Pantograph"}],"event_choices":[{"cards_removed":["Strike_R"],"damage_healed":0,"gold_gain":0,"player_choice":"Card Removal","damage_taken":0,"max_hp_gain":0,"max_hp_loss":0,"event_name":"The Cleric","floor":2,"gold_loss":75},{"damage_healed":0,"gold_gain":0,"player_choice":"Grow","damage_taken":0,"max_hp_gain":0,"max_hp_loss":0,"event_name":"Living Wall","floor":4,"gold_loss":0,"cards_upgraded":["Bash"]},{"damage_healed":0,"gold_gain":50,"player_choice":"Pray","damage_taken":0,"max_hp_gain":0,"max_hp_loss":0,"event_name":"Golden Shrine","floor":14,"gold_loss":0},{"damage_healed":0,"gold_gain":0,"player_choice":"Obtained Book","damage_taken":21,"max_hp_gain":0,"max_hp_loss":0,"event_name":"Cursed Tome","floor":28,"gold_loss":0},{"damage_healed":0,"gold_gain":0,"player_choice":"Fight","damage_taken":0,"max_hp_gain":0,"max_hp_loss":0,"event_name":"Colosseum","floor":30,"gold_loss":0},{"damage_healed":0,"gold_gain":0,"player_choice":"Fought Nobs","damage_taken":0,"max_hp_gain":0,"max_hp_loss":0,"event_name":"Colosseum","floor":30,"gold_loss":0},{"damage_healed":0,"gold_gain":0,"player_choice":"Ignored","damage_taken":0,"max_hp_gain":0,"max_hp_loss":0,"event_name":"Tomb of Lord Red Mask","floor":36,"gold_loss":0},{"cards_removed":["Bash"],"damage_healed":0,"gold_gain":0,"player_choice":"Removed Attack","damage_taken":0,"max_hp_gain":0,"max_hp_loss":0,"event_name":"Falling","floor":38,"gold_loss":0},{"damage_healed":0,"gold_gain":0,"player_choice":"Memory 3","damage_taken":10,"max_hp_gain":0,"max_hp_loss":0,"event_name":"SensoryStone","floor":42,"gold_loss":0},{"damage_healed":0,"gold_gain":0,"cards_transformed":["Strike_R"],"player_choice":"Transformed","damage_taken":0,"max_hp_gain":0,"max_hp_loss":0,"event_name":"Transmorgrifier","floor":45,"gold_loss":0,"cards_obtained":["Offering"]}],"is_beta":false,"boss_relics":[{"not_picked":["Velvet Choker","Black Blood"],"picked":"Busted Crown"},{"not_picked":["Coffee Dripper","Tiny House"],"picked":"Fusion Hammer"}],"items_purged_floors":[20,39,48],"is_endless":false,"potions_floor_spawned":[1,8,11,12,13,18,19,21,30,30,41,44],"ascension_level":20}}