{"host":"q9szs7qndgdlcq24","time":1609288629,"event":{"mods":["AchievementEnabler","BaseMod","Bestiary","Colored Powertips","Minty Spire (QoL Compilation)","StSLib"],"gold_per_floor":[116,48,59,11,11,11,36,50,77,93,118,135,150,169,169,268,268,287,62,0,0],"floor_reached":20,"playtime":1164,"items_purged":["Strike_B"],"score":211,"play_id":"4e24d3fe-79a8-40d7-8a7f-d82e22179172","local_time":"20201230033709","is_ascension_mode":false,"campfire_choices":[{"data":"Streamline","floor":6,"key":"SMITH"},{"floor":15,"key":"REST"}],"circlet_count":0,"master_deck":["Strike_B+1","Strike_B","Strike_B","Defend_B","Defend_B","Defend_B","Defend_B","Zap","Dualcast","Redo","Capacitor","Barrage+1","Streamline+1","Zap","Thunder Strike","Self Repair","Tempest","Streamline","White Noise","Leap","Lockon","Creative AI","Hologram+1","Static Discharge","White Noise"],"relics":["Cracked Core","NeowsBlessing","Whetstone","Vajra","Centennial Puzzle","SlaversCollar"],"acts_visited":["Exordium","TheCity"],"potions_floor_usage":[11,12,16,18],"damage_taken":[{"damage":0,"enemies":"Cultist","floor":1,"turns":1},{"damage":0,"enemies":"Jaw Worm","floor":3,"turns":1},{"damage":0,"enemies":"Gremlin Nob","floor":7,"turns":1},{"damage":0,"enemies":"Small Slimes","floor":8,"turns":2},{"damage":6,"enemies":"2 Fungi Beasts","floor":10,"turns":3},{"damage":34,"enemies":"3 Sentries","floor":11,"turns":7},{"damage":20,"enemies":"Exordium Thugs","floor":12,"turns":3},{"damage":11,"enemies":"Large Slime","floor":13,"turns":3},{"damage":10,"enemies":"Looter","floor":14,"turns":2},{"damage":26,"enemies":"Slime Boss","floor":16,"turns":8},{"damage":58,"enemies":"3 Byrds","floor":18,"turns":6},{"damage":42,"enemies":"2 Thieves","floor":20,"turns":3}],"seed_played":"8744706794219951353","potions_obtained":[{"floor":3,"key":"Energy Potion"},{"floor":7,"key":"Weak Potion"},{"floor":10,"key":"Fruit Juice"},{"floor":14,"key":"AttackPotion"}],"is_trial":false,"path_per_floor":["M","$","M","$","?","R","E","M","T","M","E","M","M","M","R","B",null,"M","$","M"],"character_chosen":"DEFECT","items_purchased":["Capacitor","Streamline","Static Discharge","White Noise"],"campfire_rested":1,"item_purchase_floors":[2,4,19,19],"current_hp_per_floor":[75,75,75,75,75,75,75,75,75,75,53,40,36,33,57,38,80,29,29,0,0],"gold":0,"neow_bonus":"THREE_ENEMY_KILL","is_daily":false,"chose_seed":false,"campfire_upgraded":1,"win_rate":0.0,"timestamp":1609288629,"path_taken":["M","$","M","$","?","R","E","M","T","M","E","?","M","M","R","BOSS","M","$","M"],"items_purchased_type":["Card","Card","Card","Card"],"build_version":"2020-12-22","purchased_purges":1,"victory":false,"max_hp_per_floor":[75,75,75,75,75,75,75,75,75,75,80,80,80,80,80,80,80,80,80,80,80],"card_choices":[{"not_picked":["Glacier","Hologram"],"picked":"Redo","floor":1},{"not_picked":["Self Repair","Redo"],"picked":"Barrage","floor":3},{"not_picked":["Cold Snap","Gash","Aggregate"],"picked":"SKIP","floor":7},{"not_picked":["Gash","Go for the Eyes"],"picked":"Self Repair","floor":8},{"not_picked":["Reinforced Body","Force Field"],"picked":"Tempest","floor":10},{"not_picked":["Steam","Cold Snap"],"picked":"Streamline","floor":11},{"not_picked":["Thunder Strike","Coolheaded"],"picked":"White Noise","floor":12},{"not_picked":["Steam","Rip and Tear"],"picked":"Leap","floor":13},{"not_picked":["Hello World","Reinforced Body"],"picked":"Lockon","floor":14},{"not_picked":["Multi-Cast","All For One"],"picked":"Creative AI","floor":16},{"not_picked":["Cold Snap","Blizzard+1"],"picked":"Hologram+1","floor":18}],"player_experience":8999,"relics_obtained":[{"floor":7,"key":"Whetstone"},{"floor":9,"key":"Vajra"},{"floor":11,"key":"Centennial Puzzle"}],"event_choices":[{"damage_healed":0,"gold_gain":0,"player_choice":"2 cards matched","damage_taken":0,"max_hp_gain":0,"max_hp_loss":0,"event_name":"Match and Keep!","floor":5,"gold_loss":0,"cards_obtained":["Zap","Thunder Strike"]}],"is_beta":false,"boss_relics":[{"not_picked":["Astrolabe","Cursed Key"],"picked":"SlaversCollar"}],"items_purged_floors":[19],"is_endless":false,"potions_floor_spawned":[3,7,10,14],"killed_by":"2 Thieves","ascension_level":0}}