{"host":"qxeepl7ydvsgmfdb","time":1609331248,"event":{"mods":["AchievementEnabler","BaseMod","Colored Powertips","Minty Spire (QoL Compilation)","Quick Restart","slay the spire mod where everything is the same but ironclad has a cowboy hat"],"gold_per_floor":[109,35,47,222,297,326,356,317,317,317,337,355,382,432,444,560,572,598,610,610],"floor_reached":19,"playtime":2208,"items_purged":[],"score":200,"play_id":"6eb68838-6913-4838-bf6a-c1204415a706","local_time":"20201230072728","is_ascension_mode":false,"campfire_choices":[{"floor":10.0,"key":"REST"},{"floor":15.0,"key":"REST"}],"circlet_count":0,"master_deck":["Strike_B","Strike_B","Strike_B","Strike_B","Defend_B","Defend_B","Defend_B","Defend_B","Zap","Dualcast","Cold Snap","Defragment","Doubt","Defragment","Redo","Ball Lightning","Redo","Sweeping Beam"],"relics":["Cracked Core","NeowsBlessing","The Courier","Odd Mushroom","Blue Candle","Ice Cream","MawBank","SacredBark"],"acts_visited":["Exordium","TheCity"],"potions_floor_usage":[18],"damage_taken":[{"damage":0.0,"enemies":"Cultist","floor":1.0,"turns":1.0},{"damage":0.0,"enemies":"2 Louse","floor":3.0,"turns":1.0},{"damage":0.0,"enemies":"Lagavulin","floor":6.0,"turns":1.0},{"damage":26.0,"enemies":"The Mushroom Lair","floor":7.0,"turns":5.0},{"damage":0.0,"enemies":"Small Slimes","floor":11.0,"turns":3.0},{"damage":22.0,"enemies":"3 Louse","floor":12.0,"turns":4.0},{"damage":11.0,"enemies":"3 Sentries","floor":13.0,"turns":5.0},{"damage":31.0,"enemies":"Slime Boss","floor":16.0,"turns":7.0},{"damage":9,"enemies":"Chosen","floor":18,"turns":5},{"damage":20,"enemies":"Masked Bandits","floor":19,"turns":3}],"seed_played":"-6588875907263121697","potions_obtained":[{"floor":6.0,"key":"SpeedPotion"},{"floor":7.0,"key":"FearPotion"},{"floor":12.0,"key":"Fire Potion"},{"floor":16.0,"key":"Weak Potion"}],"is_trial":false,"path_per_floor":["M","$","M","?","?","E","?","$","T","R","M","M","E","T","R","B",null,"M","?"],"character_chosen":"DEFECT","items_purchased":["Defragment","Redo"],"campfire_rested":2,"item_purchase_floors":[2,8],"current_hp_per_floor":[75,75,75,75,64,64,38,38,38,60,60,38,27,27,49,18,75,66,46,46],"gold":610,"neow_bonus":"THREE_ENEMY_KILL","is_daily":false,"chose_seed":false,"campfire_upgraded":0,"win_rate":0.0,"timestamp":1609331248,"path_taken":["M","$","?","?","?","E","?","?","T","R","?","M","E","?","R","BOSS","M","?"],"items_purchased_type":["Card","Card"],"build_version":"2020-12-22","purchased_purges":0,"victory":false,"max_hp_per_floor":[75,75,75,75,75,75,75,75,75,75,75,75,75,75,75,75,75,75,75,75],"card_choices":[{"not_picked":["Beam Cell","Leap"],"picked":"Cold Snap","floor":1.0},{"not_picked":["Steam","Streamline","Heatsinks"],"picked":"SKIP","floor":3.0},{"not_picked":["Fission","Ball Lightning"],"picked":"Defragment","floor":6.0},{"not_picked":["Compile Driver","Coolheaded","Stack"],"picked":"SKIP","floor":11.0},{"not_picked":["Sweeping Beam","Blizzard"],"picked":"Ball Lightning","floor":12.0},{"not_picked":["Steam","Recycle"],"picked":"Redo","floor":13.0},{"not_picked":["Stack","Skim"],"picked":"Sweeping Beam","floor":18}],"player_experience":322491,"relics_obtained":[{"floor":6.0,"key":"The Courier"},{"floor":7.0,"key":"Odd Mushroom"},{"floor":9.0,"key":"Blue Candle"},{"floor":13.0,"key":"Ice Cream"},{"floor":14.0,"key":"MawBank"}],"event_choices":[{"damage_healed":0.0,"max_hp_gain":0.0,"max_hp_loss":0.0,"gold_gain":175.0,"event_name":"Liars Game","player_choice":"AGREE","floor":4.0,"gold_loss":0.0,"damage_taken":0.0,"cards_obtained":["Doubt"]},{"damage_healed":0.0,"max_hp_gain":0.0,"max_hp_loss":0.0,"gold_gain":75.0,"event_name":"World of Goop","player_choice":"Gather Gold","floor":5.0,"gold_loss":0.0,"damage_taken":11.0},{"damage_healed":0.0,"max_hp_gain":0.0,"max_hp_loss":0.0,"gold_gain":0.0,"event_name":"Mushrooms","player_choice":"Fought Mushrooms","floor":7.0,"gold_loss":0.0,"damage_taken":0.0},{"damage_healed":0,"gold_gain":0,"player_choice":"Fought Bandits","damage_taken":0,"max_hp_gain":0,"max_hp_loss":0,"event_name":"Masked Bandits","floor":19,"gold_loss":0}],"is_beta":false,"boss_relics":[{"not_picked":["Runic Dome","Runic Pyramid"],"picked":"SacredBark"}],"items_purged_floors":[],"is_endless":false,"potions_floor_spawned":[6,7,12,16],"killed_by":"Masked Bandits","ascension_level":0}}