{"host":"98zq812qbocdqs0d","time":1609360700,"event":{"mods":["BaseMod","GifTheSpireLib","Minty Spire (QoL Compilation)","Replay The Spire","StSLib","The Cursed","The Hierophant"],"gold_per_floor":[110,110,127,52,52,52,66,66,120,120,135,145,145,160,160,259,259,270,75,75,86,86,86,96,110,110,10,27,40,40,60,60,162,162,175,175,175,175],"floor_reached":37,"playtime":2827,"items_purged":["Pain","Havoc+1"],"score":807,"play_id":"57d06dda-0201-4ee2-8eb0-54c4b9cd9a70","local_time":"20201230213820","is_ascension_mode":true,"campfire_choices":[{"floor":6,"key":"REST"},{"data":"Flex","floor":8,"key":"SMITH"},{"data":"Limit Break","floor":10,"key":"SMITH"},{"floor":15,"key":"REST"},{"floor":23,"key":"REST"},{"floor":30,"key":"REST"},{"floor":32,"key":"REST"}],"circlet_count":0,"master_deck":["AscendersBane","Strike_R","Strike_R","Strike_R","Strike_R","Strike_R","Defend_R","Defend_R","Defend_R","Defend_R","Bash","ReplayTheSpireMod:Faulty Equipment","Limit Break+1","Heavy Blade+1","Flex+1","Anger","Headbutt","Demon Form","Heavy Blade+1","Flex","Ghostly Armor+1","Headbutt","Replay:Undeath\u0027s Touch+1"],"relics":["Burning Blood","WarpedTongs","Pet Ghost","Mark of Pain","DollysMirror","Bottled Flame","Philosopher\u0027s Stone"],"acts_visited":["Exordium","TheCity","TheBeyond"],"potions_floor_usage":[11,28,31,33],"damage_taken":[{"damage":15,"enemies":"Cultist","floor":1,"turns":5},{"damage":11,"enemies":"2 Louse","floor":3,"turns":4},{"damage":7,"enemies":"Jaw Worm","floor":7,"turns":3},{"damage":29,"enemies":"3 Louse","floor":11,"turns":3},{"damage":15,"enemies":"Red Slaver","floor":12,"turns":3},{"damage":10,"enemies":"2 Fungi Beasts","floor":14,"turns":3},{"damage":20,"enemies":"Slime Boss","floor":16,"turns":10},{"damage":22,"enemies":"Spheric Guardian","floor":18,"turns":4},{"damage":12,"enemies":"Chosen","floor":21,"turns":3},{"damage":25,"enemies":"Snake Plant","floor":24,"turns":3},{"damage":25,"enemies":"Centurion and Healer","floor":25,"turns":5},{"damage":10,"enemies":"Snecko","floor":28,"turns":4},{"damage":16,"enemies":"Snake Plant","floor":29,"turns":2},{"damage":3,"enemies":"Shelled Parasite and Fungi","floor":31,"turns":3},{"damage":61,"enemies":"Pondfish","floor":33,"turns":6},{"damage":43,"enemies":"Orb Walker","floor":35,"turns":5},{"damage":34,"enemies":"3 Darklings","floor":37,"turns":2}],"seed_played":"-1117184483135913531","potions_obtained":[{"floor":3,"key":"PowerPotion"},{"floor":12,"key":"Ancient Potion"},{"floor":25,"key":"Flashbang"},{"floor":28,"key":"LiquidMemories"},{"floor":29,"key":"SpeedPotion"}],"is_trial":false,"path_per_floor":["M","?","M","$","?","R","M","R","T","R","M","M","?","M","R","B",null,"M","$","?","M","?","R","M","M","T","$","M","M","R","M","R","B",null,"M","?","M"],"character_chosen":"IRONCLAD","items_purchased":["DollysMirror","Flex"],"campfire_rested":5,"item_purchase_floors":[19,19],"current_hp_per_floor":[63,63,58,58,58,80,79,79,79,79,56,47,47,43,67,53,73,57,57,57,51,56,80,61,42,42,42,38,28,52,55,79,24,66,29,29,0,0],"gold":175,"neow_bonus":"THREE_RARE_CARDS","is_daily":false,"chose_seed":false,"campfire_upgraded":2,"win_rate":0.0,"timestamp":1609360700,"path_taken":["M","?","M","?","?","R","?","R","T","R","M","M","?","M","R","BOSS","M","$","?","?","?","R","?","M","T","$","M","M","R","M","R","BOSS","M","?","M"],"items_purchased_type":["Relic","Card"],"build_version":"2020-12-22","purchased_purges":2,"victory":false,"max_hp_per_floor":[80,80,80,80,80,80,80,80,80,80,80,80,80,80,80,80,80,80,80,80,80,80,80,80,80,80,80,80,80,80,80,80,80,80,80,80,80,80],"card_choices":[{"not_picked":["Exhume","Berserk"],"picked":"Limit Break","floor":0},{"not_picked":["Headbutt","Flex"],"picked":"Heavy Blade","floor":1},{"not_picked":["Feel No Pain","Clothesline","Perfected Strike"],"picked":"SKIP","floor":3},{"not_picked":["Sword Boomerang","Feel No Pain"],"picked":"Flex","floor":7},{"not_picked":["Life Link","Shrug It Off"],"picked":"Anger","floor":11},{"not_picked":["Burning Pact","Perfected Strike"],"picked":"Headbutt","floor":12},{"not_picked":["Twin Strike","Rage","Clash"],"picked":"SKIP","floor":14},{"not_picked":["Hemogenesis","Impervious"],"picked":"Demon Form","floor":16},{"not_picked":["Dark Embrace","Wild Strike"],"picked":"Havoc+1","floor":18},{"not_picked":["Shockwave","Feel No Pain"],"picked":"Ghostly Armor+1","floor":21},{"not_picked":["Rupture","ReplayTheSpireMod:Strike From Hell+1"],"picked":"Headbutt","floor":24},{"not_picked":["Twin Strike","Reckless Charge","Second Wind"],"picked":"SKIP","floor":25},{"not_picked":["Twin Strike","Clash","Clothesline"],"picked":"SKIP","floor":28},{"not_picked":["Dual Wield","Clash","Armaments+1"],"picked":"SKIP","floor":29},{"not_picked":["Armaments","Rupture","Bloodletting"],"picked":"SKIP","floor":31},{"not_picked":["ReplayTheSpireMod:Limb From Limb+1","Iron Wave+1"],"picked":"Replay:Undeath\u0027s Touch+1","floor":35}],"player_experience":880902,"relics_obtained":[{"floor":9,"key":"Pet Ghost"},{"floor":26,"key":"Bottled Flame"}],"event_choices":[{"damage_healed":0,"gold_gain":0,"player_choice":"Rummage","damage_taken":0,"relics_obtained":["WarpedTongs"],"max_hp_gain":0,"max_hp_loss":0,"event_name":"Accursed Blacksmith","floor":2,"gold_loss":0,"cards_obtained":["Pain"]},{"damage_healed":0,"gold_gain":0,"player_choice":"Searched \u00270\u0027 times","damage_taken":0,"max_hp_gain":0,"max_hp_loss":0,"event_name":"Dead Adventurer","floor":13,"gold_loss":0},{"damage_healed":0,"gold_gain":0,"player_choice":"1 cards matched","damage_taken":0,"max_hp_gain":0,"max_hp_loss":0,"event_name":"Match and Keep!","floor":20,"gold_loss":0,"cards_obtained":["Havoc"]},{"cards_removed":["Havoc"],"damage_healed":5,"gold_gain":0,"player_choice":"Offered Common","damage_taken":0,"max_hp_gain":0,"max_hp_loss":0,"event_name":"Bonfire Elementals","floor":22,"gold_loss":0},{"cards_removed":["Havoc"],"damage_healed":5,"gold_gain":0,"player_choice":"Offered Special","damage_taken":0,"max_hp_gain":0,"max_hp_loss":0,"event_name":"Bonfire Elementals","floor":22,"gold_loss":0}],"is_beta":false,"boss_relics":[{"not_picked":["Electric Blood","Black Star"],"picked":"Mark of Pain"},{"not_picked":["Pandora\u0027s Box","ReplayTheSpireMod:DimensionalGlitch"],"picked":"Philosopher\u0027s Stone"}],"items_purged_floors":[4,27],"is_endless":false,"potions_floor_spawned":[3,12,25,28,29],"killed_by":"3 Darklings","ascension_level":10}}