{"host":"pfy6u49v5s5r680p","time":1609368223,"event":{"mods":["BaseMod","Colored Map","DeckTracker","Highlight Path","Keyboard Shortcuts","Minty Spire (QoL Compilation)","Permanent Neow","Quick Restart","StSLib","SuperFastMode","everything is the same but u backflip on backflip"],"gold_per_floor":[119,129,142,152,78,78,112,112,112,142,142,67,67,105,105,224,224,247,17,40,40,65,164,195,218,243,263,296,296,330,330,330],"floor_reached":31,"playtime":2236,"items_purged":["Strike_R"],"score":382,"play_id":"fa9bd4e8-dddf-4c7e-acdb-148f7a09e58b","local_time":"20201231074343","is_ascension_mode":true,"campfire_choices":[{"data":"Infernal Blade","floor":6.0,"key":"SMITH"},{"data":"Sever Soul","floor":8.0,"key":"SMITH"},{"floor":13.0,"key":"REST"},{"data":"Bash","floor":15.0,"key":"SMITH"},{"data":"Immolate","floor":29.0,"key":"SMITH"}],"circlet_count":0,"master_deck":["Strike_R","Strike_R","Strike_R","Strike_R","Defend_R+1","Defend_R","Defend_R","Defend_R","Bash+1","Immolate+1","Infernal Blade+1","Wild Strike","Sever Soul+1","Ghostly Armor+1","Reaper","Dropkick","Shockwave","Cleave","Heavy Blade","Fire Breathing","Second Wind","Feel No Pain"],"relics":["Burning Blood","Vajra","Dream Catcher","Paper Frog","Golden Idol","War Paint","SlaversCollar","HandDrill","Red Mask","Centennial Puzzle","Pen Nib","Toy Ornithopter"],"acts_visited":["Exordium","TheCity"],"potions_floor_usage":[],"damage_taken":[{"damage":2.0,"enemies":"Jaw Worm","floor":1.0,"turns":3.0},{"damage":11.0,"enemies":"Small Slimes","floor":2.0,"turns":3.0},{"damage":0.0,"enemies":"2 Louse","floor":3.0,"turns":1.0},{"damage":16.0,"enemies":"Blue Slaver","floor":4.0,"turns":3.0},{"damage":10.0,"enemies":"3 Sentries","floor":7.0,"turns":2.0},{"damage":30.0,"enemies":"Lagavulin","floor":10.0,"turns":4.0},{"damage":0.0,"enemies":"3 Sentries","floor":14.0,"turns":3.0},{"damage":33.0,"enemies":"The Guardian","floor":16.0,"turns":7.0},{"damage":28.0,"enemies":"2 Thieves","floor":18.0,"turns":3.0},{"damage":53.0,"enemies":"3 Byrds","floor":20.0,"turns":7.0},{"damage":31.0,"enemies":"Shelled Parasite and Fungi","floor":22.0,"turns":4.0},{"damage":12.0,"enemies":"Masked Bandits","floor":24.0,"turns":2.0},{"damage":8.0,"enemies":"Snecko","floor":25.0,"turns":3.0},{"damage":24.0,"enemies":"Cultist and Chosen","floor":27.0,"turns":5.0},{"damage":29.0,"enemies":"Slavers","floor":28.0,"turns":4.0},{"damage":20.0,"enemies":"Book of Stabbing","floor":30.0,"turns":4.0},{"damage":27,"enemies":"Chosen and Byrds","floor":31,"turns":4}],"seed_played":"-4509050352505827247","potions_obtained":[{"floor":3.0,"key":"CultistPotion"},{"floor":4.0,"key":"FairyPotion"},{"floor":10.0,"key":"Explosive Potion"},{"floor":22.0,"key":"SkillPotion"},{"floor":24.0,"key":"Energy Potion"},{"floor":27.0,"key":"Swift Potion"},{"floor":28.0,"key":"Swift Potion"}],"is_trial":false,"path_per_floor":["M","M","M","M","$","R","E","R","T","E","?","$","R","E","R","B",null,"M","$","M","?","M","?","?","M","T","M","E","R","E","M"],"character_chosen":"IRONCLAD","items_purchased":["Sever Soul","HandDrill","Dropkick"],"campfire_rested":1,"item_purchase_floors":[5,19,19],"current_hp_per_floor":[80,75,80,70,70,70,66,66,66,42,42,42,64,70,70,43,74,57,57,10,10,28,28,40,46,46,38,30,30,16,0,0],"gold":330,"neow_bonus":"ONE_RANDOM_RARE_CARD","is_daily":false,"chose_seed":false,"campfire_upgraded":4,"win_rate":0.0,"timestamp":1609368223,"path_taken":["M","M","M","M","$","R","E","R","T","E","?","$","R","E","R","BOSS","M","$","M","?","M","?","?","?","T","M","E","R","E","M"],"items_purchased_type":["Card","Relic","Card"],"build_version":"2020-12-22","purchased_purges":1,"victory":false,"max_hp_per_floor":[80,80,80,80,80,80,80,80,80,80,74,74,74,74,74,74,74,74,74,74,74,74,74,74,74,74,74,74,74,74,74,74],"card_choices":[{"not_picked":["Twin Strike","Pommel Strike"],"picked":"Infernal Blade","floor":1.0},{"not_picked":["Hemokinesis","Disarm"],"picked":"Wild Strike","floor":2.0},{"not_picked":["Juggernaut","Perfected Strike","Clothesline"],"picked":"SKIP","floor":3.0},{"not_picked":["Body Slam","Shrug It Off","Headbutt"],"picked":"SKIP","floor":4.0},{"not_picked":["Reckless Charge","Shrug It Off"],"picked":"Ghostly Armor","floor":7.0},{"not_picked":["Rage","Burning Pact","Bloodletting"],"picked":"SKIP","floor":10.0},{"not_picked":["Rampage","Shrug It Off","Clothesline"],"picked":"SKIP","floor":14.0},{"not_picked":["Fiend Fire","Brutality"],"picked":"Reaper","floor":16.0},{"not_picked":["Warcry","Body Slam","Disarm"],"picked":"SKIP","floor":18.0},{"not_picked":["Clothesline","Uppercut+1"],"picked":"Shockwave","floor":20.0},{"not_picked":["Clash","Perfected Strike"],"picked":"Cleave","floor":22.0},{"not_picked":["True Grit+1","Sentinel"],"picked":"Heavy Blade","floor":25.0},{"not_picked":["Intimidate","Spot Weakness"],"picked":"Fire Breathing","floor":27.0},{"not_picked":["Bloodletting","Rage"],"picked":"Second Wind","floor":28.0},{"not_picked":["True Grit","Corruption"],"picked":"Feel No Pain","floor":30.0}],"player_experience":51745,"relics_obtained":[{"floor":7.0,"key":"Vajra"},{"floor":9.0,"key":"Dream Catcher"},{"floor":10.0,"key":"Paper Frog"},{"floor":14.0,"key":"War Paint"},{"floor":24.0,"key":"Red Mask"},{"floor":26.0,"key":"Centennial Puzzle"},{"floor":28.0,"key":"Pen Nib"},{"floor":30.0,"key":"Toy Ornithopter"}],"event_choices":[{"damage_healed":0.0,"max_hp_gain":0.0,"max_hp_loss":6.0,"gold_gain":0.0,"event_name":"Golden Idol","player_choice":"Lose Max HP","floor":11.0,"gold_loss":0.0,"damage_taken":0.0,"relics_obtained":["Golden Idol"]},{"damage_healed":0.0,"max_hp_gain":0.0,"max_hp_loss":0.0,"gold_gain":99.0,"event_name":"Nest","player_choice":"Stole From Cult","floor":23.0,"gold_loss":0.0,"damage_taken":0.0},{"damage_healed":0.0,"max_hp_gain":0.0,"max_hp_loss":0.0,"gold_gain":0.0,"event_name":"Masked Bandits","player_choice":"Fought Bandits","floor":24.0,"gold_loss":0.0,"damage_taken":0.0}],"is_beta":false,"boss_relics":[{"not_picked":["Philosopher\u0027s Stone","Runic Cube"],"picked":"SlaversCollar"}],"items_purged_floors":[12],"is_endless":false,"potions_floor_spawned":[3,4,10,22,24,27,28],"killed_by":"Chosen and Byrds","ascension_level":4}}