{"host":"szp1d6dso4pv7ddl","time":1609305086,"event":{"mods":["AchievementEnabler","Alarm Clock","BaseMod","Bestiary","Block Reminder","Colored Map","Colored Powertips","Curses Come First","Displayed Cursed Tome","Highlight Path","Minty Spire (QoL Compilation)","Permanent Neow","Quick Restart","Relic Sorter","Relic Stats","StSLib","Synergy Search"],"gold_per_floor":[113,131,281,70,70,70,96,112,112,112,125,125,141,151,151,228,228,245,57,0,0,20,20,51,51,77,91,91,10,29,29,29],"floor_reached":31,"playtime":1330,"items_purged":["Doubt"],"score":446,"play_id":"0e660407-0aa0-420d-bdd3-907aef66a2e0","local_time":"20201229211126","is_ascension_mode":true,"campfire_choices":[{"data":"Blade Dance","floor":6.0,"key":"SMITH"},{"floor":12.0,"key":"REST"},{"floor":15.0,"key":"REST"},{"floor":23,"key":"REST"},{"floor":25,"key":"REST"},{"floor":28,"key":"REST"}],"circlet_count":0,"master_deck":["AscendersBane","Strike_G","Strike_G","Strike_G","Defend_G","Defend_G+1","Defend_G+1","Survivor","Neutralize","Dagger Throw","Footwork","Blade Dance+1","Flash of Steel","Choke","Cloak And Dagger","Prepared","Slice","Panache","Footwork","Trip","Finisher"],"relics":["Ring of the Snake","Bottled Lightning","War Paint","Black Star","Snake Skull","Bag of Preparation","Bag of Marbles"],"acts_visited":["Exordium","TheCity"],"potions_floor_usage":[22],"damage_taken":[{"damage":1.0,"enemies":"Small Slimes","floor":1.0,"turns":4.0},{"damage":7.0,"enemies":"2 Louse","floor":2.0,"turns":3.0},{"damage":36.0,"enemies":"Gremlin Nob","floor":7.0,"turns":4.0},{"damage":0.0,"enemies":"Cultist","floor":8.0,"turns":2.0},{"damage":1.0,"enemies":"Looter","floor":11.0,"turns":3.0},{"damage":10.0,"enemies":"Lots of Slimes","floor":13.0,"turns":3.0},{"damage":0.0,"enemies":"Large Slime","floor":14.0,"turns":4.0},{"damage":24.0,"enemies":"The Guardian","floor":16.0,"turns":12.0},{"damage":20.0,"enemies":"Spheric Guardian","floor":18.0,"turns":4.0},{"damage":6,"enemies":"3 Byrds","floor":22,"turns":4},{"damage":26,"enemies":"Slavers","floor":24,"turns":6},{"damage":33,"enemies":"Snecko","floor":27,"turns":5},{"damage":12,"enemies":"Chosen and Byrds","floor":30,"turns":5},{"damage":18,"enemies":"Snake Plant","floor":31,"turns":1}],"seed_played":"7743796093141288791","potions_obtained":[{"floor":2.0,"key":"PowerPotion"},{"floor":8.0,"key":"SkillPotion"},{"floor":11.0,"key":"Ancient Potion"},{"floor":22,"key":"Fruit Juice"},{"floor":27,"key":"LiquidMemories"}],"is_trial":false,"path_per_floor":["M","M","?","$","?","R","E","M","T","?","M","R","M","M","R","B",null,"M","$","?","?","M","R","E","R","T","M","R","$","M","M"],"character_chosen":"THE_SILENT","items_purchased":["Blade Dance","Flash of Steel","Panache","Trip"],"campfire_rested":5,"item_purchase_floors":[4,4,19,29],"current_hp_per_floor":[58,51,51,51,51,51,15,15,15,15,14,32,22,22,40,16,49,29,29,29,29,28,47,21,40,40,7,26,26,14,0,0],"gold":29,"neow_bonus":"REMOVE_TWO","is_daily":false,"chose_seed":false,"campfire_upgraded":1,"win_rate":0.0,"timestamp":1609305086,"path_taken":["M","M","?","$","?","R","E","?","T","?","?","R","M","M","R","BOSS","M","$","?","?","M","R","E","R","T","M","R","?","M","M"],"items_purchased_type":["Card","Card","Card","Card"],"build_version":"2020-12-22","purchased_purges":1,"victory":false,"max_hp_per_floor":[60,60,60,60,60,60,60,60,60,60,60,60,60,60,60,60,60,60,60,60,60,65,65,65,65,65,65,65,65,65,65,65],"relic_stats":{"counters":[14,60],"Snake Skull":[0],"Black Star":1,"Bag of Preparation":[6],"War Paint":["Defend_G","Defend_G"],"obtain_stats":[{"Snake Skull":24,"Black Star":17,"Bag of Preparation":24,"Bag of Marbles":26,"Bottled Lightning":7,"War Paint":9,"Ring of the Snake":0},{"Snake Skull":11,"Black Star":8,"Bag of Preparation":11,"Bag of Marbles":11,"Bottled Lightning":3,"War Paint":4,"Ring of the Snake":0},{"Snake Skull":49,"Black Star":35,"Bag of Preparation":49,"Bag of Marbles":49,"Bottled Lightning":11,"War Paint":13,"Ring of the Snake":0}],"Ring of the Snake":[28]},"card_choices":[{"not_picked":["Prepared","Finisher"],"picked":"Dagger Throw","floor":1.0},{"not_picked":["Riddle With Holes","Masterful Stab"],"picked":"Footwork","floor":2.0},{"not_picked":["Calculated Gamble","Flying Knee"],"picked":"Choke","floor":7.0},{"not_picked":["Skewer","Deadly Poison"],"picked":"Cloak And Dagger","floor":8.0},{"not_picked":["Catalyst","Acrobatics","Bane"],"picked":"SKIP","floor":11.0},{"not_picked":["Choke","Reflex"],"picked":"Prepared","floor":13.0},{"not_picked":["Underhanded Strike","Grand Finale"],"picked":"Slice","floor":14.0},{"not_picked":["Bane","Dagger Spray","Quick Slash"],"picked":"SKIP","floor":18.0},{"not_picked":["Endless Agony","Poisoned Stab"],"picked":"Footwork","floor":22},{"not_picked":["Dodge and Roll","Concentrate","Outmaneuver"],"picked":"SKIP","floor":24},{"not_picked":["Infinite Blades","Deadly Poison","Caltrops+1"],"picked":"SKIP","floor":27},{"not_picked":["Leg Sweep","Choke"],"picked":"Finisher","floor":30}],"player_experience":1073115,"relics_obtained":[{"floor":7.0,"key":"Bottled Lightning"},{"floor":9.0,"key":"War Paint"},{"floor":24,"key":"Snake Skull"},{"floor":24,"key":"Bag of Preparation"},{"floor":26,"key":"Bag of Marbles"}],"event_choices":[{"damage_healed":0.0,"max_hp_gain":0.0,"max_hp_loss":0.0,"gold_gain":150.0,"event_name":"Liars Game","player_choice":"AGREE","floor":3.0,"gold_loss":0.0,"damage_taken":0.0,"cards_obtained":["Doubt"]},{"cards_removed":["Defend_G"],"damage_healed":0.0,"max_hp_gain":0.0,"max_hp_loss":0.0,"gold_gain":0.0,"event_name":"Bonfire Elementals","player_choice":"Offered Basic","floor":5.0,"gold_loss":0.0,"damage_taken":0.0},{"cards_removed":["Strike_G"],"damage_healed":0.0,"max_hp_gain":0.0,"max_hp_loss":0.0,"gold_gain":0.0,"event_name":"Purifier","player_choice":"Purged","floor":10.0,"gold_loss":0.0,"damage_taken":0.0},{"damage_healed":0.0,"max_hp_gain":0.0,"max_hp_loss":0.0,"gold_gain":0.0,"event_name":"Masked Bandits","player_choice":"Paid Fearfully","floor":20.0,"gold_loss":57.0,"damage_taken":0.0},{"damage_healed":0.0,"max_hp_gain":0.0,"max_hp_loss":0.0,"gold_gain":0.0,"event_name":"Ghosts","player_choice":"Ignored","floor":21.0,"gold_loss":0.0,"damage_taken":0.0}],"is_beta":false,"boss_relics":[{"not_picked":["Fusion Hammer","Snecko Eye"],"picked":"Black Star"}],"items_purged_floors":[4],"is_endless":false,"potions_floor_spawned":[2,8,11,22,27],"killed_by":"Snake Plant","ascension_level":15}}