{"host":"6z6y4ky8uzsz1dpj","time":1609333271,"event":{"mods":["AchievementEnabler","BaseMod","BetterRewards","Challenge The Spire","Colored Map","Custom Start","Hubris","Minty Spire (QoL Compilation)","Quick Restart","Replay The Spire","StSLib"],"gold_per_floor":[114,323,340,351,370,401,418,431,457,477,477,477,511,529,529,634,634,651,261,261,279,279,304,315,134,181,181,181],"floor_reached":27,"playtime":1576,"items_purged":["Strike_P","Strike_P"],"score":247,"play_id":"839fd1f4-543b-4116-a01f-3f3c763b013a","local_time":"20201230080111","is_ascension_mode":false,"campfire_choices":[{"data":"BattleHymn","floor":11,"key":"SMITH"},{"floor":15,"key":"REST"}],"circlet_count":0,"master_deck":["Strike_P","Strike_P","Defend_P","Defend_P","Defend_P","Defend_P","Eruption","Vigilance","BattleHymn+1","FollowUp","Vengeance","WindmillStrike","Study","JustLucky","Replay:BluntJabs","Protect","FlurryOfBlows","FlurryOfBlows","EmptyBody","Replay:LoomingThreat","FollowUp","Replay:Hum","Crescendo","TalkToTheHand","LikeWater","FlyingSleeves","MentalFortress"],"relics":["PureWater","CaptainsWheel","hubris:Teleporter","Lantern","hubris:Towel","Girya","hubris:Backtick","Replay:Towering Pillar of Hats","Iron Hammer","Oddly Smooth Stone","hubris:SlimyHat"],"acts_visited":["Exordium","TheCity"],"potions_floor_usage":[5,6,13,13,23,24,24],"damage_taken":[{"damage":3,"enemies":"Jaw Worm","floor":1,"turns":4},{"damage":0,"enemies":"2 Louse","floor":3,"turns":3},{"damage":1,"enemies":"Cultist","floor":4,"turns":3},{"damage":19,"enemies":"3 Louse","floor":5,"turns":4},{"damage":14,"enemies":"Lagavulin","floor":6,"turns":8},{"damage":0,"enemies":"Large Slime","floor":7,"turns":2},{"damage":7,"enemies":"Blue Slaver","floor":8,"turns":3},{"damage":0,"enemies":"3 Louse","floor":10,"turns":3},{"damage":13,"enemies":"3 Sentries","floor":13,"turns":6},{"damage":0,"enemies":"Exordium Wildlife","floor":14,"turns":2},{"damage":23,"enemies":"Fading Forest","floor":16,"turns":11},{"damage":0,"enemies":"Spheric Guardian","floor":18,"turns":4},{"damage":11,"enemies":"Shell Parasite","floor":21,"turns":4},{"damage":7,"enemies":"Book of Stabbing","floor":23,"turns":4},{"damage":33,"enemies":"3 Cultists","floor":24,"turns":6},{"damage":12,"enemies":"Centurion and Healer","floor":27,"turns":1}],"seed_played":"1659864171670493014","potions_obtained":[{"floor":1,"key":"PowerPotion"},{"floor":3,"key":"StancePotion"},{"floor":6,"key":"BlessingOfTheForge"},{"floor":7,"key":"SkillPotion"},{"floor":14,"key":"Swift Potion"},{"floor":16,"key":"SkillPotion"},{"floor":21,"key":"Dexterity Potion"},{"floor":24,"key":"AttackPotion"}],"is_trial":false,"path_per_floor":["M","?","M","M","M","E","M","M","T","M","R","?","E","M","R","B",null,"M","$","?","M","?","E","M","$","T","M"],"character_chosen":"WATCHER","items_purchased":["BattleHymn","FollowUp","Vengeance","Replay:Hum","Iron Hammer","MentalFortress"],"campfire_rested":1,"item_purchase_floors":[0,0,0,19,19,25],"current_hp_per_floor":[69,69,69,68,49,35,35,28,28,28,28,28,15,15,36,23,72,72,72,72,61,52,45,12,12,12,0,0],"gold":181,"neow_bonus":"","is_daily":false,"chose_seed":false,"campfire_upgraded":1,"win_rate":0.0,"timestamp":1609333271,"path_taken":["M","?","M","M","M","E","M","M","T","M","R","?","E","M","R","BOSS","M","$","?","M","?","E","M","$","T","M"],"items_purchased_type":["Card","Card","Card","Card","Relic","Card"],"build_version":"2020-12-22","purchased_purges":2,"victory":false,"max_hp_per_floor":[72,72,72,72,72,72,72,72,72,72,72,72,72,72,72,72,72,72,72,72,72,72,72,72,72,72,72,72],"card_choices":[{"not_picked":["Consecrate","Wireheading"],"picked":"WindmillStrike","floor":1},{"not_picked":["WreathOfFlame","Prostrate"],"picked":"Study","floor":2},{"not_picked":["WreathOfFlame","Crescendo","Replay:AllIn"],"picked":"SKIP","floor":3},{"not_picked":["CutThroughFate","SignatureMove"],"picked":"JustLucky","floor":4},{"not_picked":["Wallop","Replay:ManipulateFuture","Swivel"],"picked":"SKIP","floor":5},{"not_picked":["Brilliance","JustLucky"],"picked":"Replay:BluntJabs","floor":6},{"not_picked":["PathToVictory","Evaluate"],"picked":"Protect","floor":7},{"not_picked":["ThirdEye","EmptyFist"],"picked":"FlurryOfBlows","floor":8},{"not_picked":["ThirdEye","Prostrate","JustLucky"],"picked":"SKIP","floor":10},{"not_picked":["FlyingSleeves","Weave"],"picked":"FlurryOfBlows","floor":13},{"not_picked":["Prostrate","Protect"],"picked":"EmptyBody","floor":14},{"not_picked":["Wish","Alpha"],"picked":"Replay:LoomingThreat","floor":16},{"not_picked":["MentalFortress","Prostrate"],"picked":"FollowUp","floor":18},{"not_picked":["InnerPeace","Halt+1"],"picked":"TalkToTheHand","floor":21},{"not_picked":["Protect","EmptyFist+1"],"picked":"LikeWater","floor":23},{"not_picked":["ThirdEye","JustLucky"],"picked":"FlyingSleeves","floor":24}],"player_experience":205536,"relics_obtained":[{"floor":6,"key":"hubris:Teleporter"},{"floor":9,"key":"Lantern"},{"floor":13,"key":"Girya"},{"floor":23,"key":"Oddly Smooth Stone"},{"floor":26,"key":"hubris:SlimyHat"}],"event_choices":[{"damage_healed":0,"gold_gain":0,"player_choice":"Stopped","damage_taken":9,"max_hp_gain":0,"max_hp_loss":0,"event_name":"Cursed Tome","floor":22,"gold_loss":0}],"is_beta":false,"boss_relics":[{"not_picked":["Replay:Wanted Poster","hubris:GrandSneckoEye"],"picked":"hubris:Backtick"}],"items_purged_floors":[19,25],"is_endless":false,"potions_floor_spawned":[1,3,6,7,14,16,21,24],"killed_by":"Centurion and Healer","ascension_level":0}}