{"host":"gzsdmyo07u314vug","time":1609322382,"event":{"mods":["2.2 Compatiblity","BaseMod","Downfall","GifTheSpireLib","Minty Spire (QoL Compilation)","Quick Restart","Rare Cards Sparkle","Relic Stats","Replay The Spire","Shop Mod","StSLib","The Bug Knight","The Construct","The Elementalist","The Servant 0.9.4","Unceasing Turn Reminder","everything is the same but u backflip on backflip","slay the spire mod where everything is the same but ironclad has a cowboy hat","vexMod"],"gold_per_floor":[109,109,128,146,161,161,161,161,161,173,173,205,222,222,232,250,250,324,324,340,340,340],"floor_reached":21,"playtime":1049,"items_purged":[],"score":366,"play_id":"c2dd6c94-98bb-4010-bce5-ec66a98104c4","local_time":"20201230065942","is_ascension_mode":true,"campfire_choices":[{"data":"Corpse Explosion","floor":6,"key":"SMITH"},{"data":"Neutralize","floor":9,"key":"SMITH"},{"floor":17,"key":"REST"}],"circlet_count":0,"master_deck":["AscendersBane","Strike_G","Strike_G","Strike_G","Strike_G","Defend_G","Defend_G","Defend_G","Defend_G","Defend_G","Survivor","Neutralize+1","Corpse Explosion+1","Dagger Spray+1","Blur","Flying Knee","Infinite Blades","Backflip","All Out Attack","Sucker Punch","Deflect","PiercingWail","A Thousand Cuts"],"relics":["Ring of the Serpent","HollowMod:StagPassRelic","Pantograph"],"acts_visited":["Exordium","TheCity"],"potions_floor_usage":[5,18,18,20],"damage_taken":[{"damage":8,"enemies":"Small Slimes","floor":1,"turns":2},{"damage":0,"enemies":"Cultist","floor":3,"turns":3},{"damage":5,"enemies":"2 Louse","floor":4,"turns":2},{"damage":0,"enemies":"2 Fungi Beasts","floor":5,"turns":2},{"damage":14,"enemies":"Exordium Wildlife","floor":10,"turns":2},{"damage":16,"enemies":"HollowMod:MossKnight","floor":12,"turns":6},{"damage":0,"enemies":"Blue Slaver","floor":13,"turns":4},{"damage":2,"enemies":"Exordium Thugs","floor":15,"turns":3},{"damage":0,"enemies":"3 Louse","floor":16,"turns":3},{"damage":25,"enemies":"The Guardian","floor":18,"turns":12},{"damage":38,"enemies":"Spheric Guardian","floor":20,"turns":6},{"damage":21,"enemies":"Snecko","floor":21,"turns":3}],"seed_played":"-3688486166092792997","potions_obtained":[{"floor":4,"key":"Weak Potion"},{"floor":12,"key":"Flashbang"},{"floor":16,"key":"Block Potion"},{"floor":18,"key":"AttackPotion"}],"is_trial":false,"path_per_floor":["M","?","M","M","M","R","PTL","PTL","R","M","T","E","M","?","M","M","R","B",null,"M","M"],"character_chosen":"THE_SILENT","items_purchased":[],"campfire_rested":1,"item_purchase_floors":[],"current_hp_per_floor":[51,51,51,46,46,46,46,46,46,32,32,16,16,16,14,14,32,32,53,15,0,0],"gold":340,"neow_bonus":"THREE_RARE_CARDS","is_daily":false,"chose_seed":false,"campfire_upgraded":2,"win_rate":0.0,"timestamp":1609322382,"path_taken":["M","?","M","M","?","R","PTL","PTL","R","M","T","E","M","?","?","M","R","BOSS","M","M"],"items_purchased_type":[],"build_version":"2020-12-22","purchased_purges":0,"victory":false,"max_hp_per_floor":[60,60,60,60,60,60,60,60,60,60,60,60,60,60,60,60,60,60,60,60,60,60],"relic_stats":{"counters":[12,48],"Pantograph":25,"obtain_stats":[{"Pantograph":12,"HollowMod:StagPassRelic":11,"Ring of the Serpent":19,"Ring of the Snake":0},{"Pantograph":6,"HollowMod:StagPassRelic":5,"Ring of the Serpent":10,"Ring of the Snake":0},{"Pantograph":17,"HollowMod:StagPassRelic":11,"Ring of the Serpent":39,"Ring of the Snake":0}]},"card_choices":[{"not_picked":["Grand Finale","ReplayTheSpireMod:Necrosis"],"picked":"Corpse Explosion","floor":0},{"not_picked":["Infinite Blades","PiercingWail"],"picked":"Dagger Spray","floor":1},{"not_picked":["Poisoned Stab","Dagger Throw"],"picked":"Blur","floor":3},{"not_picked":["Poisoned Stab","Distraction"],"picked":"Flying Knee","floor":4},{"not_picked":["Skewer","Choke"],"picked":"Infinite Blades","floor":5},{"not_picked":["Caltrops","Catalyst"],"picked":"Backflip","floor":10},{"not_picked":["Night Terror","Finisher"],"picked":"All Out Attack","floor":12},{"not_picked":["Infinite Blades","Endless Agony","Bane"],"picked":"SKIP","floor":13},{"not_picked":["Dash","Hidden Blade"],"picked":"Deflect","floor":15},{"not_picked":["Dagger Throw","Slice"],"picked":"PiercingWail","floor":16},{"not_picked":["Poison Darts","Venomology"],"picked":"A Thousand Cuts","floor":18},{"not_picked":["Dagger Spray","Calculated Gamble","PiercingWail"],"picked":"SKIP","floor":20}],"player_experience":601750,"relics_obtained":[{"floor":11,"key":"HollowMod:StagPassRelic"},{"floor":12,"key":"Pantograph"}],"event_choices":[{"damage_healed":0,"gold_gain":0,"player_choice":"Upgraded","damage_taken":0,"max_hp_gain":0,"max_hp_loss":0,"event_name":"Upgrade Shrine","floor":2,"gold_loss":0,"cards_upgraded":["Dagger Spray"]},{"damage_healed":0,"gold_gain":0,"cards_transformed":["Strike_G"],"player_choice":"Transformed","damage_taken":0,"max_hp_gain":0,"max_hp_loss":0,"event_name":"Transmorgrifier","floor":14,"gold_loss":0,"cards_obtained":["Sucker Punch"]}],"is_beta":false,"boss_relics":[{"not_picked":["Black Star","Ring of Chaos"],"picked":"Ring of the Serpent"}],"items_purged_floors":[],"is_endless":false,"potions_floor_spawned":[4,12,16,18],"killed_by":"Snecko","ascension_level":20}}