{"host":"l3h7vlt0ggqh50f5","time":1609349672,"event":{"mods":["BaseMod","Bestiary","Colored Map","Colored Powertips","Minty Spire (QoL Compilation)","Relic Stats","ojb\u0027s Info Mod"],"gold_per_floor":[119,119,119,139,314,314,348,364,389,389,418,40,65,86,86,185,185,198,209,209,7,7,59,59,86,110,193,220,265,277,319,319,414,414,477,477,518,562,632,687,702,762,788,788,825,825,852,902,902,902,902],"floor_reached":50,"playtime":3601,"items_purged":[],"score":1185,"play_id":"829064d1-3414-4f2f-bbcd-ecd2d9b2fca0","local_time":"20201230183432","is_ascension_mode":true,"campfire_choices":[{"data":"Study","floor":6.0,"key":"SMITH"},{"data":"Ragnarok","floor":10.0,"key":"SMITH"},{"data":"ThirdEye","floor":15.0,"key":"SMITH"},{"floor":24.0,"key":"RECALL"},{"data":"Consecrate","floor":32.0,"key":"SMITH"},{"data":"Scrawl","floor":44,"key":"SMITH"},{"data":"Ghostly","floor":49,"key":"SMITH"}],"circlet_count":0,"master_deck":["Strike_P+1","Strike_P+1","Strike_P+1","Strike_P+1","Defend_P+1","Defend_P+1","Eruption+1","Vigilance+1","Study+1","Consecrate+1","FlyingSleeves+1","Doubt","JustLucky+1","CutThroughFate+1","Ragnarok+1","ThirdEye+1","EmptyFist+1","CutThroughFate+1","LessonLearned+1","HandOfGreed+1","FearNoEvil+1","Ghostly+1","Ghostly+1","Ghostly","Ghostly","Ghostly+1","EmptyBody+1","Nirvana+1","ThirdEye+1","Halt+1","FlurryOfBlows+1","Scrawl+1","Indignation","FlurryOfBlows+1","Conclude+1","CutThroughFate+1","TalkToTheHand+1","Evaluate+1","Meditate+1"],"relics":["PureWater","Molten Egg 2","Pantograph","Happy Flower","Membership Card","TeardropLocket","Tiny Chest","Centennial Puzzle","Odd Mushroom","SacredBark","HandDrill","Meat on the Bone","Blue Candle","Art of War","PreservedInsect","Blood Vial","Black Star","Gremlin Horn","Toxic Egg 2","Sundial","GoldenEye","Whetstone","Bag of Preparation","The Courier","Smiling Mask","MealTicket","CaptainsWheel"],"acts_visited":["Exordium","TheCity","TheBeyond"],"potions_floor_usage":[42,47,50,50,50],"damage_taken":[{"damage":12.0,"enemies":"2 Louse","floor":1.0,"turns":2.0},{"damage":12.0,"enemies":"Jaw Worm","floor":4.0,"turns":2.0},{"damage":0.0,"enemies":"Gremlin Nob","floor":7.0,"turns":2.0},{"damage":0.0,"enemies":"Small Slimes","floor":8.0,"turns":2.0},{"damage":7.0,"enemies":"Lagavulin","floor":11.0,"turns":4.0},{"damage":3.0,"enemies":"3 Sentries","floor":13.0,"turns":3.0},{"damage":3.0,"enemies":"The Mushroom Lair","floor":14.0,"turns":3.0},{"damage":8.0,"enemies":"Slime Boss","floor":16.0,"turns":5.0},{"damage":7.0,"enemies":"3 Byrds","floor":18.0,"turns":4.0},{"damage":0.0,"enemies":"Shell Parasite","floor":19.0,"turns":1.0},{"damage":3.0,"enemies":"Gremlin Leader","floor":23.0,"turns":4.0},{"damage":7.0,"enemies":"Book of Stabbing","floor":25.0,"turns":5.0},{"damage":4.0,"enemies":"Slavers","floor":27.0,"turns":5.0},{"damage":1.0,"enemies":"Shelled Parasite and Fungi","floor":29.0,"turns":3.0},{"damage":1.0,"enemies":"Cultist and Chosen","floor":30.0,"turns":3.0},{"damage":2.0,"enemies":"3 Cultists","floor":31.0,"turns":4.0},{"damage":1.0,"enemies":"Collector","floor":33.0,"turns":6.0},{"damage":1.0,"enemies":"3 Shapes","floor":35.0,"turns":6.0},{"damage":1.0,"enemies":"Orb Walker","floor":37.0,"turns":2.0},{"damage":1.0,"enemies":"Jaw Worm Horde","floor":38.0,"turns":4.0},{"damage":5.0,"enemies":"Giant Head","floor":40.0,"turns":7.0},{"damage":1,"enemies":"Maw","floor":41,"turns":6},{"damage":0,"enemies":"Nemesis","floor":42,"turns":5},{"damage":4,"enemies":"Writhing Mass","floor":45,"turns":5},{"damage":0,"enemies":"Reptomancer","floor":47,"turns":4},{"damage":1,"enemies":"Mind Bloom Boss Battle","floor":48,"turns":6},{"damage":51,"enemies":"Time Eater","floor":50,"turns":8}],"seed_played":"4983798563473337690","potions_obtained":[{"floor":4.0,"key":"EntropicBrew"},{"floor":7.0,"key":"Swift Potion"},{"floor":11.0,"key":"BottledMiracle"},{"floor":13.0,"key":"PowerPotion"},{"floor":25.0,"key":"FearPotion"},{"floor":27.0,"key":"BlessingOfTheForge"},{"floor":31.0,"key":"ColorlessPotion"},{"floor":37.0,"key":"PowerPotion"},{"floor":38.0,"key":"Swift Potion"},{"floor":42,"key":"Explosive Potion"},{"floor":48,"key":"SkillPotion"}],"is_trial":false,"path_per_floor":["M","?","T","M","?","R","E","M","T","R","E","$","E","?","R","B",null,"M","M","?","$","?","E","R","E","T","E","T","M","M","M","R","B",null,"M","?","M","M","T","E","M","E","T","R","M","T","E","?","R","B"],"character_chosen":"WATCHER","items_purchased":["Membership Card","TeardropLocket","ThirdEye","Tiny Chest","HandOfGreed+1","FearNoEvil+1","HandDrill"],"campfire_rested":0,"item_purchase_floors":[12,12,12,12,21,21,21],"current_hp_per_floor":[35,35,35,23,23,23,23,23,23,23,16,16,13,10,10,27,61,54,54,54,54,36,33,33,26,26,22,22,23,24,24,24,35,36,35,35,35,35,35,31,32,34,34,34,32,32,34,35,35,0,0],"gold":902,"neow_bonus":"TRANSFORM_TWO_CARDS","is_daily":false,"chose_seed":false,"campfire_upgraded":6,"win_rate":0.0,"timestamp":1609349672,"path_taken":["M","?","?","M","?","R","E","M","T","R","E","$","E","?","R","BOSS","M","M","?","$","?","E","R","E","T","E","?","?","M","M","R","BOSS","M","?","M","M","?","E","M","E","T","R","M","?","E","?","R","BOSS"],"items_purchased_type":["Relic","Relic","Card","Relic","Card","Card","Relic"],"build_version":"2020-12-22","purchased_purges":0,"victory":false,"max_hp_per_floor":[72,72,72,72,72,72,72,72,72,72,72,72,72,72,72,72,72,72,72,72,72,36,36,36,36,36,36,36,36,36,36,36,36,36,36,36,36,36,36,36,36,36,36,36,36,36,36,36,36,36,36],"relic_stats":{"Happy Flower":[33],"Gremlin Horn":[4,4],"counters":[27,111],"Blue Candle":[10],"PreservedInsect":240,"Bag of Preparation":[8],"Whetstone":["Strike_P","Strike_P"],"GoldenEye":[34],"Smiling Mask":0,"Blood Vial":22,"Centennial Puzzle":[54],"Sundial":[4],"Pantograph":35,"Tiny Chest":2,"MealTicket":0,"HandDrill":[36],"Art of War":[2],"Black Star":3,"obtain_stats":[{"Gremlin Horn":39,"SacredBark":17,"Bag of Preparation":43,"TeardropLocket":12,"Whetstone":42,"Smiling Mask":47,"Blood Vial":28,"Centennial Puzzle":13,"Sundial":40,"Pantograph":7,"Tiny Chest":12,"MealTicket":47,"HandDrill":21,"Toxic Egg 2":40,"Happy Flower":11,"Blue Candle":25,"PreservedInsect":27,"The Courier":46,"Odd Mushroom":14,"GoldenEye":42,"CaptainsWheel":48,"Molten Egg 2":3,"Art of War":26,"Black Star":34,"Membership Card":12,"PureWater":0,"Meat on the Bone":23},{"Gremlin Horn":20,"SacredBark":8,"Bag of Preparation":23,"TeardropLocket":5,"Whetstone":23,"Smiling Mask":25,"Blood Vial":13,"Centennial Puzzle":6,"Sundial":21,"Pantograph":3,"Tiny Chest":5,"MealTicket":25,"HandDrill":10,"Toxic Egg 2":21,"Happy Flower":5,"Blue Candle":12,"PreservedInsect":13,"The Courier":24,"Odd Mushroom":7,"GoldenEye":23,"CaptainsWheel":26,"Molten Egg 2":1,"Art of War":12,"Black Star":17,"Membership Card":5,"PureWater":0,"Meat on the Bone":11},{"Gremlin Horn":70,"SacredBark":23,"Bag of Preparation":88,"TeardropLocket":12,"Whetstone":88,"Smiling Mask":97,"Blood Vial":42,"Centennial Puzzle":15,"Sundial":77,"Pantograph":6,"Tiny Chest":12,"MealTicket":97,"HandDrill":28,"Toxic Egg 2":77,"Happy Flower":12,"Blue Candle":37,"PreservedInsect":42,"The Courier":93,"Odd Mushroom":18,"GoldenEye":88,"CaptainsWheel":103,"Molten Egg 2":2,"Art of War":37,"Black Star":58,"Membership Card":12,"PureWater":0,"Meat on the Bone":32}],"Meat on the Bone":0},"card_choices":[{"not_picked":["Crescendo","JustLucky"],"picked":"Consecrate","floor":1.0},{"not_picked":["CrushJoints+1","Prostrate"],"picked":"FlyingSleeves+1","floor":4.0},{"not_picked":["Vengeance","WreathOfFlame"],"picked":"JustLucky+1","floor":7.0},{"not_picked":["Worship","Meditate"],"picked":"CutThroughFate+1","floor":8.0},{"not_picked":["FollowUp+1","Evaluate"],"picked":"Ragnarok+1","floor":11.0},{"not_picked":["CrushJoints+1","SashWhip+1"],"picked":"EmptyFist+1","floor":13.0},{"not_picked":["CrushJoints+1","EmptyFist+1"],"picked":"CutThroughFate+1","floor":14.0},{"not_picked":["Blasphemy","Alpha"],"picked":"LessonLearned+1","floor":16.0},{"not_picked":["Fasting2","Consecrate+1","Prostrate"],"picked":"SKIP","floor":18.0},{"not_picked":["PathToVictory","SashWhip+1","Evaluate"],"picked":"SKIP","floor":19.0},{"not_picked":["Prostrate","Worship"],"picked":"EmptyBody","floor":23.0},{"not_picked":["EmptyFist+1","ClearTheMind"],"picked":"Nirvana","floor":25.0},{"not_picked":["ConjureBlade","Halt"],"picked":"ThirdEye+1","floor":27.0},{"not_picked":["SashWhip+1","Protect+1"],"picked":"Halt","floor":29.0},{"not_picked":["FlyingSleeves+1","Adaptation"],"picked":"FlurryOfBlows+1","floor":30.0},{"not_picked":["Prostrate","ClearTheMind","FlyingSleeves+1"],"picked":"SKIP","floor":31.0},{"not_picked":["ConjureBlade","Establishment"],"picked":"Scrawl","floor":33.0},{"not_picked":["Evaluate","FlyingSleeves+1"],"picked":"Indignation","floor":35.0},{"not_picked":["FlyingSleeves+1","SashWhip+1"],"picked":"FlurryOfBlows+1","floor":37.0},{"not_picked":["CrushJoints+1","Perseverance+1"],"picked":"Conclude+1","floor":38.0},{"not_picked":["Evaluate+1","EmptyBody+1"],"picked":"CutThroughFate+1","floor":40.0},{"not_picked":["FollowUp+1","SashWhip+1","JustLucky+1"],"picked":"SKIP","floor":41},{"not_picked":["Consecrate+1","BowlingBash+1"],"picked":"TalkToTheHand+1","floor":42},{"not_picked":["PathToVictory+1","FlyingSleeves+1","FearNoEvil+1"],"picked":"SKIP","floor":45},{"not_picked":["Alpha+1","PathToVictory+1"],"picked":"Evaluate+1","floor":47},{"not_picked":["Prostrate+1","SashWhip+1"],"picked":"Meditate+1","floor":48}],"player_experience":292729,"relics_obtained":[{"floor":3.0,"key":"Molten Egg 2"},{"floor":7.0,"key":"Pantograph"},{"floor":11.0,"key":"Happy Flower"},{"floor":13.0,"key":"Centennial Puzzle"},{"floor":14.0,"key":"Odd Mushroom"},{"floor":23.0,"key":"Meat on the Bone"},{"floor":25.0,"key":"Blue Candle"},{"floor":26.0,"key":"Art of War"},{"floor":27.0,"key":"PreservedInsect"},{"floor":28.0,"key":"Blood Vial"},{"floor":39.0,"key":"Gremlin Horn"},{"floor":40.0,"key":"Toxic Egg 2"},{"floor":40.0,"key":"Sundial"},{"floor":42,"key":"GoldenEye"},{"floor":42,"key":"Whetstone"},{"floor":43,"key":"Bag of Preparation"},{"floor":46,"key":"The Courier"},{"floor":47,"key":"Smiling Mask"},{"floor":47,"key":"MealTicket"},{"floor":48,"key":"CaptainsWheel"}],"event_choices":[{"damage_healed":0.0,"max_hp_gain":0.0,"max_hp_loss":0.0,"gold_gain":0.0,"event_name":"Living Wall","player_choice":"Grow","floor":2.0,"gold_loss":0.0,"damage_taken":0.0,"cards_upgraded":["Eruption"]},{"damage_healed":0.0,"max_hp_gain":0.0,"max_hp_loss":0.0,"gold_gain":175.0,"event_name":"Liars Game","player_choice":"AGREE","floor":5.0,"gold_loss":0.0,"damage_taken":0.0,"cards_obtained":["Doubt"]},{"damage_healed":0.0,"max_hp_gain":0.0,"max_hp_loss":0.0,"gold_gain":0.0,"event_name":"Mushrooms","player_choice":"Fought Mushrooms","floor":14.0,"gold_loss":0.0,"damage_taken":0.0},{"damage_healed":0.0,"max_hp_gain":0.0,"max_hp_loss":0.0,"gold_gain":0.0,"event_name":"Beggar","player_choice":"Ignored","floor":20.0,"gold_loss":0.0,"damage_taken":0.0},{"damage_healed":0.0,"max_hp_gain":0.0,"max_hp_loss":36.0,"gold_gain":0.0,"event_name":"Ghosts","player_choice":"Became a Ghost","floor":22.0,"gold_loss":0.0,"damage_taken":0.0,"cards_obtained":["Ghostly","Ghostly","Ghostly","Ghostly","Ghostly"]},{"cards_removed":["Ragnarok"],"damage_healed":0.0,"max_hp_gain":0.0,"max_hp_loss":0.0,"gold_gain":0.0,"event_name":"Falling","player_choice":"Removed Attack","floor":36.0,"gold_loss":0.0,"damage_taken":0.0},{"damage_healed":0,"gold_gain":0,"player_choice":"Fight","damage_taken":0,"max_hp_gain":0,"max_hp_loss":0,"event_name":"MindBloom","floor":48,"gold_loss":0}],"is_beta":false,"boss_relics":[{"not_picked":["Sozu","Runic Dome"],"picked":"SacredBark"},{"not_picked":["Calling Bell","Astrolabe"],"picked":"Black Star"}],"items_purged_floors":[],"is_endless":false,"potions_floor_spawned":[4,7,11,13,25,27,31,37,38,41,42,48],"killed_by":"Time Eater","ascension_level":9}}