{"host":"vztqq1va2gba8p9y","time":1609288083,"event":{"mods":["AchievementEnabler","BaseMod","DeckTracker","Googly Eyes","Minty Spire (QoL Compilation)","Permanent Neow","Rare Cards Sparkle","StSLib"],"gold_per_floor":[111,128,128,148,73,73,101,101,128,128,161,161,174,174,174,278,278,292,309,234,246,258,284,296,308,320,332,359,391,420,24,24,127,127,141,155,155,30,30,63,63,75,75,93,161,461,495,507,507,507,507],"floor_reached":50,"playtime":1658,"items_purged":["Strike_R","Strike_R","Strike_R"],"score":557,"play_id":"48bdb6fa-3ff9-40d7-8903-77d65eb50ed5","local_time":"20201230092803","is_ascension_mode":false,"campfire_choices":[{"data":"Blood for Blood","floor":6.0,"key":"SMITH"},{"data":"Berserk","floor":8.0,"key":"SMITH"},{"data":"Bash","floor":10.0,"key":"SMITH"},{"data":"Flame Barrier","floor":15.0,"key":"SMITH"},{"data":"Blood for Blood","floor":25.0,"key":"SMITH"},{"data":"Rupture","floor":32.0,"key":"PURGE"},{"data":"Carnage","floor":41.0,"key":"PURGE"},{"data":"Defend_R","floor":49,"key":"PURGE"}],"circlet_count":0,"master_deck":["Defend_R","Defend_R","Defend_R","Bash+1","Blood for Blood+1","Berserk+1","Flame Barrier+1","Shrug It Off","Blood for Blood+1","Dropkick","Dropkick","Hemokinesis+1","Fiend Fire","Thunderclap+1","Double Tap"],"relics":["Black Blood","Vajra","Happy Flower","Potion Belt","MawBank","Meat on the Bone","Peace Pipe","Fusion Hammer","Bottled Lightning","Ancient Tea Set","Pantograph","Shuriken"],"acts_visited":["Exordium","TheCity","TheBeyond"],"potions_floor_usage":[50,50,50,50],"damage_taken":[{"damage":7.0,"enemies":"Small Slimes","floor":1.0,"turns":6.0},{"damage":5.0,"enemies":"Jaw Worm","floor":2.0,"turns":4.0},{"damage":6.0,"enemies":"Cultist","floor":4.0,"turns":3.0},{"damage":14.0,"enemies":"Lagavulin","floor":7.0,"turns":7.0},{"damage":28.0,"enemies":"Gremlin Nob","floor":11.0,"turns":4.0},{"damage":13.0,"enemies":"Large Slime","floor":13.0,"turns":6.0},{"damage":13.0,"enemies":"The Guardian","floor":16.0,"turns":10.0},{"damage":14.0,"enemies":"Spheric Guardian","floor":18.0,"turns":6.0},{"damage":0.0,"enemies":"3 Byrds","floor":19.0,"turns":4.0},{"damage":28.0,"enemies":"Shelled Parasite and Fungi","floor":21.0,"turns":6.0},{"damage":25.0,"enemies":"Snake Plant","floor":22.0,"turns":5.0},{"damage":49.0,"enemies":"Slavers","floor":23.0,"turns":6.0},{"damage":2.0,"enemies":"Centurion and Healer","floor":28.0,"turns":6.0},{"damage":22.0,"enemies":"Cultist and Chosen","floor":29.0,"turns":6.0},{"damage":9.0,"enemies":"Snecko","floor":30.0,"turns":5.0},{"damage":55.0,"enemies":"Champ","floor":33.0,"turns":8.0},{"damage":27.0,"enemies":"3 Darklings","floor":35.0,"turns":4.0},{"damage":9.0,"enemies":"Orb Walker","floor":36.0,"turns":2.0},{"damage":21.0,"enemies":"Reptomancer","floor":40.0,"turns":6.0},{"damage":16.0,"enemies":"Transient","floor":42.0,"turns":5.0},{"damage":27.0,"enemies":"Writhing Mass","floor":44.0,"turns":3.0},{"damage":50,"enemies":"Nemesis","floor":47,"turns":5},{"damage":50,"enemies":"Jaw Worm Horde","floor":48,"turns":4},{"damage":60,"enemies":"Awakened One","floor":50,"turns":9}],"seed_played":"-1942880890381626826","potions_obtained":[{"floor":1.0,"key":"EntropicBrew"},{"floor":2.0,"key":"Block Potion"},{"floor":16.0,"key":"FairyPotion"},{"floor":21.0,"key":"Strength Potion"},{"floor":22.0,"key":"Swift Potion"},{"floor":27.0,"key":"Fruit Juice"},{"floor":27.0,"key":"Block Potion"},{"floor":27.0,"key":"SneckoOil"},{"floor":33.0,"key":"Strength Potion"},{"floor":35.0,"key":"Explosive Potion"},{"floor":40.0,"key":"ColorlessPotion"},{"floor":44.0,"key":"HeartOfIron"}],"is_trial":false,"path_per_floor":["M","M","?","M","$","R","E","R","T","R","E","?","M","?","R","B",null,"M","M","?","M","M","E","?","R","T","?","M","M","M","$","R","B",null,"M","M","?","$","$","E","R","M","T","M","T","?","E","M","R","B"],"character_chosen":"IRONCLAD","items_purchased":["Peace Pipe"],"campfire_rested":0,"item_purchase_floors":[31],"current_hp_per_floor":[79,80,85,85,85,85,77,77,77,77,55,48,41,41,41,34,85,83,85,85,69,56,19,19,19,19,24,46,48,63,63,63,32,90,75,78,78,78,78,69,69,65,65,62,62,62,36,37,37,2,2],"gold":507,"neow_bonus":"","is_daily":false,"chose_seed":false,"campfire_upgraded":5,"win_rate":0.0,"timestamp":1609288083,"path_taken":["M","M","?","M","$","R","E","R","T","R","E","?","?","?","R","BOSS","M","M","?","M","M","E","?","R","T","?","?","M","M","$","R","BOSS","M","M","?","?","$","E","R","M","T","M","?","?","E","?","R","BOSS"],"items_purchased_type":["Relic"],"build_version":"2020-12-22","purchased_purges":3,"victory":false,"max_hp_per_floor":[80,80,85,85,85,85,85,85,85,85,85,85,85,85,85,85,85,85,85,85,85,85,85,85,85,85,90,90,90,90,90,90,90,90,90,90,90,90,90,90,90,90,90,90,90,90,90,90,90,90,90],"card_choices":[{"not_picked":["Second Wind","Metallicize"],"picked":"Blood for Blood","floor":1.0},{"not_picked":["Searing Blow","Flex","Cleave"],"picked":"SKIP","floor":2.0},{"not_picked":["Reckless Charge","Searing Blow"],"picked":"Rupture","floor":4.0},{"not_picked":["Cleave","Perfected Strike"],"picked":"Berserk","floor":7.0},{"not_picked":["Second Wind","Twin Strike","Entrench"],"picked":"SKIP","floor":11.0},{"not_picked":["Anger","Thunderclap"],"picked":"Flame Barrier","floor":13.0},{"not_picked":["Clash","Combust"],"picked":"Carnage","floor":18.0},{"not_picked":["Twin Strike","Intimidate","Rampage"],"picked":"SKIP","floor":19.0},{"not_picked":["Anger","Pommel Strike"],"picked":"Shrug It Off","floor":21.0},{"not_picked":["Pommel Strike+1","Carnage"],"picked":"Blood for Blood","floor":22.0},{"not_picked":["Perfected Strike+1","Rage"],"picked":"Dropkick","floor":23.0},{"not_picked":["Carnage","Anger","Fire Breathing"],"picked":"SKIP","floor":28.0},{"not_picked":["Power Through","Anger","Flex+1"],"picked":"SKIP","floor":29.0},{"not_picked":["Hemokinesis+1","Infernal Blade+1","Ghostly Armor+1"],"picked":"SKIP","floor":30.0},{"not_picked":["Infernal Blade+1","Ghostly Armor+1"],"picked":"Hemokinesis+1","floor":30.0},{"not_picked":["Reaper","Impervious"],"picked":"Fiend Fire","floor":33.0},{"not_picked":["Flex+1","Anger"],"picked":"Thunderclap+1","floor":35.0},{"not_picked":["Anger+1","Blood for Blood","Pommel Strike"],"picked":"SKIP","floor":36.0},{"not_picked":["Shrug It Off+1","Pommel Strike+1","Clash"],"picked":"SKIP","floor":40.0},{"not_picked":["Armaments","Infernal Blade+1","Seeing Red"],"picked":"SKIP","floor":42.0},{"not_picked":["Iron Wave+1","Shrug It Off","Whirlwind"],"picked":"SKIP","floor":44.0},{"not_picked":["Power Through+1","Perfected Strike"],"picked":"Double Tap","floor":47},{"not_picked":["Power Through","Perfected Strike+1","Feel No Pain"],"picked":"SKIP","floor":48}],"player_experience":0,"relics_obtained":[{"floor":7.0,"key":"Vajra"},{"floor":9.0,"key":"Happy Flower"},{"floor":11.0,"key":"Potion Belt"},{"floor":23.0,"key":"MawBank"},{"floor":26.0,"key":"Meat on the Bone"},{"floor":40.0,"key":"Bottled Lightning"},{"floor":43.0,"key":"Ancient Tea Set"},{"floor":45.0,"key":"Pantograph"},{"floor":47,"key":"Shuriken"}],"event_choices":[{"damage_healed":0.0,"max_hp_gain":5.0,"max_hp_loss":0.0,"gold_gain":0.0,"event_name":"Big Fish","player_choice":"Donut","floor":3.0,"gold_loss":0.0,"damage_taken":0.0},{"cards_removed":["Strike_R"],"damage_healed":0.0,"max_hp_gain":0.0,"max_hp_loss":0.0,"gold_gain":0.0,"event_name":"Golden Wing","player_choice":"Card Removal","floor":12.0,"gold_loss":0.0,"damage_taken":7.0},{"damage_healed":0.0,"max_hp_gain":0.0,"max_hp_loss":0.0,"gold_gain":0.0,"event_name":"Liars Game","player_choice":"Ignored","floor":14.0,"gold_loss":0.0,"damage_taken":0.0},{"cards_removed":["Strike_R"],"damage_healed":0.0,"max_hp_gain":0.0,"max_hp_loss":0.0,"gold_gain":0.0,"event_name":"Beggar","player_choice":"Gave Gold","floor":20.0,"gold_loss":75.0,"damage_taken":0.0},{"damage_healed":0.0,"max_hp_gain":0.0,"max_hp_loss":0.0,"gold_gain":0.0,"event_name":"The Library","player_choice":"Read","floor":24.0,"gold_loss":0.0,"damage_taken":0.0,"cards_obtained":["Dropkick"]},{"damage_healed":0.0,"max_hp_gain":0.0,"max_hp_loss":0.0,"gold_gain":0.0,"event_name":"Lab","player_choice":"Got Potions","floor":27.0,"gold_loss":0.0,"damage_taken":0.0},{"damage_healed":0.0,"max_hp_gain":0.0,"max_hp_loss":0.0,"gold_gain":0.0,"event_name":"Duplicator","player_choice":"Ignored","floor":37.0,"gold_loss":0.0,"damage_taken":0.0},{"damage_healed":0.0,"max_hp_gain":0.0,"max_hp_loss":0.0,"gold_gain":300.0,"event_name":"Wheel of Change","player_choice":"Gold","floor":46.0,"gold_loss":0.0,"damage_taken":0.0}],"is_beta":false,"boss_relics":[{"not_picked":["SlaversCollar","SacredBark"],"picked":"Black Blood"},{"not_picked":["Runic Cube","Snecko Eye"],"picked":"Fusion Hammer"}],"items_purged_floors":[5,31,38],"is_endless":false,"potions_floor_spawned":[1,2,16,21,22,29,33,35,40,44],"killed_by":"Awakened One","ascension_level":0}}