{"host":"1v94wza6sq30pv3l","time":1609365751,"event":{"mods":["AchievementEnabler","BaseMod","Highlight Path","Minty Spire (QoL Compilation)"],"gold_per_floor":[111,121,137,157,157,157,188,188,263,289,309,309,186,204,204,307,307,327,339,339,350,360,395,395,395,446,446,446,446,462,197,197,292,292,302,312,312,312,17,17,67,101,126,153,153,163,163,12,12,12,12],"floor_reached":50,"playtime":2995,"items_purged":["Defend_B","Strike_B","Writhe"],"score":552,"play_id":"2ccbc90f-bc91-4367-8342-4413deb6cd90","local_time":"20201230170231","is_ascension_mode":true,"campfire_choices":[{"data":"Conserve Battery","floor":6.0,"key":"SMITH"},{"floor":8.0,"key":"REST"},{"floor":15.0,"key":"REST"},{"floor":24.0,"key":"REST"},{"floor":25.0,"key":"REST"},{"data":"Barrage","floor":27.0,"key":"SMITH"},{"floor":29.0,"key":"REST"},{"data":"RitualDagger","floor":32.0,"key":"SMITH"},{"data":"Thunder Strike","floor":40,"key":"SMITH"},{"floor":45,"key":"REST"},{"floor":47,"key":"REST"},{"floor":49,"key":"RECALL"}],"circlet_count":0,"master_deck":["Strike_B","Strike_B","Strike_B","Defend_B","Defend_B","Defend_B","Zap","Dualcast","Redo","Ball Lightning","Conserve Battery+1","Coolheaded+1","Darkness","Loop+1","Barrage+1","Fusion","Thunder Strike+1","Glacier+1","Conserve Battery+1","Static Discharge+1","Cold Snap+1","Stack","RitualDagger+1","Violence","Thunder Strike+1","Defragment+1","Master of Strategy+1","Leap+1"],"relics":["Cracked Core","NeowsBlessing","WingedGreaves","Frozen Egg 2","Blood Vial","Odd Mushroom","Bottled Tornado","Snecko Eye","MealTicket","Busted Crown","Incense Burner","War Paint","PreservedInsect","Molten Egg 2","Lantern"],"acts_visited":["Exordium","TheCity","TheBeyond"],"potions_floor_usage":[50],"damage_taken":[{"damage":0.0,"enemies":"Small Slimes","floor":1.0,"turns":1.0},{"damage":0.0,"enemies":"Jaw Worm","floor":2.0,"turns":1.0},{"damage":0.0,"enemies":"2 Louse","floor":3.0,"turns":1.0},{"damage":19.0,"enemies":"Exordium Thugs","floor":4.0,"turns":5.0},{"damage":32.0,"enemies":"Lagavulin","floor":7.0,"turns":12.0},{"damage":12.0,"enemies":"Gremlin Nob","floor":10.0,"turns":4.0},{"damage":2.0,"enemies":"The Mushroom Lair","floor":11.0,"turns":3.0},{"damage":8.0,"enemies":"Exordium Wildlife","floor":14.0,"turns":3.0},{"damage":44.0,"enemies":"Hexaghost","floor":16.0,"turns":9.0},{"damage":3.0,"enemies":"Chosen","floor":18.0,"turns":3.0},{"damage":21.0,"enemies":"2 Thieves","floor":19.0,"turns":3.0},{"damage":2.0,"enemies":"Snake Plant","floor":21.0,"turns":4.0},{"damage":11.0,"enemies":"Snecko","floor":22.0,"turns":5.0},{"damage":30.0,"enemies":"Slavers","floor":23.0,"turns":5.0},{"damage":12.0,"enemies":"Chosen and Byrds","floor":30.0,"turns":3.0},{"damage":44.0,"enemies":"Automaton","floor":33.0,"turns":8.0},{"damage":27,"enemies":"3 Darklings","floor":35,"turns":5},{"damage":11,"enemies":"Orb Walker","floor":36,"turns":2},{"damage":4,"enemies":"Mind Bloom Boss Battle","floor":41,"turns":6},{"damage":33,"enemies":"Nemesis","floor":42,"turns":7},{"damage":62,"enemies":"Reptomancer","floor":44,"turns":5},{"damage":0,"enemies":"Maw","floor":46,"turns":8},{"damage":75,"enemies":"Awakened One","floor":50,"turns":11}],"seed_played":"-6548395835598386873","potions_obtained":[{"floor":1.0,"key":"Explosive Potion"},{"floor":3.0,"key":"FairyPotion"},{"floor":7.0,"key":"FocusPotion"},{"floor":10.0,"key":"PowerPotion"},{"floor":14.0,"key":"Strength Potion"},{"floor":19.0,"key":"SpeedPotion"},{"floor":23.0,"key":"ColorlessPotion"},{"floor":30.0,"key":"BlessingOfTheForge"},{"floor":35,"key":"Strength Potion"}],"is_trial":false,"path_per_floor":["M","M","M","M","?","R","E","R","T","E","?","T","$","M","R","B",null,"M","M","?","M","M","E","R","R","T","R","?","R","M","$","R","B",null,"M","M","?","?","$","R","?","E","T","E","R","M","R","$","R","B"],"character_chosen":"DEFECT","items_purchased":["Fire Potion","Violence","Master of Strategy","Lantern"],"campfire_rested":7,"item_purchase_floors":[13,31,39,48],"current_hp_per_floor":[75,75,75,56,75,75,43,65,65,53,53,53,53,47,69,27,75,72,53,53,53,44,16,38,60,60,60,54,75,63,75,75,31,75,48,39,39,58,73,73,71,40,40,4,26,28,50,65,65,0,0],"gold":12,"neow_bonus":"THREE_ENEMY_KILL","is_daily":false,"chose_seed":false,"campfire_upgraded":4,"win_rate":0.0,"timestamp":1609365751,"path_taken":["M","M","M","M","?","R","E","R","T","E","?","?","$","M","R","BOSS","M","M","?","M","?","E","R","R","T","R","?","R","M","$","R","BOSS","M","M","?","?","$","R","?","E","T","E","R","M","R","?","R","BOSS"],"items_purchased_type":["Potion","Card","Card","Relic"],"build_version":"2020-12-22","purchased_purges":3,"victory":false,"max_hp_per_floor":[75,75,75,75,75,75,75,75,75,75,75,75,75,75,75,75,75,75,75,75,75,75,75,75,75,75,75,75,75,75,75,75,75,75,75,75,75,75,75,75,75,75,75,75,75,75,75,75,75,75,75],"card_choices":[{"not_picked":["Auto Shields","Rebound"],"picked":"Redo","floor":1.0},{"not_picked":["Hologram","White Noise"],"picked":"Ball Lightning","floor":2.0},{"not_picked":["Loop","Biased Cognition"],"picked":"Conserve Battery","floor":3.0},{"not_picked":["Loop","Blizzard"],"picked":"Coolheaded","floor":4.0},{"not_picked":["Redo","Capacitor"],"picked":"Darkness","floor":7.0},{"not_picked":["Sweeping Beam","Beam Cell"],"picked":"Loop+1","floor":10.0},{"not_picked":["Chill","Steam"],"picked":"Barrage","floor":11.0},{"not_picked":["Redo","Gash"],"picked":"Fusion","floor":14.0},{"not_picked":["Amplify","Machine Learning+1"],"picked":"Thunder Strike","floor":16.0},{"not_picked":["Force Field+1","Coolheaded"],"picked":"Glacier+1","floor":18.0},{"not_picked":["Barrage","Scrape+1"],"picked":"Conserve Battery+1","floor":19.0},{"not_picked":["Storm+1","Steam"],"picked":"Static Discharge+1","floor":21.0},{"not_picked":["Coolheaded","Storm+1"],"picked":"Cold Snap+1","floor":22.0},{"not_picked":["Streamline","Loop+1"],"picked":"Stack","floor":23.0},{"not_picked":["Chill+1","Hello World+1","Storm+1"],"picked":"SKIP","floor":30.0},{"not_picked":["Creative AI+1","Multi-Cast"],"picked":"Thunder Strike","floor":33.0},{"not_picked":[],"picked":"Defragment+1","floor":35},{"not_picked":["Coolheaded+1"],"picked":"SKIP","floor":36},{"not_picked":["Turbo+1"],"picked":"SKIP","floor":42},{"not_picked":[],"picked":"Leap+1","floor":44},{"not_picked":["Self Repair+1"],"picked":"SKIP","floor":46}],"player_experience":84163,"relics_obtained":[{"floor":7.0,"key":"WingedGreaves"},{"floor":9.0,"key":"Frozen Egg 2"},{"floor":10.0,"key":"Blood Vial"},{"floor":11.0,"key":"Odd Mushroom"},{"floor":12.0,"key":"Bottled Tornado"},{"floor":23.0,"key":"MealTicket"},{"floor":41,"key":"Incense Burner"},{"floor":42,"key":"War Paint"},{"floor":43,"key":"PreservedInsect"},{"floor":44,"key":"Molten Egg 2"}],"event_choices":[{"damage_healed":25.0,"max_hp_gain":0.0,"max_hp_loss":0.0,"gold_gain":0.0,"event_name":"Big Fish","player_choice":"Banana","floor":5.0,"gold_loss":0.0,"damage_taken":0.0},{"damage_healed":0.0,"max_hp_gain":0.0,"max_hp_loss":0.0,"gold_gain":0.0,"event_name":"Mushrooms","player_choice":"Fought Mushrooms","floor":11.0,"gold_loss":0.0,"damage_taken":0.0},{"damage_healed":0.0,"max_hp_gain":0.0,"max_hp_loss":0.0,"gold_gain":0.0,"event_name":"Upgrade Shrine","player_choice":"Upgraded","floor":20.0,"gold_loss":0.0,"damage_taken":0.0,"cards_upgraded":["Thunder Strike"]},{"damage_healed":0.0,"max_hp_gain":0.0,"max_hp_loss":0.0,"gold_gain":0.0,"event_name":"Nest","player_choice":"Joined the Cult","floor":28.0,"gold_loss":0.0,"damage_taken":6.0,"cards_obtained":["RitualDagger"]},{"damage_healed":0,"gold_gain":0,"player_choice":"Ignored","damage_taken":0,"max_hp_gain":0,"max_hp_loss":0,"event_name":"Tomb of Lord Red Mask","floor":37,"gold_loss":0},{"damage_healed":19,"gold_gain":0,"player_choice":"Writhe","damage_taken":0,"max_hp_gain":0,"max_hp_loss":0,"event_name":"Winding Halls","floor":38,"gold_loss":0,"cards_obtained":["Writhe"]},{"damage_healed":0,"gold_gain":0,"player_choice":"Fight","damage_taken":0,"max_hp_gain":0,"max_hp_loss":0,"event_name":"MindBloom","floor":41,"gold_loss":0}],"is_beta":false,"boss_relics":[{"not_picked":["Fusion Hammer","SlaversCollar"],"picked":"Snecko Eye"},{"not_picked":["Runic Pyramid","Black Star"],"picked":"Busted Crown"}],"items_purged_floors":[13,31,39],"is_endless":false,"potions_floor_spawned":[1,3,7,10,14,19,23,30,35,41],"killed_by":"Awakened One","ascension_level":1}}