{"host":"0cgp910o8339lr91","time":1609292259,"event":{"mods":["BaseMod","Colored Map","Filter the Spire","Minty Spire (QoL Compilation)","Relic Stats","Slay-I","ojb\u0027s Better Paths Mod","ojb\u0027s Info Mod"],"gold_per_floor":[114,114,130,130,205,235,235,252,252,285,295,323,340,353,353,424,424,438,113,133,158,173,173,207,227,227,253,253,253,263,294,294,371,371,383,398,423,423,423,450,450,477,477,55,82,82,117,130,130,130,130,130,45,71,71],"floor_reached":56,"playtime":8380,"items_purged":["Nirvana","FlyingSleeves+1"],"score":2516,"play_id":"82f1a9ad-c20a-4f64-8fce-a9b1079e7f70","local_time":"20201230023739","is_ascension_mode":true,"campfire_choices":[{"data":"Eruption","floor":7.0,"key":"SMITH"},{"data":"Adaptation","floor":15.0,"key":"SMITH"},{"data":"Adaptation","floor":23.0,"key":"SMITH"},{"data":"Meditate","floor":29.0,"key":"SMITH"},{"floor":32.0,"key":"RECALL"},{"data":"Tantrum","floor":49.0,"key":"SMITH"}],"circlet_count":0,"master_deck":["AscendersBane","Eruption+1","Vigilance+1","FlurryOfBlows+1","DeceiveReality+1","BattleHymn+1","Vengeance+1","FlurryOfBlows+1","EmptyBody+1","Adaptation+1","Adaptation+1","LessonLearned+1","Meditate+1","Sanctity+1","Meditate+1","MasterReality+1","Sanctity+1","Halt+1","Madness+1","Madness+1","Establishment+1","Panache+1","EmptyMind+1","Tantrum+1","MentalFortress+1","ThirdEye+1","Sanctity+1"],"relics":["Pandora\u0027s Box","Ornamental Fan","Bag of Preparation","Damaru","Oddly Smooth Stone","Happy Flower","Coffee Dripper","Bottled Tornado","Red Mask","Toxic Egg 2","Mummified Hand","Toy Ornithopter","Akabeko","Frozen Egg 2","Black Star","GoldenEye","Pen Nib","Anchor","TungstenRod","MealTicket","Toolbox","Du-Vu Doll","Strawberry","Lizard Tail","Letter Opener","Pantograph","Blood Vial"],"acts_visited":["Exordium","TheCity","TheBeyond","TheEnding"],"potions_floor_usage":[55],"damage_taken":[{"damage":0.0,"enemies":"Jaw Worm","floor":1.0,"turns":3.0},{"damage":2.0,"enemies":"Small Slimes","floor":3.0,"turns":2.0},{"damage":0.0,"enemies":"Gremlin Nob","floor":6.0,"turns":3.0},{"damage":0.0,"enemies":"Cultist","floor":8.0,"turns":3.0},{"damage":0.0,"enemies":"3 Sentries","floor":10.0,"turns":4.0},{"damage":0.0,"enemies":"Blue Slaver","floor":11.0,"turns":3.0},{"damage":0.0,"enemies":"Lagavulin","floor":12.0,"turns":4.0},{"damage":0.0,"enemies":"Looter","floor":13.0,"turns":2.0},{"damage":1.0,"enemies":"Red Slaver","floor":14.0,"turns":2.0},{"damage":0.0,"enemies":"The Guardian","floor":16.0,"turns":9.0},{"damage":0.0,"enemies":"Spheric Guardian","floor":18.0,"turns":3.0},{"damage":0.0,"enemies":"Chosen","floor":20.0,"turns":4.0},{"damage":0.0,"enemies":"Masked Bandits","floor":21.0,"turns":4.0},{"damage":1.0,"enemies":"Shelled Parasite and Fungi","floor":22.0,"turns":4.0},{"damage":6.0,"enemies":"Book of Stabbing","floor":24.0,"turns":4.0},{"damage":0.0,"enemies":"Snecko","floor":25.0,"turns":3.0},{"damage":5.0,"enemies":"Slavers","floor":27.0,"turns":8.0},{"damage":0.0,"enemies":"Centurion and Healer","floor":30.0,"turns":2.0},{"damage":0.0,"enemies":"Gremlin Leader","floor":31.0,"turns":4.0},{"damage":7.0,"enemies":"Collector","floor":33.0,"turns":8.0},{"damage":0.0,"enemies":"3 Shapes","floor":35.0,"turns":3.0},{"damage":0.0,"enemies":"Orb Walker","floor":36.0,"turns":2.0},{"damage":0.0,"enemies":"Mind Bloom Boss Battle","floor":37.0,"turns":5.0},{"damage":0.0,"enemies":"Reptomancer","floor":40.0,"turns":5.0},{"damage":0.0,"enemies":"Giant Head","floor":42.0,"turns":6.0},{"damage":0.0,"enemies":"Reptomancer","floor":45.0,"turns":3.0},{"damage":0.0,"enemies":"Giant Head","floor":47.0,"turns":4.0},{"damage":0.0,"enemies":"4 Shapes","floor":48.0,"turns":2.0},{"damage":4.0,"enemies":"Time Eater","floor":50.0,"turns":8.0},{"damage":0.0,"enemies":"Shield and Spear","floor":54.0,"turns":2.0},{"damage":19,"enemies":"The Heart","floor":55,"turns":6}],"seed_played":"2646566735400994561","potions_obtained":[{"floor":8.0,"key":"EssenceOfSteel"},{"floor":10.0,"key":"Block Potion"},{"floor":11.0,"key":"Energy Potion"},{"floor":21.0,"key":"CultistPotion"},{"floor":30.0,"key":"Dexterity Potion"},{"floor":36.0,"key":"DuplicationPotion"}],"is_trial":false,"path_per_floor":["M","?","M","?","T","E","R","M","T","E","M","E","M","M","R","B",null,"M","$","M","?","M","R","E","M","T","E","?","R","M","E","R","B",null,"M","M","?","?","?","E","R","E","T","$","E","R","E","M","R","B",null,"R","$","E","B",null],"character_chosen":"WATCHER","items_purchased":["Bottled Tornado","Panache+1","Toolbox","MentalFortress+1","ThirdEye+1"],"campfire_rested":0,"item_purchase_floors":[19,44,44,53,53],"current_hp_per_floor":[65,51,49,42,42,42,42,42,42,42,42,42,42,41,41,41,64,64,64,64,64,63,63,57,57,57,52,52,52,57,57,57,50,67,67,67,67,67,58,58,58,58,58,72,79,79,79,79,79,75,78,78,79,79,60],"gold":71,"neow_bonus":"BOSS_RELIC","is_daily":false,"chose_seed":false,"campfire_upgraded":5,"win_rate":0.0,"timestamp":1609292259,"path_taken":["M","?","M","?","?","E","R","M","T","E","?","E","M","M","R","BOSS","M","$","M","?","M","R","E","M","T","E","?","R","?","E","R","BOSS","M","M","?","?","?","E","R","E","T","$","E","R","E","M","R","BOSS","R","$","E","BOSS"],"items_purchased_type":["Relic","Card","Relic","Card","Card"],"build_version":"2020-12-22","purchased_purges":2,"victory":true,"max_hp_per_floor":[72,72,72,72,72,72,72,72,72,72,72,72,72,72,72,72,72,72,72,72,72,72,72,72,72,72,72,72,72,72,72,72,72,72,72,72,72,72,72,72,72,72,72,72,79,79,79,79,79,79,79,79,79,79,79],"relic_stats":{"Happy Flower":[34],"counters":[31,125],"Pen Nib":[11],"Bag of Preparation":[56],"Letter Opener":[123],"GoldenEye":[4],"Blood Vial":0,"Lizard Tail":0,"Ornamental Fan":[360],"Mummified Hand":[80],"Pantograph":0,"Pandora\u0027s Box":["FlurryOfBlows","DeceiveReality","Pray","BattleHymn","FlyingSleeves","FlyingSleeves","Vengeance","Nirvana"],"MealTicket":15,"Black Star":5,"obtain_stats":[{"Bag of Preparation":6,"Bottled Tornado":19,"Blood Vial":54,"Lizard Tail":47,"Mummified Hand":26,"Strawberry":45,"Pantograph":54,"Toolbox":44,"MealTicket":42,"Red Mask":21,"Toxic Egg 2":24,"Happy Flower":12,"Damaru":9,"Oddly Smooth Stone":10,"Pen Nib":40,"Letter Opener":47,"Frozen Egg 2":31,"GoldenEye":37,"Akabeko":28,"Du-Vu Doll":45,"Anchor":40,"Ornamental Fan":5,"Pandora\u0027s Box":0,"Coffee Dripper":17,"Black Star":34,"PureWater":0,"Toy Ornithopter":27,"TungstenRod":42},{"Bag of Preparation":3,"Bottled Tornado":11,"Blood Vial":30,"Lizard Tail":27,"Mummified Hand":16,"Strawberry":26,"Pantograph":30,"Toolbox":25,"MealTicket":25,"Red Mask":13,"Toxic Egg 2":15,"Happy Flower":7,"Damaru":4,"Oddly Smooth Stone":5,"Pen Nib":24,"Letter Opener":27,"Frozen Egg 2":19,"GoldenEye":23,"Akabeko":17,"Du-Vu Doll":26,"Anchor":24,"Ornamental Fan":2,"Pandora\u0027s Box":0,"Coffee Dripper":10,"Black Star":20,"PureWater":0,"Toy Ornithopter":17,"TungstenRod":25},{"Bag of Preparation":8,"Bottled Tornado":38,"Blood Vial":119,"Lizard Tail":107,"Mummified Hand":57,"Strawberry":103,"Pantograph":119,"Toolbox":100,"MealTicket":100,"Red Mask":46,"Toxic Egg 2":54,"Happy Flower":22,"Damaru":11,"Oddly Smooth Stone":15,"Pen Nib":94,"Letter Opener":107,"Frozen Egg 2":71,"GoldenEye":89,"Akabeko":65,"Du-Vu Doll":103,"Anchor":94,"Ornamental Fan":5,"Pandora\u0027s Box":0,"Coffee Dripper":35,"Black Star":79,"PureWater":0,"Toy Ornithopter":65,"TungstenRod":100}],"Toy Ornithopter":5,"TungstenRod":13},"card_choices":[{"not_picked":["Prostrate","CrushJoints"],"picked":"FlurryOfBlows","floor":1.0},{"not_picked":["FollowUp","FlyingSleeves","Pray"],"picked":"SKIP","floor":3.0},{"not_picked":["FollowUp","FlyingSleeves","Pray"],"picked":"SKIP","floor":3.0},{"not_picked":["CrushJoints","Study"],"picked":"EmptyBody","floor":6.0},{"not_picked":["Fasting2","FlurryOfBlows","CrushJoints"],"picked":"SKIP","floor":8.0},{"not_picked":["ThirdEye","EmptyFist","Consecrate"],"picked":"SKIP","floor":10.0},{"not_picked":["InnerPeace","ThirdEye"],"picked":"Adaptation","floor":11.0},{"not_picked":["SashWhip","Ragnarok"],"picked":"Adaptation","floor":12.0},{"not_picked":["Halt","Adaptation","CrushJoints"],"picked":"SKIP","floor":13.0},{"not_picked":["EmptyBody","Halt","Fasting2"],"picked":"SKIP","floor":14.0},{"not_picked":["ConjureBlade","Vault"],"picked":"LessonLearned","floor":16.0},{"not_picked":["Crescendo","Evaluate"],"picked":"Meditate","floor":18.0},{"not_picked":["ForeignInfluence","ThirdEye"],"picked":"Sanctity+1","floor":20.0},{"not_picked":["Weave+1","EmptyMind+1","ForeignInfluence"],"picked":"SKIP","floor":22.0},{"not_picked":["CrushJoints+1","EmptyBody+1","Swivel+1"],"picked":"SKIP","floor":24.0},{"not_picked":["Halt+1","Consecrate"],"picked":"Meditate+1","floor":25.0},{"not_picked":["Prostrate+1","Protect+1"],"picked":"MasterReality","floor":27.0},{"not_picked":["BowlingBash+1","Evaluate+1"],"picked":"Sanctity+1","floor":30.0},{"not_picked":["Fasting2+1","Weave","MasterReality+1"],"picked":"SKIP","floor":31.0},{"not_picked":["EmptyMind+1","SashWhip","FlurryOfBlows+1"],"picked":"SKIP","floor":35.0},{"not_picked":["Crescendo+1","SandsOfTime"],"picked":"Halt+1","floor":36.0},{"not_picked":["ThirdEye+1","EmptyFist","FlyingSleeves"],"picked":"SKIP","floor":40.0},{"not_picked":["Protect+1","PathToVictory+1"],"picked":"Establishment+1","floor":42.0},{"not_picked":["ThirdEye+1","Vengeance+1","ConjureBlade+1"],"picked":"SKIP","floor":45.0},{"not_picked":["EmptyMind+1","Weave+1","Conclude"],"picked":"SKIP","floor":47.0},{"not_picked":["Weave+1","Conclude"],"picked":"EmptyMind+1","floor":47.0},{"not_picked":["PathToVictory+1","BowlingBash"],"picked":"Tantrum","floor":48.0},{"not_picked":["ThirdEye+1","CrushJoints"],"picked":"Sanctity+1","floor":54.0}],"player_experience":1185059,"relics_obtained":[{"floor":5.0,"key":"Ornamental Fan"},{"floor":6.0,"key":"Bag of Preparation"},{"floor":9.0,"key":"Damaru"},{"floor":10.0,"key":"Oddly Smooth Stone"},{"floor":12.0,"key":"Happy Flower"},{"floor":21.0,"key":"Red Mask"},{"floor":24.0,"key":"Toxic Egg 2"},{"floor":26.0,"key":"Mummified Hand"},{"floor":27.0,"key":"Toy Ornithopter"},{"floor":28.0,"key":"Akabeko"},{"floor":31.0,"key":"Frozen Egg 2"},{"floor":37.0,"key":"GoldenEye"},{"floor":40.0,"key":"Pen Nib"},{"floor":40.0,"key":"Anchor"},{"floor":42.0,"key":"TungstenRod"},{"floor":42.0,"key":"MealTicket"},{"floor":45.0,"key":"Du-Vu Doll"},{"floor":45.0,"key":"Strawberry"},{"floor":47.0,"key":"Lizard Tail"},{"floor":47.0,"key":"Letter Opener"},{"floor":54.0,"key":"Pantograph"},{"floor":54.0,"key":"Blood Vial"}],"event_choices":[{"damage_healed":0.0,"max_hp_gain":0.0,"max_hp_loss":0.0,"gold_gain":0.0,"event_name":"Shining Light","player_choice":"Entered Light","floor":2.0,"gold_loss":0.0,"damage_taken":14.0,"cards_upgraded":["Vigilance","BattleHymn"]},{"cards_removed":["Pray"],"damage_healed":0.0,"max_hp_gain":0.0,"max_hp_loss":0.0,"gold_gain":0.0,"event_name":"Golden Wing","player_choice":"Card Removal","floor":4.0,"gold_loss":0.0,"damage_taken":7.0},{"damage_healed":0.0,"max_hp_gain":0.0,"max_hp_loss":0.0,"gold_gain":0.0,"event_name":"Masked Bandits","player_choice":"Fought Bandits","floor":21.0,"gold_loss":0.0,"damage_taken":0.0},{"damage_healed":0.0,"max_hp_gain":0.0,"max_hp_loss":0.0,"gold_gain":0.0,"event_name":"Wheel of Change","player_choice":"Relic","floor":28.0,"gold_loss":0.0,"damage_taken":0.0},{"damage_healed":0.0,"max_hp_gain":0.0,"max_hp_loss":0.0,"gold_gain":0.0,"event_name":"MindBloom","player_choice":"Fight","floor":37.0,"gold_loss":0.0,"damage_taken":0.0},{"cards_removed":["FlyingSleeves"],"damage_healed":0.0,"max_hp_gain":0.0,"max_hp_loss":0.0,"gold_gain":0.0,"event_name":"Falling","player_choice":"Removed Attack","floor":38.0,"gold_loss":0.0,"damage_taken":0.0},{"damage_healed":0.0,"max_hp_gain":0.0,"max_hp_loss":0.0,"gold_gain":0.0,"event_name":"Winding Halls","player_choice":"Embrace Madness","floor":39.0,"gold_loss":0.0,"damage_taken":9.0,"cards_obtained":["Madness","Madness"]}],"is_beta":false,"boss_relics":[{"not_picked":["SacredBark","SlaversCollar"],"picked":"Coffee Dripper"},{"not_picked":["Busted Crown","Runic Pyramid"],"picked":"Black Star"}],"items_purged_floors":[19,44],"is_endless":false,"potions_floor_spawned":[8,10,11,12,13,21,24,25,30,36,40,42,48],"ascension_level":13}}