{"host":"0cgp910o8339lr91","time":1609319743,"event":{"mods":["BaseMod","Colored Map","Filter the Spire","Minty Spire (QoL Compilation)","Relic Stats","Slay-I","ojb\u0027s Better Paths Mod","ojb\u0027s Info Mod"],"gold_per_floor":[111,122,140,153,153,188,188,221,248,262,295,314,334,363,363,435,435,449,468,468,41,41,70,70,70,70,99,99,430,430,458,458,530,530,541,541,559,573,587,616,616,282,282,282,309,156,184,196,196,196,196,196,1,33,33],"floor_reached":56,"playtime":8459,"items_purged":["Eruption","Devotion","PathToVictory"],"score":2550,"play_id":"e530b39f-84b9-471d-8e3b-e37b336b59d1","local_time":"20201230101543","is_ascension_mode":true,"campfire_choices":[{"data":"LikeWater","floor":7.0,"key":"SMITH"},{"data":"Adaptation","floor":15.0,"key":"SMITH"},{"data":"LikeWater","floor":24.0,"key":"SMITH"},{"floor":28.0,"key":"REST"},{"data":"LikeWater","floor":30.0,"key":"SMITH"},{"data":"Meditate","floor":32.0,"key":"SMITH"},{"floor":41.0,"key":"DIG"},{"floor":44.0,"key":"DIG"},{"floor":49.0,"key":"RECALL"},{"floor":52.0,"key":"DIG"}],"circlet_count":0,"master_deck":["AscendersBane","Protect","Meditate+1","LikeWater+1","DeceiveReality","Adaptation+1","BattleHymn","LikeWater+1","InnerPeace","EmptyMind","LikeWater+1","LikeWater","Tantrum","LikeWater","Alpha","Meditate","Establishment","MentalFortress","Tantrum","Alpha","DeceiveReality","Doubt","Adaptation"],"relics":["Pandora\u0027s Box","Pen Nib","Smiling Mask","Happy Flower","Bronze Scales","Boot","VioletLotus","Membership Card","Orichalcum","HornCleat","Strawberry","Oddly Smooth Stone","Shuriken","Old Coin","Matryoshka","Cursed Key","Shovel","Torii","MealTicket","Lee\u0027s Waffle","Bag of Marbles","Letter Opener","Centennial Puzzle","Kunai","Potion Belt","Mummified Hand","InkBottle","Medical Kit","Bag of Preparation","Mercury Hourglass"],"acts_visited":["Exordium","TheCity","TheBeyond","TheEnding"],"potions_floor_usage":[],"damage_taken":[{"damage":1.0,"enemies":"2 Louse","floor":1.0,"turns":4.0},{"damage":0.0,"enemies":"Cultist","floor":2.0,"turns":4.0},{"damage":0.0,"enemies":"Small Slimes","floor":3.0,"turns":3.0},{"damage":5.0,"enemies":"Exordium Wildlife","floor":4.0,"turns":6.0},{"damage":12.0,"enemies":"3 Sentries","floor":6.0,"turns":6.0},{"damage":6.0,"enemies":"Gremlin Nob","floor":8.0,"turns":5.0},{"damage":13.0,"enemies":"Gremlin Gang","floor":10.0,"turns":5.0},{"damage":0.0,"enemies":"3 Sentries","floor":11.0,"turns":6.0},{"damage":2.0,"enemies":"3 Louse","floor":12.0,"turns":4.0},{"damage":0.0,"enemies":"Looter","floor":13.0,"turns":3.0},{"damage":1.0,"enemies":"Gremlin Nob","floor":14.0,"turns":5.0},{"damage":11.0,"enemies":"Slime Boss","floor":16.0,"turns":5.0},{"damage":0.0,"enemies":"Shell Parasite","floor":18.0,"turns":5.0},{"damage":8.0,"enemies":"2 Thieves","floor":19.0,"turns":4.0},{"damage":26.0,"enemies":"Gremlin Leader","floor":23.0,"turns":7.0},{"damage":0.0,"enemies":"Slavers","floor":27.0,"turns":7.0},{"damage":0.0,"enemies":"Book of Stabbing","floor":29.0,"turns":7.0},{"damage":27.0,"enemies":"Slavers","floor":31.0,"turns":6.0},{"damage":0.0,"enemies":"Automaton","floor":33.0,"turns":5.0},{"damage":0.0,"enemies":"3 Darklings","floor":35.0,"turns":4.0},{"damage":0.0,"enemies":"Orb Walker","floor":37.0,"turns":4.0},{"damage":0.0,"enemies":"3 Darklings","floor":38.0,"turns":5.0},{"damage":33.0,"enemies":"4 Shapes","floor":39.0,"turns":4.0},{"damage":14.0,"enemies":"Reptomancer","floor":40.0,"turns":8.0},{"damage":0.0,"enemies":"Giant Head","floor":45.0,"turns":7.0},{"damage":0.0,"enemies":"Nemesis","floor":47.0,"turns":7.0},{"damage":0.0,"enemies":"Maw","floor":48.0,"turns":7.0},{"damage":31.0,"enemies":"Awakened One","floor":50.0,"turns":8.0},{"damage":13.0,"enemies":"Shield and Spear","floor":54.0,"turns":3.0},{"damage":43,"enemies":"The Heart","floor":55,"turns":7}],"seed_played":"8140156082396685551","potions_obtained":[{"floor":1.0,"key":"BottledMiracle"},{"floor":2.0,"key":"ColorlessPotion"},{"floor":11.0,"key":"StancePotion"},{"floor":13.0,"key":"LiquidMemories"},{"floor":16.0,"key":"BlessingOfTheForge"},{"floor":23.0,"key":"BottledMiracle"},{"floor":31.0,"key":"SkillPotion"},{"floor":33.0,"key":"Regen Potion"},{"floor":39.0,"key":"CultistPotion"},{"floor":54.0,"key":"Explosive Potion"}],"is_trial":false,"path_per_floor":["M","M","M","M","?","E","R","E","T","M","E","M","M","E","R","B",null,"M","M","?","$","?","E","R","?","T","E","R","E","R","E","R","B",null,"M","?","M","M","M","E","R","$","T","R","E","$","E","M","R","B",null,"R","$","E","B",null],"character_chosen":"WATCHER","items_purchased":["Membership Card","Orichalcum","HornCleat","PowerPotion","Lee\u0027s Waffle","Bag of Marbles","Tantrum","Alpha","DeceiveReality","Potion Belt","ColorlessPotion","Medical Kit","Bag of Preparation","Adaptation"],"campfire_rested":1,"item_purchase_floors":[21,21,21,21,42,42,42,42,42,46,46,53,53,53],"current_hp_per_floor":[60,60,60,55,68,56,56,50,50,37,37,35,35,34,34,23,57,57,49,49,49,49,30,30,9,9,9,33,33,33,6,6,6,62,62,62,62,62,29,15,15,87,87,87,87,87,87,87,87,71,83,83,87,74,31],"gold":33,"neow_bonus":"BOSS_RELIC","is_daily":false,"chose_seed":false,"campfire_upgraded":5,"win_rate":0.0,"timestamp":1609319743,"path_taken":["M","M","M","M","?","E","R","E","T","M","E","M","?","E","R","BOSS","M","M","?","$","?","E","R","?","T","E","R","E","R","E","R","BOSS","M","?","?","M","M","E","R","$","T","R","E","$","E","M","R","BOSS","R","$","E","BOSS"],"items_purchased_type":["Relic","Relic","Relic","Potion","Relic","Relic","Card","Card","Card","Relic","Potion","Relic","Relic","Card"],"build_version":"2020-12-22","purchased_purges":3,"victory":true,"max_hp_per_floor":[68,68,68,68,68,68,68,68,68,68,68,68,68,68,68,68,68,68,68,68,68,68,75,75,80,80,80,80,80,80,80,80,80,80,80,80,80,80,80,80,80,87,87,87,87,87,87,87,87,87,87,87,87,87,87],"relic_stats":{"Lee\u0027s Waffle":57,"Happy Flower":[44],"Torii":11,"counters":[30,161],"Pen Nib":[19],"Bag of Preparation":[4],"Letter Opener":[195],"Orichalcum":[216],"Smiling Mask":1,"Boot":[295],"Cursed Key":1,"Medical Kit":[4],"Mercury Hourglass":[21],"Centennial Puzzle":[9],"Shovel":3,"Shuriken":[32],"Mummified Hand":[54],"Bronze Scales":[546],"Pandora\u0027s Box":["Protect","Meditate","LikeWater","Collect","FollowUp","DeceiveReality","Adaptation","BattleHymn"],"MealTicket":19,"VioletLotus":[90],"Kunai":[24],"obtain_stats":[{"Torii":40,"Bag of Preparation":53,"Smiling Mask":8,"Boot":14,"Cursed Key":34,"Old Coin":29,"Centennial Puzzle":44,"HornCleat":21,"Matryoshka":31,"Shovel":36,"Mummified Hand":47,"Strawberry":23,"MealTicket":41,"VioletLotus":17,"Kunai":45,"InkBottle":52,"Potion Belt":46,"Lee\u0027s Waffle":42,"Happy Flower":9,"Oddly Smooth Stone":26,"Pen Nib":6,"Letter Opener":43,"Orichalcum":21,"Medical Kit":53,"Mercury Hourglass":54,"Shuriken":27,"Bronze Scales":11,"Pandora\u0027s Box":0,"Bag of Marbles":42,"Membership Card":21,"PureWater":0},{"Torii":24,"Bag of Preparation":28,"Smiling Mask":6,"Boot":11,"Cursed Key":19,"Old Coin":17,"Centennial Puzzle":24,"HornCleat":14,"Matryoshka":18,"Shovel":20,"Mummified Hand":26,"Strawberry":15,"MealTicket":24,"VioletLotus":12,"Kunai":25,"InkBottle":28,"Potion Belt":25,"Lee\u0027s Waffle":24,"Happy Flower":6,"Oddly Smooth Stone":15,"Pen Nib":5,"Letter Opener":24,"Orichalcum":14,"Medical Kit":28,"Mercury Hourglass":29,"Shuriken":16,"Bronze Scales":8,"Pandora\u0027s Box":0,"Bag of Marbles":24,"Membership Card":14,"PureWater":0},{"Torii":122,"Bag of Preparation":151,"Smiling Mask":28,"Boot":51,"Cursed Key":97,"Old Coin":86,"Centennial Puzzle":122,"HornCleat":65,"Matryoshka":92,"Shovel":101,"Mummified Hand":136,"Strawberry":72,"MealTicket":122,"VioletLotus":56,"Kunai":129,"InkBottle":151,"Potion Belt":129,"Lee\u0027s Waffle":122,"Happy Flower":28,"Oddly Smooth Stone":72,"Pen Nib":23,"Letter Opener":122,"Orichalcum":65,"Medical Kit":151,"Mercury Hourglass":154,"Shuriken":79,"Bronze Scales":39,"Pandora\u0027s Box":0,"Bag of Marbles":122,"Membership Card":65,"PureWater":0}],"InkBottle":[11]},"card_choices":[{"not_picked":["WheelKick","Evaluate"],"picked":"LikeWater","floor":1.0},{"not_picked":["Prostrate","FollowUp","SashWhip"],"picked":"SKIP","floor":2.0},{"not_picked":["ThirdEye","BattleHymn"],"picked":"InnerPeace","floor":3.0},{"not_picked":["Perseverance","EmptyFist"],"picked":"EmptyMind","floor":4.0},{"not_picked":["FollowUp","Crescendo","SashWhip"],"picked":"SKIP","floor":6.0},{"not_picked":["CutThroughFate","Tantrum"],"picked":"LikeWater","floor":8.0},{"not_picked":["EmptyFist","Adaptation"],"picked":"LikeWater","floor":10.0},{"not_picked":["Consecrate","Evaluate","FollowUp"],"picked":"SKIP","floor":11.0},{"not_picked":["PathToVictory","WreathOfFlame"],"picked":"Tantrum","floor":12.0},{"not_picked":["JustLucky","ClearTheMind","Adaptation"],"picked":"SKIP","floor":13.0},{"not_picked":["Weave","CrushJoints"],"picked":"LikeWater","floor":14.0},{"not_picked":["Vault","Brilliance"],"picked":"Alpha","floor":16.0},{"not_picked":["Prostrate","ThirdEye","Halt"],"picked":"SKIP","floor":18.0},{"not_picked":["FearNoEvil","Evaluate","Sanctity"],"picked":"SKIP","floor":19.0},{"not_picked":["Brilliance","WheelKick","SashWhip"],"picked":"SKIP","floor":23.0},{"not_picked":["Prostrate","ThirdEye","Perseverance"],"picked":"SKIP","floor":27.0},{"not_picked":["FollowUp","JustLucky"],"picked":"Meditate","floor":29.0},{"not_picked":["Pray","FlurryOfBlows"],"picked":"Establishment","floor":31.0},{"not_picked":["Evaluate","WheelKick+1","EmptyBody"],"picked":"SKIP","floor":35.0},{"not_picked":["Consecrate+1","Conclude","FearNoEvil+1"],"picked":"SKIP","floor":37.0},{"not_picked":["SashWhip","WheelKick","FlyingSleeves+1"],"picked":"SKIP","floor":38.0},{"not_picked":["FollowUp","Weave","ClearTheMind+1"],"picked":"SKIP","floor":39.0},{"not_picked":["Collect","Halt"],"picked":"MentalFortress","floor":40.0},{"not_picked":["WaveOfTheHand","Prostrate","DevaForm"],"picked":"SKIP","floor":45.0},{"not_picked":["CutThroughFate","Indignation","DeceiveReality"],"picked":"SKIP","floor":47.0},{"not_picked":["ClearTheMind","Crescendo","FlyingSleeves"],"picked":"SKIP","floor":48.0},{"not_picked":["FollowUp","PathToVictory+1","Collect"],"picked":"SKIP","floor":54.0}],"player_experience":1209504,"relics_obtained":[{"floor":6.0,"key":"Pen Nib"},{"floor":8.0,"key":"Smiling Mask"},{"floor":9.0,"key":"Happy Flower"},{"floor":11.0,"key":"Bronze Scales"},{"floor":14.0,"key":"Boot"},{"floor":23.0,"key":"Strawberry"},{"floor":26.0,"key":"Oddly Smooth Stone"},{"floor":27.0,"key":"Shuriken"},{"floor":29.0,"key":"Old Coin"},{"floor":31.0,"key":"Matryoshka"},{"floor":40.0,"key":"Torii"},{"floor":41.0,"key":"MealTicket"},{"floor":43.0,"key":"Letter Opener"},{"floor":44.0,"key":"Centennial Puzzle"},{"floor":45.0,"key":"Kunai"},{"floor":47.0,"key":"Mummified Hand"},{"floor":52.0,"key":"InkBottle"},{"floor":54.0,"key":"Mercury Hourglass"}],"event_choices":[{"cards_removed":["Collect"],"damage_healed":13.0,"max_hp_gain":0.0,"max_hp_loss":0.0,"gold_gain":0.0,"event_name":"Bonfire Elementals","player_choice":"Offered Uncommon","floor":5.0,"gold_loss":0.0,"damage_taken":0.0},{"damage_healed":0.0,"max_hp_gain":0.0,"max_hp_loss":0.0,"gold_gain":0.0,"event_name":"Vampires","player_choice":"Ignored","floor":20.0,"gold_loss":0.0,"damage_taken":0.0},{"damage_healed":0.0,"max_hp_gain":0.0,"max_hp_loss":0.0,"gold_gain":0.0,"cards_transformed":["Vigilance","FollowUp"],"event_name":"Drug Dealer","player_choice":"Became Test Subject","floor":22.0,"gold_loss":0.0,"damage_taken":0.0,"cards_obtained":["Devotion","PathToVictory"]},{"damage_healed":0.0,"max_hp_gain":5.0,"max_hp_loss":0.0,"gold_gain":0.0,"event_name":"Forgotten Altar","player_choice":"Shed Blood","floor":25.0,"gold_loss":0.0,"damage_taken":26.0},{"damage_healed":0.0,"max_hp_gain":0.0,"max_hp_loss":0.0,"gold_gain":0.0,"event_name":"WeMeetAgain","player_choice":"Gave Potion","floor":36.0,"gold_loss":0.0,"damage_taken":0.0,"relics_obtained":["Shovel"]}],"is_beta":false,"boss_relics":[{"not_picked":["Runic Dome","Ectoplasm"],"picked":"VioletLotus"},{"not_picked":["SacredBark","Astrolabe"],"picked":"Cursed Key"}],"items_purged_floors":[21,42,46],"is_endless":false,"potions_floor_spawned":[1,2,11,13,16,23,31,33,39,40,54],"ascension_level":15}}