{"host":"ab2s6ezjqdgtrlyf","time":1609335212,"event":{"mods":["BaseMod","Colored Map","Highlight Path","Minty Spire (QoL Compilation)","Quick Restart","Relic Stats","Spicy Shops","StSLib","Waifu the Spire","vexMod","¡¾ÒÅÎï¿¨ÅÆ¡¿REMEMod"],"gold_per_floor":[110,185,110,110,126,126,156,174,200,48,66,66,66,82,82,156,156,168,168,93,93,93,93,111,111,187,187,16,30,49,49,49,123,123,138,138,13,27,40,40,72,72,72,72,85,105,158,158,158,158],"floor_reached":51,"playtime":1375,"items_purged":["Strike_P","Strike_P","Defend_P"],"score":1403,"play_id":"265e93ae-4008-4b42-9200-eedac39c1357","local_time":"20201230213332","is_ascension_mode":true,"campfire_choices":[{"data":"Eruption","floor":6.0,"key":"SMITH"},{"data":"Wallop","floor":15.0,"key":"SMITH"},{"data":"Vigilance","floor":23.0,"key":"SMITH"},{"data":"Tantrum","floor":25.0,"key":"SMITH"},{"data":"Defend_P","floor":27.0,"key":"SMITH"},{"data":"Adaptation","floor":32.0,"key":"SMITH"},{"data":"Scrawl","floor":40.0,"key":"SMITH"},{"floor":49.0,"key":"REST"}],"circlet_count":0,"master_deck":["AscendersBane","Defend_P+1","Eruption+1","Vigilance+1","FearNoEvil+1","FlyingSleeves+1","Wallop+1","Tantrum+1","Adaptation+1","Evaluate+1","CrushJoints+1"],"relics":["PureWater","REME_ComplimentaryCards","NeowsBlessing","Toy Ornithopter","Happy Flower","Velvet Choker","CaptainsWheel","Pantograph","REME_DuelDisc","vexMod:RetaliationKit","HornCleat","Dead Branch"],"acts_visited":["Exordium","TheCity","TheBeyond"],"potions_floor_usage":[50],"damage_taken":[{"damage":0.0,"enemies":"Small Slimes","floor":1.0,"turns":1.0},{"damage":0.0,"enemies":"2 Louse","floor":5.0,"turns":2.0},{"damage":0.0,"enemies":"Lagavulin","floor":7.0,"turns":1.0},{"damage":2.0,"enemies":"Jaw Worm","floor":8.0,"turns":2.0},{"damage":3.0,"enemies":"Blue Slaver","floor":11.0,"turns":4.0},{"damage":0.0,"enemies":"Looter","floor":14.0,"turns":2.0},{"damage":14.0,"enemies":"Hexaghost","floor":16.0,"turns":8.0},{"damage":3.0,"enemies":"2 Thieves","floor":18.0,"turns":2.0},{"damage":0.0,"enemies":"Chosen","floor":24.0,"turns":3.0},{"damage":9.0,"enemies":"Centurion and Healer","floor":29.0,"turns":3.0},{"damage":0.0,"enemies":"Snake Plant","floor":30.0,"turns":3.0},{"damage":44.0,"enemies":"Collector","floor":33.0,"turns":8.0},{"damage":0.0,"enemies":"Orb Walker","floor":35.0,"turns":2.0},{"damage":0.0,"enemies":"3 Darklings","floor":38.0,"turns":3.0},{"damage":0.0,"enemies":"Maw","floor":39.0,"turns":5.0},{"damage":0.0,"enemies":"Reptomancer","floor":41.0,"turns":4.0},{"damage":0.0,"enemies":"Jaw Worm Horde","floor":45.0,"turns":2.0},{"damage":0.0,"enemies":"Sphere and 2 Shapes","floor":46.0,"turns":3.0},{"damage":0.0,"enemies":"2 Orb Walkers","floor":47.0,"turns":2.0},{"damage":32,"enemies":"Donu and Deca","floor":50,"turns":6}],"seed_played":"-5888285751882301882","potions_obtained":[{"floor":14.0,"key":"Block Potion"},{"floor":16.0,"key":"Weak Potion"},{"floor":24.0,"key":"Weak Potion"},{"floor":29.0,"key":"Ambrosia"},{"floor":35.0,"key":"Ambrosia"}],"is_trial":false,"path_per_floor":["M","?","?","?","M","R","E","M","T","$","M","?","?","M","R","B",null,"M","?","?","T","$","R","M","R","T","R","$","M","M","$","R","B",null,"M","?","$","M","M","R","E","?","T","?","M","M","?","?","R","B",null],"character_chosen":"WATCHER","items_purchased":["Tantrum","Adaptation"],"campfire_rested":1,"item_purchase_floors":[10,28],"current_hp_per_floor":[61,50,50,50,50,50,50,48,48,48,45,45,25,25,25,11,54,51,51,51,51,51,51,56,56,56,56,56,47,47,47,47,24,57,57,53,53,53,53,53,53,53,53,53,53,53,53,43,63,41],"gold":158,"neow_bonus":"THREE_ENEMY_KILL","is_daily":false,"chose_seed":false,"campfire_upgraded":7,"win_rate":0.0,"timestamp":1609335212,"path_taken":["M","?","?","?","M","R","E","M","T","$","?","?","?","M","R","BOSS","M","?","?","?","$","R","M","R","T","R","$","M","?","?","R","BOSS","M","?","$","?","M","R","E","?","T","?","M","M","?","?","R","BOSS"],"items_purchased_type":["Card","Card"],"build_version":"2020-12-22","purchased_purges":3,"victory":true,"max_hp_per_floor":[68,68,68,68,68,68,68,68,68,68,68,68,68,68,68,68,68,68,68,68,68,68,68,68,68,68,68,68,68,68,68,68,68,68,68,68,68,68,68,68,68,68,68,68,68,68,68,68,68,68],"relic_stats":{"Happy Flower":[20],"counters":[20,66],"Pantograph":26,"Dead Branch":[6],"obtain_stats":[{"CaptainsWheel":21,"HornCleat":43,"NeowsBlessing":0,"Happy Flower":9,"Pantograph":26,"Dead Branch":47,"Velvet Choker":17,"REME_DuelDisc":34,"PureWater":0,"vexMod:RetaliationKit":41,"Toy Ornithopter":7,"REME_ComplimentaryCards":0},{"CaptainsWheel":8,"HornCleat":16,"NeowsBlessing":0,"Happy Flower":4,"Pantograph":9,"Dead Branch":19,"Velvet Choker":7,"REME_DuelDisc":12,"PureWater":0,"vexMod:RetaliationKit":16,"Toy Ornithopter":3,"REME_ComplimentaryCards":0},{"CaptainsWheel":22,"HornCleat":53,"NeowsBlessing":0,"Happy Flower":6,"Pantograph":25,"Dead Branch":60,"Velvet Choker":20,"REME_DuelDisc":39,"PureWater":0,"vexMod:RetaliationKit":53,"Toy Ornithopter":4,"REME_ComplimentaryCards":0}],"Toy Ornithopter":10},"card_choices":[{"not_picked":["CrushJoints","Crescendo"],"picked":"FearNoEvil","floor":1.0},{"not_picked":["CutThroughFate","Halt","CrushJoints"],"picked":"SKIP","floor":5.0},{"not_picked":["ClearTheMind","EmptyBody"],"picked":"FlyingSleeves","floor":7.0},{"not_picked":["Tantrum","BowlingBash"],"picked":"Wallop","floor":8.0},{"not_picked":["Protect","Consecrate","EmptyFist"],"picked":"SKIP","floor":11.0},{"not_picked":["Wireheading","BowlingBash","REME_MusicOfDeath"],"picked":"SKIP","floor":14.0},{"not_picked":["Halt","Crescendo","CutThroughFate"],"picked":"SKIP","floor":18.0},{"not_picked":["Weave","Study","Judgement"],"picked":"SKIP","floor":24.0},{"not_picked":["WindmillStrike","Weave","ForeignInfluence"],"picked":"SKIP","floor":29.0},{"not_picked":["FlurryOfBlows","PathToVictory","CutThroughFate"],"picked":"SKIP","floor":30.0},{"not_picked":["MasterReality","REME_EmptyShield"],"picked":"Scrawl","floor":33.0},{"not_picked":["Crescendo","EmptyBody"],"picked":"Evaluate+1","floor":35.0},{"not_picked":["SashWhip","CutThroughFate","EmptyBody+1"],"picked":"SKIP","floor":38.0},{"not_picked":["ThirdEye","SignatureMove","WreathOfFlame"],"picked":"SKIP","floor":39.0},{"not_picked":["Vengeance","SashWhip"],"picked":"CrushJoints+1","floor":41.0},{"not_picked":["REME_MusicOfDeath","DeceiveReality","BowlingBash+1"],"picked":"SKIP","floor":45.0},{"not_picked":["CutThroughFate","Adaptation","EmptyBody+1"],"picked":"SKIP","floor":46.0}],"player_experience":651332,"relics_obtained":[{"floor":7.0,"key":"Toy Ornithopter"},{"floor":9.0,"key":"Happy Flower"},{"floor":21.0,"key":"CaptainsWheel"},{"floor":26.0,"key":"Pantograph"},{"floor":41.0,"key":"vexMod:RetaliationKit"},{"floor":43.0,"key":"HornCleat"},{"floor":47.0,"key":"Dead Branch"}],"event_choices":[{"damage_healed":0.0,"max_hp_gain":0.0,"max_hp_loss":0.0,"gold_gain":75.0,"event_name":"World of Goop","player_choice":"Gather Gold","floor":2.0,"gold_loss":0.0,"damage_taken":11.0},{"cards_removed":["Defend_P"],"damage_healed":0.0,"max_hp_gain":0.0,"max_hp_loss":0.0,"gold_gain":0.0,"event_name":"The Cleric","player_choice":"Card Removal","floor":3.0,"gold_loss":75.0,"damage_taken":0.0},{"cards_removed":["Strike_P"],"damage_healed":0.0,"max_hp_gain":0.0,"max_hp_loss":0.0,"gold_gain":0.0,"event_name":"Living Wall","player_choice":"Forget","floor":12.0,"gold_loss":0.0,"damage_taken":0.0},{"damage_healed":0.0,"max_hp_gain":0.0,"max_hp_loss":0.0,"gold_gain":0.0,"event_name":"Shining Light","player_choice":"Entered Light","floor":13.0,"gold_loss":0.0,"damage_taken":20.0,"cards_upgraded":["FlyingSleeves","FearNoEvil"]},{"damage_healed":0.0,"max_hp_gain":0.0,"max_hp_loss":0.0,"gold_gain":0.0,"event_name":"Vampires","player_choice":"Ignored","floor":19.0,"gold_loss":0.0,"damage_taken":0.0},{"cards_removed":["Defend_P"],"damage_healed":0.0,"max_hp_gain":0.0,"max_hp_loss":0.0,"gold_gain":0.0,"event_name":"Beggar","player_choice":"Gave Gold","floor":20.0,"gold_loss":75.0,"damage_taken":0.0},{"damage_healed":0.0,"max_hp_gain":0.0,"max_hp_loss":0.0,"gold_gain":0.0,"event_name":"The Woman in Blue","player_choice":"Bought 0 Potions","floor":36.0,"gold_loss":0.0,"damage_taken":0.0},{"damage_healed":0.0,"max_hp_gain":0.0,"max_hp_loss":0.0,"gold_gain":0.0,"event_name":"SensoryStone","player_choice":"Memory 1","floor":42.0,"gold_loss":0.0,"damage_taken":0.0},{"cards_removed":["Scrawl"],"damage_healed":0.0,"max_hp_gain":0.0,"max_hp_loss":0.0,"gold_gain":0.0,"event_name":"Falling","player_choice":"Removed Skill","floor":44.0,"gold_loss":0.0,"damage_taken":0.0},{"damage_healed":0.0,"max_hp_gain":0.0,"max_hp_loss":0.0,"gold_gain":0.0,"event_name":"Mysterious Sphere","player_choice":"Fight","floor":47.0,"gold_loss":0.0,"damage_taken":0.0},{"damage_healed":0.0,"max_hp_gain":0.0,"max_hp_loss":0.0,"gold_gain":0.0,"event_name":"Wheel of Change","player_choice":"Damaged","floor":48.0,"gold_loss":0.0,"damage_taken":10.0}],"is_beta":false,"boss_relics":[{"not_picked":["Astrolabe","vexMod:NewClearReactor"],"picked":"Velvet Choker"},{"not_picked":["Empty Cage","REME_DemonsWealth"],"picked":"REME_DuelDisc"}],"items_purged_floors":[10,28,37],"is_endless":false,"potions_floor_spawned":[14,16,24,29,30,33,35,41,45],"ascension_level":15}}