{"host":"tnhjz9cb8p0320p2","time":1609302994,"event":{"mods":["BaseMod","Better Third Choice","Downfall","Hermit","Marisa????????","Minty Spire (QoL Compilation)","Relic Stats","Replay The Spire","Shade Mod","StSLib","The Construct","The Cursed","The Jungle","The Runesmith"],"gold_per_floor":[117,166,32,50,50,50,83,83,128,155,155,155,189,200,200,279,279,290,305,39,55,55,55,55,87,87,87,59,84,97,129,129,100,100,115,1114,1114,1127,10,39,58,58,58,23,23,51,51,99,99,99,99],"floor_reached":50,"playtime":3426,"items_purged":["Normality"],"score":1240,"play_id":"783099ac-6789-40e0-9dd3-e0a0a542394e","local_time":"20201229223634","is_ascension_mode":true,"campfire_choices":[{"data":"Neutralize","floor":6,"key":"SMITH"},{"data":"Bullet Time","floor":8,"key":"SMITH"},{"floor":11,"key":"REST"},{"floor":15,"key":"REST"},{"floor":23,"key":"REST"},{"floor":27,"key":"REST"},{"floor":32,"key":"REST"},{"floor":42,"key":"REST"},{"floor":49,"key":"RECALL"}],"circlet_count":0,"master_deck":["AscendersBane","Strike_G","Strike_G","Strike_G","Strike_G","Strike_G","Defend_G","Defend_G","Defend_G","Defend_G","Defend_G","Survivor","Neutralize+1","AbeCurse","Blade Dance","Noxious Fumes","expansioncontent:DefensiveMode+1","Infinite Blades","Bullet Time+1","ReplayTheSpireMod:Tripwire","Noxious Fumes","Night Terror","Catalyst","Sadistic Nature","PiercingWail","ReplayTheSpireMod:Tripwire","Dodge and Roll","Dash","Caltrops","Wraith Form v2","Terror+1","Normality","Draining Mist+1","Replay:SS_hec_4","Infinite Blades","Wraith Form v2","Noxious Fumes","Accuracy","Caltrops","Caltrops","Caltrops","Fluid Movement","Noxious Fumes+1","Prepared+1","ReplayTheSpireMod:Necrosis","Voices","Bouncing Flask+1"],"relics":["Abe\u0027s Treasure","Bag of Preparation","ReplayTheSpireMod:Shallot","Replay:Wax Seal","hexamod:BolsterEngine","betterThird:SlimedRelic","Singing Bowl","construct:ClawGrip","The Courier","Replay:Rubber Ducky","Strange Spoon","Sundial","White Beast Statue","Snecko Eye","Potion Belt","ReplayFunnel","Shuriken","Regal Pillow","StoneCalendar","Ring of Fangs","Ring of Misfortune","Incense Burner"],"acts_visited":["Exordium","Exordium","TheBeyond"],"potions_floor_usage":[7,16,25,41,46,50,50],"damage_taken":[{"damage":9,"enemies":"Cultist","floor":1,"turns":5},{"damage":0,"enemies":"Jaw Worm","floor":4,"turns":4},{"damage":12,"enemies":"3 Sentries","floor":7,"turns":5},{"damage":20,"enemies":"Lagavulin","floor":10,"turns":8},{"damage":4,"enemies":"3 Sentries","floor":13,"turns":7},{"damage":0,"enemies":"Small Slimes","floor":14,"turns":4},{"damage":7,"enemies":"Hexaghost","floor":16,"turns":10},{"damage":18,"enemies":"theJungle:GiantWrat","floor":18,"turns":6},{"damage":13,"enemies":"theJungle:5_Spyders","floor":19,"turns":7},{"damage":7,"enemies":"theJungle:Lyon","floor":21,"turns":5},{"damage":34,"enemies":"theJungle:MamaSnecko","floor":25,"turns":7},{"damage":3,"enemies":"theJungle:Cassacara","floor":29,"turns":9},{"damage":10,"enemies":"Snake Plant","floor":30,"turns":7},{"damage":12,"enemies":"theJungle:2_Phrogs","floor":31,"turns":6},{"damage":10,"enemies":"theJungle:TotemBoss","floor":33,"turns":8},{"damage":0,"enemies":"3 Darklings","floor":35,"turns":5},{"damage":0,"enemies":"3 Shapes","floor":38,"turns":5},{"damage":40,"enemies":"Giant Head","floor":40,"turns":10},{"damage":0,"enemies":"Jaw Worm Horde","floor":41,"turns":6},{"damage":55,"enemies":"Reptomancer","floor":46,"turns":7},{"damage":0,"enemies":"2 Orb Walkers","floor":48,"turns":6},{"damage":34,"enemies":"Awakened One","floor":50,"turns":5}],"seed_played":"5715193566512943363","potions_obtained":[{"floor":1,"key":"Toxic Potion"},{"floor":10,"key":"FairyPotion"},{"floor":13,"key":"PowerPotion"},{"floor":22,"key":"CultistPotion"},{"floor":30,"key":"Venom Potion"},{"floor":40,"key":"hexamod:EctoCoolerPotion"},{"floor":41,"key":"Cursed Concoction"},{"floor":46,"key":"Poison Potion"},{"floor":48,"key":"Strength Potion"}],"is_trial":false,"path_per_floor":["M","T","$","M","?","R","E","R","T","E","R","?","E","M","R","B",null,"M","M","$","M","?","R","$","E","T","R","$","E","M","E","R","B",null,"M","?","?","M","$","E","M","R","T","$","$","E","?","?","R","B"],"character_chosen":"THE_SILENT","items_purchased":["Noxious Fumes","expansioncontent:DefensiveMode","Sadistic Nature","PiercingWail","Strange Spoon","Potion Belt","Replay:SS_hec_4","Infinite Blades","Wraith Form v2","Noxious Fumes","Accuracy","Caltrops","Caltrops","Caltrops","Fluid Movement","ReplayFunnel","Shuriken","Prepared+1"],"campfire_rested":6,"item_purchase_floors":[3,3,20,20,28,39,39,39,39,39,39,39,39,39,39,39,39,44],"current_hp_per_floor":[50,50,50,50,50,50,38,38,38,18,37,26,22,24,44,37,60,44,31,31,24,24,45,45,11,11,32,32,29,19,9,30,20,59,59,59,59,59,59,21,21,58,58,58,58,3,3,3,3,0,0],"gold":99,"neow_bonus":"BOSS_RELIC","is_daily":false,"chose_seed":false,"campfire_upgraded":2,"win_rate":0.0,"timestamp":1609302994,"path_taken":["M","?","$","M","?","R","E","R","T","E","R","?","E","M","R","BOSS","M","M","$","M","?","R","?","E","T","R","?","E","M","E","R","BOSS","M","?","?","M","$","E","?","R","T","?","$","E","?","?","R","BOSS"],"items_purchased_type":["Card","Card","Card","Card","Relic","Relic","Card","Card","Card","Card","Card","Card","Card","Card","Card","Relic","Relic","Card"],"build_version":"2020-12-22","purchased_purges":1,"victory":false,"max_hp_per_floor":[66,66,66,66,66,66,66,66,66,66,66,66,66,68,68,68,68,70,70,70,70,70,70,70,70,70,70,70,70,70,72,72,72,72,72,72,72,72,72,74,74,74,74,74,74,74,74,74,74,74,74],"relic_stats":{"Strange Spoon":[60],"Regal Pillow":15,"Singing Bowl":8,"counters":[22,142],"Sundial":[4],"Shuriken":[8],"Snecko Eye":[73,72,86,60],"StoneCalendar":[0],"Bag of Preparation":[42],"obtain_stats":[{"Potion Belt":39,"ReplayFunnel":39,"construct:ClawGrip":17,"Regal Pillow":40,"Singing Bowl":13,"StoneCalendar":46,"The Courier":25,"Bag of Preparation":2,"Incense Burner":48,"White Beast Statue":31,"Replay:Rubber Ducky":26,"Strange Spoon":28,"Ring of Fangs":47,"ReplayTheSpireMod:Shallot":7,"Sundial":29,"Shuriken":39,"betterThird:SlimedRelic":12,"Ring of Misfortune":47,"Snecko Eye":34,"Replay:Wax Seal":9,"hexamod:BolsterEngine":10,"Abe\u0027s Treasure":0,"Ring of the Snake":0},{"Potion Belt":17,"ReplayFunnel":17,"construct:ClawGrip":7,"Regal Pillow":18,"Singing Bowl":5,"StoneCalendar":20,"The Courier":11,"Bag of Preparation":1,"Incense Burner":21,"White Beast Statue":14,"Replay:Rubber Ducky":11,"Strange Spoon":11,"Ring of Fangs":20,"ReplayTheSpireMod:Shallot":3,"Sundial":12,"Shuriken":17,"betterThird:SlimedRelic":4,"Ring of Misfortune":20,"Snecko Eye":15,"Replay:Wax Seal":3,"hexamod:BolsterEngine":4,"Abe\u0027s Treasure":0,"Ring of the Snake":0},{"Potion Belt":108,"ReplayFunnel":108,"construct:ClawGrip":43,"Regal Pillow":118,"Singing Bowl":29,"StoneCalendar":131,"The Courier":68,"Bag of Preparation":5,"Incense Burner":137,"White Beast Statue":90,"Replay:Rubber Ducky":68,"Strange Spoon":68,"Ring of Fangs":131,"ReplayTheSpireMod:Shallot":14,"Sundial":77,"Shuriken":108,"betterThird:SlimedRelic":22,"Ring of Misfortune":131,"Snecko Eye":98,"Replay:Wax Seal":14,"hexamod:BolsterEngine":22,"Abe\u0027s Treasure":0,"Ring of the Snake":0}]},"card_choices":[{"not_picked":["Bane","Flechettes"],"picked":"Blade Dance","floor":1},{"not_picked":["Underhanded Strike","Bane"],"picked":"Infinite Blades","floor":4},{"not_picked":["Toxin Wave","Sneak Up"],"picked":"Bullet Time","floor":7},{"not_picked":["Hidden Blade","Outmaneuver"],"picked":"ReplayTheSpireMod:Tripwire","floor":10},{"not_picked":["Dagger Spray","Blade Dance"],"picked":"Noxious Fumes","floor":13},{"not_picked":["Bane","Slice","Toxin Wave"],"picked":"Singing Bowl","floor":14},{"not_picked":["Envenom","Atom Bomb"],"picked":"Night Terror","floor":16},{"not_picked":["Underhanded Strike","Poisoned Stab","Cloak And Dagger"],"picked":"Singing Bowl","floor":18},{"not_picked":["Replay:Poison Smokescreen+1","Flying Knee"],"picked":"Catalyst","floor":19},{"not_picked":["Prepared","Deflect"],"picked":"ReplayTheSpireMod:Tripwire","floor":21},{"not_picked":["Reflex+1","Poisoned Stab"],"picked":"Dodge and Roll","floor":25},{"not_picked":["Deadly Poison","Dodge and Roll"],"picked":"Dash","floor":29},{"not_picked":["Deflect","Poisoned Stab"],"picked":"Caltrops","floor":30},{"not_picked":["Hidden Blade+1","Bane","Flying Knee"],"picked":"Singing Bowl","floor":31},{"not_picked":["Bullet Time","Storm of Steel"],"picked":"Wraith Form v2","floor":33},{"not_picked":["Flying Knee","Outmaneuver"],"picked":"Terror+1","floor":35},{"not_picked":["Slice","Cloak And Dagger+1"],"picked":"Draining Mist+1","floor":38},{"not_picked":["Unload","Backflip","Outmaneuver"],"picked":"Singing Bowl","floor":40},{"not_picked":["Reflex+1","Deflect+1"],"picked":"Noxious Fumes+1","floor":41},{"not_picked":["Footwork","Poisoned Stab"],"picked":"ReplayTheSpireMod:Necrosis","floor":46},{"not_picked":["Expertise","Deadly Poison"],"picked":"Bouncing Flask+1","floor":48}],"player_experience":2062175,"relics_obtained":[{"floor":2,"key":"Bag of Preparation"},{"floor":7,"key":"ReplayTheSpireMod:Shallot"},{"floor":9,"key":"Replay:Wax Seal"},{"floor":10,"key":"hexamod:BolsterEngine"},{"floor":13,"key":"Singing Bowl"},{"floor":25,"key":"The Courier"},{"floor":26,"key":"Replay:Rubber Ducky"},{"floor":29,"key":"Sundial"},{"floor":31,"key":"White Beast Statue"},{"floor":40,"key":"Regal Pillow"},{"floor":46,"key":"StoneCalendar"},{"floor":47,"key":"Ring of Fangs"},{"floor":47,"key":"Ring of Misfortune"},{"floor":48,"key":"Incense Burner"}],"event_choices":[{"damage_healed":0,"gold_gain":0,"player_choice":"Grow","damage_taken":0,"max_hp_gain":0,"max_hp_loss":0,"event_name":"Living Wall","floor":5,"gold_loss":0,"cards_upgraded":["expansioncontent:DefensiveMode"]},{"damage_healed":0,"gold_gain":0,"player_choice":"Slimed","damage_taken":11,"max_hp_gain":1,"max_hp_loss":0,"event_name":"betterThird:BetterGoop","floor":12,"gold_loss":0},{"damage_healed":0,"gold_gain":0,"player_choice":"Got Potions","damage_taken":0,"max_hp_gain":0,"max_hp_loss":0,"event_name":"Lab","floor":22,"gold_loss":0},{"damage_healed":0,"gold_gain":999,"player_choice":"Gold","damage_taken":0,"max_hp_gain":0,"max_hp_loss":0,"event_name":"MindBloom","floor":36,"gold_loss":0,"cards_obtained":["Normality","Normality"]},{"damage_healed":0,"gold_gain":0,"player_choice":"Ignored","damage_taken":0,"max_hp_gain":0,"max_hp_loss":0,"event_name":"betterThird:BetterPortal","floor":37,"gold_loss":0},{"damage_healed":0,"gold_gain":0,"player_choice":"Fight","damage_taken":0,"max_hp_gain":0,"max_hp_loss":0,"event_name":"Mysterious Sphere","floor":48,"gold_loss":0}],"is_beta":false,"boss_relics":[{"not_picked":["WristBlade","Snecko Scales"],"picked":"construct:ClawGrip"},{"not_picked":["Replay:Drink Me","Empty Cage"],"picked":"Snecko Eye"}],"items_purged_floors":[39],"is_endless":false,"potions_floor_spawned":[1,10,13,14,30,33,35,38,40,41,46,48],"killed_by":"Awakened One","ascension_level":20}}