{"host":"709gjpjg43u3i5a8","time":1609360712,"event":{"mods":["Act Like it!","BaseMod","Colored Map","Colored Powertips","Downfall","Duelist Mod","Gensokyo","GifTheSpireLib","Hallownest","Hermit","Hubris","Infinite Spire","Koishi","Marisa????????","Minty Spire (QoL Compilation)","Remilia??????","Shop Mod","StSLib","Td1madao Mod","The Administrix","The Animator","The Bug Knight","The Construct","The Cursed","The Disciple","The Hierophant","The Jungle","The Necromancer","The Poker Player","The Runesmith","The Servant 0.9.4"],"gold_per_floor":[138,150,162,162,162,203,218,218,264,564,564,598,29,43,43,167,167,188,188,206,230,246,246,279,279,334,334,350,371,371,371,371,501,501,514,59,184,197,256,296,296,309,309,334,334,334,390,390,390,521,521,518,518],"floor_reached":52,"playtime":5680,"items_purged":["theDuelist:CastleWalls"],"score":1085,"play_id":"f6990d2a-35f1-4d48-ad76-568df421e547","local_time":"20201230133832","is_ascension_mode":false,"campfire_choices":[{"data":"theDuelist:CastleDragonSouls","floor":8,"key":"SMITH"},{"data":"theDuelist:MetalDragon","floor":15,"key":"SMITH"},{"data":"theDuelist:DragonMirror","floor":23,"key":"SMITH"},{"data":"theDuelist:AmuletDragon","floor":30,"key":"SMITH"},{"data":"theDuelist:OrbMetronome","floor":32,"key":"SMITH"},{"data":"infinitespire:UltimateForm","floor":41,"key":"SMITH"},{"floor":45,"key":"RECALL"},{"data":"theDuelist:Vandalgyon","floor":49,"key":"SMITH"}],"circlet_count":0,"master_deck":["theDuelist:BabyDragon","theDuelist:CastleWalls","theDuelist:CaveDragon","theDuelist:CaveDragon","theDuelist:LesserDragon","theDuelist:LesserDragon","theDuelist:Sparks","theDuelist:Sparks","theDuelist:YamataDragon","theDuelist:OrbMetronome+1","theDuelist:BarrelDragon","theDuelist:DragonMirror","theDuelist:MetalDragon+1","theDuelist:DragonShield","theDuelist:CastleDragonSouls+1","theDuelist:InfernityDoomDragon","theDuelist:AncientGearGadjiltron","theDuelist:YamataDragon","theDuelist:DarkHorus","theDuelist:BSkullDragon","theDuelist:RainbowBridge+1","theDuelist:DragonMirror+1","theDuelist:RainbowOverdragon+1","theDuelist:BerserkScales","theDuelist:BlackBrutdrago","theDuelist:AmuletDragon+1","theDuelist:SliferSky","theDuelist:AncientGearGadjiltron","theDuelist:SilverWing","theDuelist:AncientGearGadjiltron","infinitespire:UltimateForm+1","theDuelist:RedEyesZombie","theDuelist:DarkHorus+1","theDuelist:DragonZombie+1","theDuelist:BSkullDragon","theDuelist:Vandalgyon+1","theDuelist:DragonMastery"],"relics":["theDuelist:MillenniumPuzzle","theDuelist:CardPoolRelic","theDuelist:CardPoolBasicRelic","theDuelist:BoosterPackPoolRelic","theDuelist:CardPoolMinusRelic","theDuelist:CardPoolSaveRelic","theDuelist:CardPoolOptionsRelic","Golden Idol","theDuelist:GoldenScale","Anchor","Old Coin","theDuelist:CursedHealer","theDuelist:DuelistOrichalcum","Sling","infinitespire:EmpoweringShard","SlaversCollar","hubris:BottledHeart","theDuelist:GiftAnubis","theDuelist:AquaRelic","Black Star","Strawberry","Nloth\u0027s Gift","Inserter","Happy Flower","Omamori","CaptainsWheel","Tingsha","theDuelist:ElectricBurst","theDuelist:MetronomeRelicB","hubris:FunFungus","Akabeko","hubris:Towel","Peace Pipe","Prayer Wheel","Gambling Chip","hubris:Backtick","DataDisk"],"acts_visited":["Exordium","TheCity","TheBeyond","Exordium"],"potions_floor_usage":[33,44,50,50],"damage_taken":[{"damage":0,"enemies":"Cultist","floor":1,"turns":2},{"damage":0,"enemies":"2 Louse","floor":2,"turns":1},{"damage":0,"enemies":"Small Slimes","floor":3,"turns":4},{"damage":0,"enemies":"HollowMod:MossKnight","floor":6,"turns":6},{"damage":0,"enemies":"Looter","floor":7,"turns":4},{"damage":10,"enemies":"Gremlin Nob","floor":12,"turns":5},{"damage":1,"enemies":"3 Louse","floor":14,"turns":5},{"damage":0,"enemies":"Hexaghost","floor":16,"turns":7},{"damage":7,"enemies":"Spheric Guardian","floor":18,"turns":3},{"damage":0,"enemies":"3 Byrds","floor":20,"turns":5},{"damage":0,"enemies":"Snake Plant","floor":21,"turns":5},{"damage":0,"enemies":"Centurion and Healer","floor":22,"turns":7},{"damage":0,"enemies":"Nightmare","floor":24,"turns":7},{"damage":0,"enemies":"Shelled Parasite and Fungi","floor":28,"turns":5},{"damage":0,"enemies":"Snecko","floor":29,"turns":3},{"damage":0,"enemies":"Collector","floor":33,"turns":4},{"damage":0,"enemies":"Orb Walker","floor":35,"turns":6},{"damage":0,"enemies":"infinitespire:Three Voidlings","floor":37,"turns":6},{"damage":0,"enemies":"Nightmare_Alpha","floor":37,"turns":9},{"damage":0,"enemies":"3 Shapes","floor":38,"turns":4},{"damage":0,"enemies":"3 Shapes","floor":39,"turns":6},{"damage":0,"enemies":"Giant Head","floor":40,"turns":5},{"damage":0,"enemies":"3 Darklings","floor":42,"turns":5},{"damage":0,"enemies":"4 Shapes","floor":44,"turns":4},{"damage":0,"enemies":"4 Shapes","floor":47,"turns":6},{"damage":0,"enemies":"infinitespire:MassOfShapes","floor":50,"turns":10},{"damage":0,"enemies":"Jaw Worm","floor":52,"turns":2}],"seed_played":"251319737887361572","potions_obtained":[{"floor":1,"key":"Fire Potion"},{"floor":2,"key":"theDuelist:SealedPack"},{"floor":6,"key":"theDuelist:BottledKuriboh"},{"floor":7,"key":"DuplicationPotion"},{"floor":35,"key":"theDuelist:ExtraOrbsBottle"},{"floor":40,"key":"theDuelist:SealedPackE"},{"floor":44,"key":"Fire Potion"},{"floor":50,"key":"Block Potion"}],"is_trial":false,"path_per_floor":["M","M","M","?","?","E","M","R","T","?","?","E","$","M","R","B",null,"M","?","M","M","M","R","NM","AVR","T","?","M","M","R","?","R","B",null,"M","$","?","M","?","E","R","M","T","M","R","?","?","?","R","B",null,"M"],"character_chosen":"THE_DUELIST","items_purchased":["theDuelist:AncientGearGadjiltron","Sling","infinitespire:EmpoweringShard","theDuelist:YamataDragon","theDuelist:SilverWing","theDuelist:AncientGearGadjiltron","Happy Flower","Omamori"],"campfire_rested":0,"item_purchase_floors":[13,13,13,13,36,36,36,36],"current_hp_per_floor":[72,72,72,72,54,54,54,54,54,42,67,57,57,56,56,56,72,65,1,1,1,1,1,1,1,1,1,1,1,1,1,1,1,1,1,1,1,1,1,1,1,1,1,1,1,1,1,1,1,1,1,1,1],"gold":518,"neow_bonus":"RANDOM_COLORLESS_2","is_daily":false,"chose_seed":false,"campfire_upgraded":7,"win_rate":0.0,"timestamp":1609360712,"path_taken":["M","?","M","?","?","E","M","R","T","?","?","E","$","M","R","BOSS","M","?","M","M","M","R","NM","AVR","T","?","M","?","R","?","R","BOSS","M","$","?","M","?","E","R","?","T","M","R","?","?","?","R","BOSS","M"],"items_purchased_type":["Card","Relic","Relic","Card","Card","Card","Relic","Relic"],"build_version":"2020-12-22","purchased_purges":1,"victory":false,"max_hp_per_floor":[72,72,72,72,72,72,72,72,72,72,72,72,72,72,72,72,72,72,1,1,1,1,1,1,1,1,1,1,1,1,1,1,1,1,1,1,1,1,1,1,1,1,1,1,1,1,1,1,1,1,1,1,1],"card_choices":[{"not_picked":["Panache","Secret Technique"],"picked":"theDuelist:OrbMetronome","floor":0},{"not_picked":["theDuelist:TrihornedDragon","theDuelist:GiantRex","theDuelist:BlackTyranno","theDuelist:BlackStego"],"picked":"theDuelist:BarrelDragon","floor":1},{"not_picked":["theDuelist:Mountain","theDuelist:JurassicImpact","theDuelist:ArtifactSanctum"],"picked":"theDuelist:DragonMirror","floor":2},{"not_picked":["theDuelist:ViceDragon","theDuelist:FiendSkull","theDuelist:BlackBrachios","theDuelist:ChimeratechOverdragon"],"picked":"theDuelist:MetalDragon","floor":3},{"not_picked":["theDuelist:BlackTyranno","theDuelist:BlackVeloci","theDuelist:DreadnoughtDreadnoid","theDuelist:CyberneticOverflow"],"picked":"theDuelist:DragonShield","floor":6},{"not_picked":["theDuelist:WhiteHowling","theDuelist:DragonTreasure","theDuelist:AutorokketDragon"],"picked":"theDuelist:CastleDragonSouls","floor":7},{"not_picked":["theDuelist:TwinHeadedFire","theDuelist:CurseDragon","theDuelist:Pyrorex","theDuelist:DarkDriceratops"],"picked":"theDuelist:InfernityDoomDragon","floor":12},{"not_picked":["theDuelist:DreadnoughtDreadnoid","theDuelist:BlackVeloci","theDuelist:EvilMind","theDuelist:DarkDriceratops"],"picked":"theDuelist:DarkHorus","floor":14},{"not_picked":["theDuelist:Scapegoat","theDuelist:QueenDragunDjinn","theDuelist:DefensiveTactics","theDuelist:ArmageddonDragonEmp"],"picked":"theDuelist:BSkullDragon","floor":16},{"not_picked":["theDuelist:BigFire","theDuelist:FeatherPho","theDuelist:HaneHane","theDuelist:HarpieFeather"],"picked":"theDuelist:RainbowBridge+1","floor":18},{"not_picked":["theDuelist:Pyrorex","theDuelist:Hydrogeddon+1","theDuelist:Freezadon","theDuelist:Destroyersaurus","theDuelist:BlackVeloci"],"picked":"SKIP","floor":20},{"not_picked":["theDuelist:StampingDestruction","theDuelist:BerserkerSoul","theDuelist:DragonTreasure","theDuelist:UltraEvolutionPill+1"],"picked":"theDuelist:DragonMirror","floor":21},{"not_picked":["theDuelist:BattleguardKing","theDuelist:Hinotama","theDuelist:LightningDarts","theDuelist:Raigeki+1"],"picked":"theDuelist:RainbowOverdragon+1","floor":22},{"not_picked":["theDuelist:VoidOgreDragon+1","theDuelist:QueenDragunDjinn","theDuelist:FiveHeaded","theDuelist:ArmageddonDragonEmp"],"picked":"theDuelist:BerserkScales","floor":24},{"not_picked":["theDuelist:MaskedDragon+1","theDuelist:LordD","theDuelist:LavaDragon","theDuelist:LesserDragon"],"picked":"theDuelist:BlackBrutdrago","floor":28},{"not_picked":["theDuelist:MythicWaterDragon","theDuelist:WaterDragonCluster+1","theDuelist:HymnOfLight","theDuelist:ArmedProtectorDragon"],"picked":"theDuelist:AmuletDragon","floor":29},{"not_picked":["theDuelist:SurvivalFittest","theDuelist:QueenDragunDjinn+1","theDuelist:DoomkaiserDragon","theDuelist:BerserkScales"],"picked":"theDuelist:SliferSky","floor":33},{"not_picked":["theDuelist:MirageDragon+1","theDuelist:Kabazauls+1","theDuelist:Earthquake+1","theDuelist:BusterBlader"],"picked":"theDuelist:AncientGearGadjiltron","floor":35},{"not_picked":["infinitespire:SealOfDarkness+","infinitespire:Menacing"],"picked":"infinitespire:UltimateForm","floor":37},{"not_picked":["theDuelist:FireDarts","theDuelist:BSkullDragon"],"picked":"theDuelist:RedEyesZombie","floor":37},{"not_picked":["theDuelist:BlackStego","theDuelist:CyberDragonVier+1","theDuelist:BlackPtera+1","theDuelist:AutorokketDragon+1"],"picked":"theDuelist:DarkHorus+1","floor":38},{"not_picked":["theDuelist:BusterBlader","theDuelist:BlackPtera","theDuelist:DragonPiper+1","theDuelist:CyberDragonVier+1"],"picked":"theDuelist:DragonZombie+1","floor":39},{"not_picked":["theDuelist:GaiaDragonChamp+1","theDuelist:FiveHeaded","theDuelist:DoomkaiserDragon+1","theDuelist:ChimeratechOverdragon"],"picked":"theDuelist:BSkullDragon","floor":40},{"not_picked":["theDuelist:WhiteHowling","theDuelist:TyrantWing","theDuelist:AutorokketDragon"],"picked":"theDuelist:Vandalgyon","floor":42},{"not_picked":["theDuelist:MirageDragon+1","theDuelist:CloudianGhost+1","theDuelist:BabyDragon","theDuelist:CyberDragonVier","theDuelist:DarkfireDragon"],"picked":"SKIP","floor":44},{"not_picked":["theDuelist:QueenDragunDjinn+1","theDuelist:ChimeratechOverdragon","theDuelist:BusterBladerDDS+1","theDuelist:BlueDuston+1"],"picked":"theDuelist:DragonMastery","floor":50}],"player_experience":418510,"relics_obtained":[{"floor":6,"key":"theDuelist:GoldenScale"},{"floor":9,"key":"Anchor"},{"floor":12,"key":"theDuelist:DuelistOrichalcum"},{"floor":24,"key":"theDuelist:GiftAnubis"},{"floor":26,"key":"Strawberry"},{"floor":37,"key":"CaptainsWheel"},{"floor":39,"key":"Tingsha"},{"floor":39,"key":"theDuelist:ElectricBurst"},{"floor":40,"key":"theDuelist:MetronomeRelicB"},{"floor":40,"key":"hubris:FunFungus"},{"floor":47,"key":"Peace Pipe"},{"floor":47,"key":"Prayer Wheel"},{"floor":47,"key":"Gambling Chip"}],"event_choices":[{"damage_healed":0,"gold_gain":0,"player_choice":"Take Damage","damage_taken":18,"relics_obtained":["Golden Idol"],"max_hp_gain":0,"max_hp_loss":0,"event_name":"Golden Idol","floor":5,"gold_loss":0},{"damage_healed":0,"gold_gain":0,"player_choice":"Success","damage_taken":12,"relics_obtained":["Old Coin"],"max_hp_gain":0,"max_hp_loss":0,"event_name":"Scrap Ooze","floor":10,"gold_loss":0},{"damage_healed":0,"gold_gain":0,"player_choice":"Succumb - +25HP/Cursed Relic","duelist":true,"damage_taken":0,"max_hp_gain":0,"max_hp_loss":0,"event_name":"Tomb of the Nameless","floor":11,"gold_loss":0},{"damage_healed":0,"gold_gain":0,"player_choice":"Got Potions","damage_taken":0,"max_hp_gain":0,"max_hp_loss":0,"event_name":"Lab","floor":27,"gold_loss":0},{"damage_healed":0,"gold_gain":0,"player_choice":"Traded Relic","damage_taken":0,"relics_obtained":["Nloth\u0027s Gift"],"max_hp_gain":0,"max_hp_loss":0,"event_name":"N\u0027loth","floor":31,"relics_lost":["theDuelist:CardPoolAddRelic"],"gold_loss":0},{"damage_healed":0,"gold_gain":0,"player_choice":"Fight","duelist":true,"damage_taken":0,"max_hp_gain":0,"max_hp_loss":0,"event_name":"Battle City","floor":39,"gold_loss":0},{"damage_healed":0,"gold_gain":0,"player_choice":"Fight","duelist":true,"damage_taken":0,"max_hp_gain":0,"max_hp_loss":0,"event_name":"Battle City","floor":47,"gold_loss":0},{"total_magic_score":104,"gold_gain":0,"duelist":true,"damage_taken":0,"relics_obtained":[],"points":2,"max_hp_gain":0,"max_hp_loss":0,"spent_points":{"magic":0,"greed":0,"war":0,"power":0,"hunger":0},"event_name":"Nameless Tomb","floor":48,"gold_loss":0,"cards_obtained":[]}],"is_beta":false,"boss_relics":[{"not_picked":["Mark of Pain","hubris:TerracottaHorce"],"picked":"SlaversCollar"},{"not_picked":["HangingClock","Calling Bell"],"picked":"Inserter"},{"not_picked":["hubris:GrandSneckoEye","Coffee Dripper"],"picked":"hubris:Backtick"}],"items_purged_floors":[13],"is_endless":true,"potions_floor_spawned":[1,2,6,7,18,20,35,40,44,50],"killed_by":"Jaw Worm","ascension_level":0}}