{"host":"ggy1mjjy92c62u6a","time":1609342711,"event":{"mods":["10 clothes from DAL","BaseMod","LazyManMod","Minty Spire (QoL Compilation)","Quick Restart","Relic Stats","Shop Mod","Spicy Shops","StSLib","【功能Mod】混沌之环修复补丁","【角色mod】十八桐人","【遗物卡牌】REMEMod"],"gold_per_floor":[110,110,185,4,19,49,63,63,63,94,94,109,209,223,223,326,326,346,271,289,98,109,143,161,76,99,459,44,75,75,92,92,197,197,215,230,249,249,260,293,293,203,203,27,27,43,43,58,58,58],"floor_reached":51,"playtime":2347,"items_purged":["Strike_Black","Shame","Defend_Black"],"score":902,"play_id":"b40dc575-fd74-44c4-9c30-10f490f65054","local_time":"20201230233831","is_ascension_mode":false,"campfire_choices":[{"data":"Beater_Black","floor":8.0,"key":"SMITH"},{"data":"SwordDance_Black","floor":15.0,"key":"SMITH"},{"data":"1","floor":30,"key":"LIFT"},{"floor":32,"key":"REST"},{"data":"PrewarPrepare_Black","floor":47,"key":"SMITH"},{"data":"Track_Black","floor":49,"key":"SMITH"}],"circlet_count":0,"master_deck":["Strike_Black","Strike_Black","Defend_Black","Defend_Black","Beater_Black+1","SwordDance_Black+1","Track_Black+1","SunBlade_Black+1","PrewarPrepare_Black+1","DoubleSword_Black","Stick_Black+1","Attacker_Black","StarSpatter_Black","DarkRepulser_Black","DoubleSword_Black"],"relics":["Aincard","REME_ComplimentaryCards","NeowsBlessing","dwlrmod:ProjectRecorder","Nunchaku","REME_PuzzleBoxRelic","MealTicket","Mummified Hand","DarkRepulser","Unceasing Top","Bag of Preparation","REME_LimitBreaker","Ancient Tea Set","DALC_WAN","Sozu","Lizard Tail","MerchantsRug","Ice Cream"],"acts_visited":["Exordium","TheCity","TheBeyond"],"potions_floor_usage":[29,29,29,37,50],"damage_taken":[{"damage":0.0,"enemies":"Small Slimes","floor":1.0,"turns":1.0},{"damage":0.0,"enemies":"2 Louse","floor":5.0,"turns":1.0},{"damage":0.0,"enemies":"Lagavulin","floor":6.0,"turns":1.0},{"damage":0.0,"enemies":"Cultist","floor":7.0,"turns":4.0},{"damage":16.0,"enemies":"Gremlin Nob","floor":10.0,"turns":4.0},{"damage":1.0,"enemies":"2 Fungi Beasts","floor":12.0,"turns":3.0},{"damage":1.0,"enemies":"Large Slime","floor":14.0,"turns":4.0},{"damage":30.0,"enemies":"The Guardian","floor":16.0,"turns":9.0},{"damage":0.0,"enemies":"Spheric Guardian","floor":18.0,"turns":6.0},{"damage":12.0,"enemies":"2 Thieves","floor":20.0,"turns":4.0},{"damage":0.0,"enemies":"Sentry and Sphere","floor":22.0,"turns":4.0},{"damage":13.0,"enemies":"Book of Stabbing","floor":23.0,"turns":5.0},{"damage":0.0,"enemies":"Chosen and Byrds","floor":24.0,"turns":4.0},{"damage":12,"enemies":"Slavers","floor":29,"turns":3},{"damage":0,"enemies":"Centurion and Healer","floor":31,"turns":2},{"damage":0,"enemies":"Collector","floor":33,"turns":2},{"damage":0,"enemies":"3 Shapes","floor":35,"turns":2},{"damage":5,"enemies":"Orb Walker","floor":36,"turns":4},{"damage":28,"enemies":"Spire Growth","floor":37,"turns":5},{"damage":0,"enemies":"Sphere and 2 Shapes","floor":39,"turns":5},{"damage":0,"enemies":"Giant Head","floor":40,"turns":6},{"damage":10,"enemies":"3 Darklings","floor":46,"turns":3},{"damage":1,"enemies":"Transient","floor":48,"turns":4},{"damage":20,"enemies":"Time Eater","floor":50,"turns":4}],"seed_played":"2548841899208489044","potions_obtained":[{"floor":1.0,"key":"Explosive Potion"},{"floor":12.0,"key":"Strength Potion"},{"floor":16.0,"key":"Fire Potion"},{"floor":24.0,"key":"EntropicBrew"},{"floor":29,"key":"Regen Potion"}],"is_trial":false,"path_per_floor":["M","?","?","$","M","E","M","R","T","E","?","M","?","M","R","B",null,"M","?","M","$","M","E","M","?","T","?","$","E","R","M","R","B",null,"M","M","M","?","M","E","?","?","T","$","$","M","R","M","R","B",null],"character_chosen":"THE_KIRITO","items_purchased":["REME_PuzzleBoxRelic","Track_Black","Unceasing Top","Ancient Tea Set","DALC_WAN","MerchantsRug","Ice Cream"],"campfire_rested":1,"item_purchase_floors":[4,4,21,28,28,44,44],"current_hp_per_floor":[80,73,65,65,65,65,65,65,65,49,49,48,48,47,47,24,64,64,64,52,64,64,51,51,51,51,15,30,18,18,18,37,37,64,64,59,43,43,43,43,43,43,43,58,64,54,54,53,53,33],"gold":58,"neow_bonus":"THREE_ENEMY_KILL","is_daily":false,"chose_seed":false,"campfire_upgraded":4,"win_rate":0.0,"timestamp":1609342711,"path_taken":["M","?","?","$","M","E","?","R","T","E","?","M","?","M","R","BOSS","M","?","M","$","M","E","M","?","T","?","$","E","R","M","R","BOSS","M","M","M","?","M","E","?","?","T","?","$","M","R","M","R","BOSS"],"items_purchased_type":["Relic","Card","Relic","Relic","Relic","Relic","Relic"],"build_version":"2020-12-22","purchased_purges":3,"victory":true,"max_hp_per_floor":[80,80,80,80,80,80,80,80,80,80,80,80,80,80,80,80,64,64,64,64,64,64,64,64,64,64,64,64,64,64,64,64,64,64,64,64,64,64,64,64,64,64,64,64,64,64,64,64,64,64],"relic_stats":{"Sozu":2,"Nunchaku":[20],"Lizard Tail":0,"counters":[24,90],"Mummified Hand":[117],"MealTicket":48,"Bag of Preparation":[22],"obtain_stats":[{"Ice Cream":44,"dwlrmod:ProjectRecorder":1,"Bag of Preparation":25,"Juzu Bracelet":26,"Ancient Tea Set":28,"Sozu":34,"Nunchaku":2,"Lizard Tail":43,"Matryoshka":6,"Mummified Hand":9,"MealTicket":9,"TheHeartOfYui":0,"Girya":23,"MerchantsRug":44,"NeowsBlessing":0,"Aincard":0,"DALC_WAN":28,"REME_LimitBreaker":26,"Du-Vu Doll":10,"Bronze Scales":40,"Bag of Marbles":29,"REME_PuzzleBoxRelic":4,"DarkRepulser":17,"Unceasing Top":21,"REME_ComplimentaryCards":0},{"Ice Cream":21,"dwlrmod:ProjectRecorder":1,"Bag of Preparation":13,"Juzu Bracelet":13,"Ancient Tea Set":13,"Sozu":16,"Nunchaku":1,"Lizard Tail":21,"Matryoshka":3,"Mummified Hand":4,"MealTicket":4,"TheHeartOfYui":0,"Girya":12,"MerchantsRug":21,"NeowsBlessing":0,"Aincard":0,"DALC_WAN":13,"REME_LimitBreaker":13,"Du-Vu Doll":5,"Bronze Scales":21,"Bag of Marbles":14,"REME_PuzzleBoxRelic":1,"DarkRepulser":8,"Unceasing Top":10,"REME_ComplimentaryCards":0},{"Ice Cream":79,"dwlrmod:ProjectRecorder":1,"Bag of Preparation":50,"Juzu Bracelet":50,"Ancient Tea Set":50,"Sozu":57,"Nunchaku":1,"Lizard Tail":79,"Matryoshka":3,"Mummified Hand":7,"MealTicket":7,"TheHeartOfYui":0,"Girya":46,"MerchantsRug":79,"NeowsBlessing":0,"Aincard":0,"DALC_WAN":50,"REME_LimitBreaker":50,"Du-Vu Doll":11,"Bronze Scales":79,"Bag of Marbles":53,"REME_PuzzleBoxRelic":1,"DarkRepulser":27,"Unceasing Top":37,"REME_ComplimentaryCards":0}],"Unceasing Top":[24]},"card_choices":[{"not_picked":["Thrust_Black","Intimidate_Black"],"picked":"SwordDance_Black","floor":1.0},{"not_picked":["HorizontalSquareChopping_Black","HeroicBearing_Black"],"picked":"SunBlade_Black","floor":5.0},{"not_picked":["Defender_Black","Exercise2_Black"],"picked":"PrewarPrepare_Black","floor":6.0},{"not_picked":["PrewarPrepare_Black","GunFight_Black","FlashPuncture_Black"],"picked":"SKIP","floor":7.0},{"not_picked":["PrewarPrepare_Black","GunFight_Black","FlashPuncture_Black"],"picked":"SKIP","floor":7.0},{"not_picked":["Stick_Black","Defender_Black"],"picked":"DoubleSword_Black","floor":10.0},{"not_picked":["BrilliantBlade_Black","Guard_Black","ThespeedofsoundToattack_Black"],"picked":"SKIP","floor":12.0},{"not_picked":["BrokenRibs_Black","SelfCongested_Black","StrengthTransform_Black"],"picked":"SKIP","floor":14.0},{"not_picked":["SharpClaw_Black","Elucidator_Black"],"picked":"Stick_Black","floor":16.0},{"not_picked":["SpiritCrash_Black","Flash_Black"],"picked":"Attacker_Black","floor":18.0},{"not_picked":["Exercise1_Black+1","DoubleAttack_Black+1"],"picked":"StarSpatter_Black","floor":20.0},{"not_picked":["SelfCongested_Black","CuttingEdge_Black","SmokeScreen_Black"],"picked":"SKIP","floor":22.0},{"not_picked":["SwordDance_Black","DoubleAttack_Black","SunBlade_Black+1"],"picked":"SKIP","floor":23.0},{"not_picked":["DoubleCut_Black","WeakHit_Black","StrengthTransform_Black"],"picked":"SKIP","floor":24.0},{"not_picked":["DoubleAttack_Black+1","SmokeScreen_Black+1","HeartyMeal_Black"],"picked":"SKIP","floor":29},{"not_picked":["Beater_Black","BrokenRibs_Black","Guard_Black"],"picked":"SKIP","floor":31},{"not_picked":["TrueLove_Black","CureCrystal_Black"],"picked":"DarkRepulser_Black","floor":33},{"not_picked":["SpiritCrash_Black+1","SmokeScreen_Black+1","WeakHit_Black+1"],"picked":"SKIP","floor":35},{"not_picked":["HorizontalSquareChopping_Black","Exercise1_Black","Ghost_Black"],"picked":"SKIP","floor":36},{"not_picked":["CureCrystal_Black","SmokeScreen_Black","DoubleAttack_Black+1"],"picked":"SKIP","floor":37},{"not_picked":["SunBlade_Black+1","Kiriko_Black","Exercise2_Black+1"],"picked":"SKIP","floor":39},{"not_picked":["Thrust_Black","SelfCongested_Black","DefensiveStance_Black+1"],"picked":"SKIP","floor":40},{"not_picked":["Guard_Black+1","DoubleAttack_Black","Intimidate_Black"],"picked":"SKIP","floor":46},{"not_picked":["SunBlade_Black","Smile_Black+1","StarSpatter_Black"],"picked":"SKIP","floor":48}],"player_experience":41914,"relics_obtained":[{"floor":1.0,"key":"dwlrmod:ProjectRecorder"},{"floor":6.0,"key":"Matryoshka"},{"floor":9.0,"key":"MealTicket"},{"floor":9.0,"key":"Mummified Hand"},{"floor":10.0,"key":"Du-Vu Doll"},{"floor":23.0,"key":"Girya"},{"floor":26.0,"key":"REME_LimitBreaker"},{"floor":26.0,"key":"Juzu Bracelet"},{"floor":29,"key":"Bag of Marbles"},{"floor":40,"key":"Bronze Scales"},{"floor":43,"key":"Lizard Tail"}],"event_choices":[{"damage_healed":0.0,"max_hp_gain":0.0,"max_hp_loss":0.0,"gold_gain":0.0,"event_name":"Scrap Ooze","player_choice":"Success","floor":2.0,"gold_loss":0.0,"damage_taken":7.0,"relics_obtained":["Nunchaku"]},{"damage_healed":0.0,"max_hp_gain":0.0,"max_hp_loss":0.0,"gold_gain":75.0,"event_name":"FaceTrader","player_choice":"Touch","floor":3.0,"gold_loss":0.0,"damage_taken":8.0},{"damage_healed":0.0,"max_hp_gain":0.0,"max_hp_loss":0.0,"gold_gain":0.0,"event_name":"Living Wall","player_choice":"Grow","floor":11.0,"gold_loss":0.0,"damage_taken":0.0,"cards_upgraded":["SunBlade_Black"]},{"damage_healed":0.0,"max_hp_gain":0.0,"max_hp_loss":0.0,"gold_gain":100.0,"event_name":"Golden Shrine","player_choice":"Pray","floor":13.0,"gold_loss":0.0,"damage_taken":0.0},{"cards_removed":["Defend_Black"],"damage_healed":0.0,"max_hp_gain":0.0,"max_hp_loss":0.0,"gold_gain":0.0,"event_name":"Beggar","player_choice":"Gave Gold","floor":19.0,"gold_loss":75.0,"damage_taken":0.0},{"damage_healed":0.0,"max_hp_gain":0.0,"max_hp_loss":0.0,"gold_gain":0.0,"event_name":"Addict","player_choice":"Obtained Relic","floor":25.0,"gold_loss":85.0,"damage_taken":0.0,"relics_obtained":["Bag of Preparation"]},{"damage_healed":0.0,"max_hp_gain":0.0,"max_hp_loss":0.0,"gold_gain":360.0,"event_name":"Knowing Skull","player_choice":"GOLD GOLD GOLD GOLD ","floor":27.0,"potions_obtained":[],"gold_loss":0.0,"damage_taken":36.0,"cards_obtained":[]},{"cards_removed":["Observe_Black"],"damage_healed":0,"gold_gain":0,"player_choice":"Removed Skill","damage_taken":0,"max_hp_gain":0,"max_hp_loss":0,"event_name":"Falling","floor":38,"gold_loss":0},{"damage_healed":0,"gold_gain":0,"player_choice":"Copied","damage_taken":0,"max_hp_gain":0,"max_hp_loss":0,"event_name":"Duplicator","floor":41,"gold_loss":0,"cards_obtained":["DoubleSword_Black"]},{"cards_removed":["Strike_Black"],"damage_healed":0,"gold_gain":0,"player_choice":"Upgrade and Remove","damage_taken":0,"max_hp_gain":0,"max_hp_loss":0,"event_name":"Designer","floor":42,"gold_loss":90,"cards_upgraded":["Stick_Black"]}],"is_beta":false,"boss_relics":[{"not_picked":["Calling Bell","Fusion Hammer"],"picked":"DarkRepulser"},{"not_picked":["LambentLight","Busted Crown"],"picked":"Sozu"}],"items_purged_floors":[21,28,44],"is_endless":false,"potions_floor_spawned":[1,12,16,18,24,29,31,33,36,39,46],"ascension_level":0}}