{"host":"2lrkmsuh7nz013qb","time":1609319641,"event":{"mods":["BaseMod","Colored Map","DeckTracker","Minty Spire (QoL Compilation)","SuperFastMode","everything is the same but u backflip on backflip"],"gold_per_floor":[114,130,148,148,165,165,175,188,268,268,96,109,135,135,135,211,211,221,121,121,36,36,36,50,82,105,24,24,48,48,64,64,143,143,162,175,50,50,65,65,92,92,92,92,112,112,112],"floor_reached":46,"playtime":1563,"items_purged":["Strike_G","Strike_G","Parasite"],"score":936,"play_id":"277a8e48-7003-4d83-8f15-57679433368c","local_time":"20201230181401","is_ascension_mode":true,"campfire_choices":[{"data":"Blade Dance","floor":6.0,"key":"SMITH"},{"data":"Finisher","floor":10.0,"key":"SMITH"},{"data":"Trip","floor":15.0,"key":"SMITH"},{"data":"Neutralize","floor":23.0,"key":"SMITH"},{"data":"Accuracy","floor":28.0,"key":"SMITH"},{"data":"Tactician","floor":30.0,"key":"SMITH"},{"floor":32.0,"key":"REST"},{"floor":40.0,"key":"REST"},{"data":"Well Laid Plans","floor":42.0,"key":"SMITH"},{"data":"Footwork","floor":44.0,"key":"SMITH"}],"circlet_count":0,"master_deck":["AscendersBane","Strike_G","Strike_G","Strike_G","Defend_G","Defend_G","Defend_G","Defend_G","Defend_G","Survivor","Neutralize+1","After Image","Blade Dance+1","Finisher+1","Footwork+1","Trip+1","Tactician+1","Well Laid Plans+1","After Image","Acrobatics+1","Acrobatics+1","Accuracy+1","Venomology","Madness","Madness"],"relics":["Ring of the Snake","Ornamental Fan","Juzu Bracelet","Cursed Key","Pocketwatch","Happy Flower","Omamori","SacredBark","Anchor","Bottled Lightning"],"acts_visited":["Exordium","TheCity","TheBeyond"],"potions_floor_usage":[45,46],"damage_taken":[{"damage":2.0,"enemies":"Small Slimes","floor":1.0,"turns":6.0},{"damage":31.0,"enemies":"Cultist","floor":2.0,"turns":8.0},{"damage":1.0,"enemies":"2 Louse","floor":3.0,"turns":3.0},{"damage":6.0,"enemies":"Blue Slaver","floor":5.0,"turns":6.0},{"damage":0.0,"enemies":"2 Fungi Beasts","floor":7.0,"turns":2.0},{"damage":5.0,"enemies":"Exordium Wildlife","floor":8.0,"turns":5.0},{"damage":0.0,"enemies":"3 Louse","floor":12.0,"turns":6.0},{"damage":6.0,"enemies":"Lagavulin","floor":13.0,"turns":5.0},{"damage":12.0,"enemies":"Slime Boss","floor":16.0,"turns":8.0},{"damage":4.0,"enemies":"Shell Parasite","floor":18.0,"turns":7.0},{"damage":9.0,"enemies":"3 Byrds","floor":24.0,"turns":5.0},{"damage":15.0,"enemies":"Gremlin Leader","floor":25.0,"turns":4.0},{"damage":10.0,"enemies":"Centurion and Healer","floor":31.0,"turns":5.0},{"damage":12.0,"enemies":"Automaton","floor":33.0,"turns":8.0},{"damage":0.0,"enemies":"Orb Walker","floor":35.0,"turns":3.0},{"damage":10.0,"enemies":"3 Darklings","floor":36.0,"turns":5.0},{"damage":0.0,"enemies":"Maw","floor":39.0,"turns":6.0},{"damage":23.0,"enemies":"Nemesis","floor":41.0,"turns":9.0},{"damage":11,"enemies":"Transient","floor":45,"turns":6},{"damage":19,"enemies":"Spire Growth","floor":46,"turns":2}],"seed_played":"4315920733185955703","potions_obtained":[{"floor":2.0,"key":"BlessingOfTheForge"},{"floor":3.0,"key":"Poison Potion"},{"floor":5.0,"key":"PowerPotion"},{"floor":13.0,"key":"Swift Potion"},{"floor":18.0,"key":"Fire Potion"},{"floor":25.0,"key":"Block Potion"},{"floor":33.0,"key":"DistilledChaos"},{"floor":35.0,"key":"Strength Potion"}],"is_trial":false,"path_per_floor":["M","M","M","?","M","R","M","M","T","R","$","M","E","?","R","B",null,"M","$","?","?","$","R","M","E","T","$","R","T","R","M","R","B",null,"M","M","$","?","M","R","E","R","T","R","M","M"],"character_chosen":"THE_SILENT","items_purchased":["Trip","Accuracy"],"campfire_rested":2,"item_purchase_floors":[11,27],"current_hp_per_floor":[57,26,25,25,19,19,19,14,14,14,14,14,8,28,28,16,49,45,45,45,45,45,45,36,21,21,21,21,21,21,11,29,17,49,49,39,39,29,29,46,23,23,23,23,12,0,0],"gold":112,"neow_bonus":"THREE_RARE_CARDS","is_daily":false,"chose_seed":false,"campfire_upgraded":8,"win_rate":0.0,"timestamp":1609319641,"path_taken":["M","M","M","?","M","R","M","M","T","R","?","M","E","?","R","BOSS","M","$","?","?","$","R","M","E","T","$","R","?","R","M","R","BOSS","M","M","$","?","M","R","E","R","T","R","M","M"],"items_purchased_type":["Card","Card"],"build_version":"2020-12-22","purchased_purges":3,"victory":false,"max_hp_per_floor":[60,60,60,60,60,60,60,60,60,60,60,60,60,60,60,60,60,60,60,60,60,60,60,60,60,60,60,60,60,60,60,60,60,60,60,60,57,57,57,57,57,57,57,57,57,57,57],"card_choices":[{"not_picked":["Unload","Malaise"],"picked":"After Image","floor":0.0},{"not_picked":["PiercingWail","Prepared","Concentrate"],"picked":"SKIP","floor":1.0},{"not_picked":["Deadly Poison","Cloak And Dagger"],"picked":"Blade Dance","floor":2.0},{"not_picked":["Caltrops","All Out Attack","Acrobatics"],"picked":"SKIP","floor":3.0},{"not_picked":["Caltrops","Dodge and Roll"],"picked":"Finisher","floor":5.0},{"not_picked":["PiercingWail","Prepared"],"picked":"Footwork","floor":7.0},{"not_picked":["Crippling Poison","Underhanded Strike","Masterful Stab"],"picked":"SKIP","floor":8.0},{"not_picked":["Flying Knee","Endless Agony"],"picked":"Tactician","floor":12.0},{"not_picked":["Noxious Fumes","Expertise"],"picked":"Well Laid Plans","floor":13.0},{"not_picked":["Night Terror","Unload"],"picked":"After Image","floor":16.0},{"not_picked":["Underhanded Strike","Sucker Punch"],"picked":"Acrobatics+1","floor":18.0},{"not_picked":["Finisher","Deadly Poison"],"picked":"Acrobatics+1","floor":24.0},{"not_picked":["Slice","Quick Slash","Catalyst"],"picked":"SKIP","floor":25.0},{"not_picked":["Heel Hook","Quick Slash","Slice"],"picked":"SKIP","floor":31.0},{"not_picked":["Die Die Die","Doppelganger"],"picked":"Venomology","floor":33.0},{"not_picked":["Terror","Predator","Dodge and Roll"],"picked":"SKIP","floor":35.0},{"not_picked":["Deadly Poison+1","Finisher","Bane"],"picked":"SKIP","floor":36.0},{"not_picked":["Underhanded Strike","Flechettes","Quick Slash"],"picked":"SKIP","floor":39.0},{"not_picked":["Unload","Dash","Sucker Punch"],"picked":"SKIP","floor":41.0},{"not_picked":["Underhanded Strike+1","Poisoned Stab+1","Bane"],"picked":"SKIP","floor":45}],"player_experience":710119,"relics_obtained":[{"floor":9.0,"key":"Ornamental Fan"},{"floor":13.0,"key":"Juzu Bracelet"},{"floor":25.0,"key":"Happy Flower"},{"floor":26.0,"key":"Omamori"},{"floor":41.0,"key":"Anchor"},{"floor":43.0,"key":"Bottled Lightning"}],"event_choices":[{"damage_healed":0.0,"max_hp_gain":0.0,"max_hp_loss":0.0,"gold_gain":0.0,"event_name":"Match and Keep!","player_choice":"0 cards matched","floor":4.0,"gold_loss":0.0,"damage_taken":0.0,"cards_obtained":[]},{"damage_healed":20.0,"max_hp_gain":0.0,"max_hp_loss":0.0,"gold_gain":0.0,"event_name":"Big Fish","player_choice":"Banana","floor":14.0,"gold_loss":0.0,"damage_taken":0.0},{"damage_healed":0.0,"max_hp_gain":0.0,"max_hp_loss":0.0,"gold_gain":0.0,"event_name":"The Mausoleum","player_choice":"Ignored","floor":20.0,"gold_loss":0.0,"damage_taken":0.0},{"damage_healed":0.0,"max_hp_gain":0.0,"max_hp_loss":0.0,"gold_gain":0.0,"event_name":"Addict","player_choice":"Obtained Relic","floor":21.0,"gold_loss":85.0,"damage_taken":0.0,"relics_obtained":["Pocketwatch"]},{"damage_healed":0.0,"max_hp_gain":0.0,"max_hp_loss":0.0,"gold_gain":0.0,"event_name":"Winding Halls","player_choice":"Embrace Madness","floor":38.0,"gold_loss":0.0,"damage_taken":10.0,"cards_obtained":["Madness","Madness"]}],"is_beta":false,"boss_relics":[{"not_picked":["Busted Crown","Ectoplasm"],"picked":"Cursed Key"},{"not_picked":["Velvet Choker","Tiny House"],"picked":"SacredBark"}],"items_purged_floors":[11,19,37],"is_endless":false,"potions_floor_spawned":[2,3,5,13,18,25,33,35],"killed_by":"Spire Growth","ascension_level":20}}