{"host":"qvl114e0jmbc6yhm","time":1609301509,"event":{"mods":["Act Like it!","BaseMod","Hermit","Highlight Path","Hubris","Jedi Mod","Marisa????????","Marked Mod","Minty Spire (QoL Compilation)","Permanent Neow","Random Character Button","Relic Sorter","Relic Stats","Replay The Spire","Shop Mod","Spicy Shops","StSLib","The Jungle","The Runesmith"],"gold_per_floor":[110,120,138,157,168,197,211,211,236,251,5,35,35,35,49,79,79,158,158,175,189,189,204,223,257,2,2,81,108,125,145,145,161,161,234,234,251,267,267,207,207,240,240,265,265,293,307,324,324,341,341,341,341,341,39,67,67],"floor_reached":58,"playtime":3039,"items_purged":["Replay:Sluggish","Overencumbered","jedi:BattleThirst"],"score":2561,"play_id":"9abe2154-fbb0-45d7-94b2-ef8c0369a06f","local_time":"20201229231149","is_ascension_mode":true,"campfire_choices":[{"floor":8,"key":"REST"},{"data":"Whirlwind","floor":17,"key":"SMITH"},{"floor":27,"key":"REST"},{"data":"Feel No Pain","floor":34,"key":"SMITH"},{"floor":51,"key":"RECALL"},{"data":"Fiend Fire","floor":54,"key":"SMITH"}],"circlet_count":0,"master_deck":["AscendersBane","Strike_R","Strike_R","Strike_R","Strike_R+1","Defend_R","Defend_R","Defend_R","Defend_R","Bash+1","Sword Boomerang","Whirlwind+1","ReplayTheSpireMod:Stacked","Carnage","Fiend Fire+1","Metallicize","hubris:StunningStrike","True Grit","Disarm","Dark Embrace","Corruption","Feel No Pain+1","Sentinel+1","Burning Pact+1","jedi:harder+1","Seeing Red+1","Shrug It Off+1","Shrug It Off+1"],"relics":["Painkiller Herb","jedi:matchstick","The Courier","Art of War","FossilizedHelix","hubris:ToyBattleship","Replay:Mystery Machine","hubris:Backtick","Dead Branch","Gremlin Horn","Mummified Hand","Toxic Egg 2","ReplayTheSpireMod:Shallot","Black Star","Runesmith:AutoHammer","Whetstone","Mirror","Dream Catcher","Blue Doll","Snack Pack","Charon\u0027s Ashes","ReplayTheSpireMod:CursedCoin","Quantum Egg","Replay:Arrowhead","Bronze Scales"],"acts_visited":["Exordium","TheCity","TheBeyond","TheEnding"],"potions_floor_usage":[6,12,16,23,57,57],"damage_taken":[{"damage":0,"enemies":"Cultist","floor":1,"turns":3},{"damage":7,"enemies":"Small Slimes","floor":2,"turns":4},{"damage":3,"enemies":"2 Louse","floor":3,"turns":2},{"damage":9,"enemies":"Red Slaver","floor":4,"turns":3},{"damage":10,"enemies":"2 Fungi Beasts","floor":5,"turns":4},{"damage":20,"enemies":"3 Sentries","floor":6,"turns":7},{"damage":0,"enemies":"Large Slime","floor":7,"turns":3},{"damage":13,"enemies":"Blue Slaver","floor":10,"turns":2},{"damage":0,"enemies":"Lagavulin","floor":12,"turns":5},{"damage":0,"enemies":"3 Louse","floor":15,"turns":1},{"damage":0,"enemies":"Gremlin Nob","floor":16,"turns":3},{"damage":7,"enemies":"Slime Boss","floor":18,"turns":9},{"damage":0,"enemies":"Spheric Guardian","floor":20,"turns":4},{"damage":0,"enemies":"Chosen","floor":21,"turns":4},{"damage":0,"enemies":"Centurion and Healer","floor":23,"turns":6},{"damage":0,"enemies":"Cultist and Chosen","floor":24,"turns":5},{"damage":31,"enemies":"Slavers","floor":25,"turns":5},{"damage":0,"enemies":"Replay:Snechameleon","floor":29,"turns":5},{"damage":0,"enemies":"Snake Plant","floor":30,"turns":5},{"damage":0,"enemies":"Shelled Parasite and Fungi","floor":31,"turns":3},{"damage":0,"enemies":"Centurion and Healer","floor":33,"turns":3},{"damage":0,"enemies":"Pondfish","floor":35,"turns":2},{"damage":0,"enemies":"Orb Walker","floor":37,"turns":4},{"damage":0,"enemies":"3 Shapes","floor":38,"turns":3},{"damage":0,"enemies":"Giant Head","floor":42,"turns":4},{"damage":0,"enemies":"Reptomancer","floor":44,"turns":3},{"damage":0,"enemies":"R_Hoarder","floor":46,"turns":2},{"damage":0,"enemies":"Writhing Mass","floor":47,"turns":2},{"damage":0,"enemies":"4 Shapes","floor":48,"turns":1},{"damage":0,"enemies":"Transient","floor":50,"turns":5},{"damage":0,"enemies":"hubris:GrandSnecko","floor":52,"turns":3},{"damage":0,"enemies":"Shield and Spear","floor":56,"turns":1},{"damage":1,"enemies":"The Heart","floor":57,"turns":6}],"seed_played":"6891731275518800995","potions_obtained":[{"floor":3,"key":"jedi:StrikingPotion"},{"floor":4,"key":"Strength Potion"},{"floor":6,"key":"SteroidPotion"},{"floor":7,"key":"Toxic Potion"},{"floor":16,"key":"SpeedPotion"},{"floor":21,"key":"Fire Potion"},{"floor":29,"key":"LiquidMemories"},{"floor":30,"key":"Ancient Potion"}],"is_trial":false,"path_per_floor":["?","?","?","?","?","E","?","T","T","?","T","E","PTL","PTL","?","E","T","B",null,"?","?","?","?","?","E","T","T","T","E","?","?","?","?","T","B",null,"?","?","?","T","?","E","?","E","T","E","?","?","?","?","T","B",null,"T","T","E","B",null],"character_chosen":"IRONCLAD","items_purchased":["FossilizedHelix","Dark Embrace","Mummified Hand","ReplayTheSpireMod:CursedCoin","Quantum Egg","Seeing Red+1","Shrug It Off+1"],"campfire_rested":2,"item_purchase_floors":[11,26,26,55,55,55,55],"current_hp_per_floor":[68,61,58,49,39,19,19,41,41,28,28,28,28,28,28,28,28,21,62,62,62,62,62,62,31,31,53,53,53,53,53,53,53,53,53,70,70,70,70,70,70,70,70,70,70,70,71,71,71,71,71,71,71,71,71,71,71],"gold":67,"neow_bonus":"BOSS_RELIC","is_daily":false,"chose_seed":false,"campfire_upgraded":3,"win_rate":0.0,"timestamp":1609301509,"path_taken":["?","?","?","?","?","E","?","T","T","?","T","E","PTL","PTL","?","E","T","BOSS","?","?","?","?","?","E","T","T","T","E","?","?","?","?","T","BOSS","?","?","?","T","?","E","?","E","T","E","?","?","?","?","T","BOSS","T","T","E","BOSS"],"items_purchased_type":["Relic","Card","Relic","Relic","Relic","Card","Card"],"build_version":"2020-12-22","purchased_purges":3,"victory":true,"max_hp_per_floor":[75,75,75,75,75,75,75,75,75,75,75,75,75,75,75,75,75,75,75,75,75,75,75,75,75,75,75,75,75,75,75,75,75,75,75,75,75,75,75,75,75,75,71,71,71,71,71,71,71,71,71,71,71,71,71,71,71],"relic_stats":{"Dream Catcher":0,"Gremlin Horn":[12,13],"counters":[33,122],"Mummified Hand":[101],"Dead Branch":[349],"Bronze Scales":[48],"Charon\u0027s Ashes":[438],"Art of War":[4],"Black Star":4,"Whetstone":["Bash","Strike_R"],"obtain_stats":[{"Gremlin Horn":22,"Painkiller Herb":0,"Blue Doll":46,"jedi:command_rare":49,"Whetstone":42,"Replay:Mystery Machine":16,"Burning Blood":0,"Dream Catcher":44,"hubris:Backtick":19,"Mummified Hand":26,"jedi:matchstick":25,"Toxic Egg 2":28,"ReplayTheSpireMod:CursedCoin":55,"Dead Branch":19,"Quantum Egg":55,"The Courier":6,"Charon\u0027s Ashes":49,"Replay:Arrowhead":56,"ReplayTheSpireMod:Shallot":29,"Bronze Scales":56,"Art of War":9,"hubris:ToyBattleship":12,"Black Star":36,"Snack Pack":46,"Runesmith:AutoHammer":42,"Mirror":44,"FossilizedHelix":11},{"Gremlin Horn":14,"Painkiller Herb":0,"Blue Doll":27,"jedi:command_rare":29,"Whetstone":25,"Replay:Mystery Machine":11,"Burning Blood":0,"Dream Catcher":26,"hubris:Backtick":12,"Mummified Hand":17,"jedi:matchstick":17,"Toxic Egg 2":17,"ReplayTheSpireMod:CursedCoin":31,"Dead Branch":12,"Quantum Egg":31,"The Courier":6,"Charon\u0027s Ashes":29,"Replay:Arrowhead":32,"ReplayTheSpireMod:Shallot":18,"Bronze Scales":32,"Art of War":7,"hubris:ToyBattleship":9,"Black Star":22,"Snack Pack":27,"Runesmith:AutoHammer":25,"Mirror":26,"FossilizedHelix":8},{"Gremlin Horn":54,"Painkiller Herb":0,"Blue Doll":104,"jedi:command_rare":107,"Whetstone":99,"Replay:Mystery Machine":37,"Burning Blood":0,"Dream Catcher":102,"hubris:Backtick":46,"Mummified Hand":70,"jedi:matchstick":70,"Toxic Egg 2":70,"ReplayTheSpireMod:CursedCoin":115,"Dead Branch":46,"Quantum Egg":115,"The Courier":23,"Charon\u0027s Ashes":107,"Replay:Arrowhead":116,"ReplayTheSpireMod:Shallot":75,"Bronze Scales":116,"Art of War":26,"hubris:ToyBattleship":33,"Black Star":88,"Snack Pack":104,"Runesmith:AutoHammer":99,"Mirror":102,"FossilizedHelix":28}]},"card_choices":[{"not_picked":["ReplayTheSpireMod:Strike From Hell","hubris:ReadiedAction","Body Slam"],"picked":"SKIP","floor":1},{"not_picked":["Infernal Blade","Havoc"],"picked":"Sword Boomerang","floor":2},{"not_picked":["ReplayTheSpireMod:Corrosion Curse","Massacre"],"picked":"Whirlwind","floor":3},{"not_picked":["Rampage","Headbutt"],"picked":"ReplayTheSpireMod:Stacked","floor":4},{"not_picked":["Infernal Blade","jedi:hate"],"picked":"Carnage","floor":5},{"not_picked":["Anger","ReplayTheSpireMod:Muscle Training"],"picked":"Fiend Fire","floor":6},{"not_picked":["jedi:collectorstrike","Flex","Wild Strike"],"picked":"SKIP","floor":7},{"not_picked":["Havoc","Twin Strike"],"picked":"Metallicize","floor":10},{"not_picked":["Run Through","Replay:Undeath\u0027s Touch","Sever Soul"],"picked":"SKIP","floor":12},{"not_picked":["Body Slam","Iron Wave","Dual Wield"],"picked":"SKIP","floor":15},{"not_picked":["Demonic Infusion","Carnage","Sever Soul"],"picked":"SKIP","floor":16},{"not_picked":["Fiend Fire","Juggernaut"],"picked":"hubris:StunningStrike","floor":18},{"not_picked":["ReplayTheSpireMod:Strike From Hell","Iron Wave"],"picked":"True Grit","floor":20},{"not_picked":["jedi:fear+1","Reckless Charge+1","Rupture"],"picked":"SKIP","floor":21},{"not_picked":["Clash","Anger"],"picked":"Disarm","floor":23},{"not_picked":["Rupture","Clothesline","Armaments"],"picked":"SKIP","floor":24},{"not_picked":["Metallicize","Body Slam","Bloodletting"],"picked":"SKIP","floor":25},{"not_picked":["Warcry+1","Hemokinesis","Twin Strike"],"picked":"SKIP","floor":29},{"not_picked":["jedi:MakeshiftSword","Havoc+1"],"picked":"Corruption","floor":30},{"not_picked":["Pommel Strike","Uppercut"],"picked":"Feel No Pain","floor":31},{"not_picked":["Body Slam","Clothesline"],"picked":"Sentinel+1","floor":33},{"not_picked":["Infernal Blade+1","Whirlwind","Massacre"],"picked":"SKIP","floor":37},{"not_picked":["Pommel Strike","Wild Strike+1","Perfected Strike"],"picked":"SKIP","floor":38},{"not_picked":["Sword Boomerang","hubris:ReadiedAction+1","Power Through+1"],"picked":"SKIP","floor":42},{"not_picked":["Wild Strike","Iron Wave","Flex+1"],"picked":"SKIP","floor":44},{"not_picked":["Entrench+1","Iron Wave+1","jedi:fear+1"],"picked":"SKIP","floor":46},{"not_picked":["Reckless Charge","True Grit+1"],"picked":"Burning Pact+1","floor":47},{"not_picked":["Sword Boomerang","Carnage+1","Entrench+1"],"picked":"SKIP","floor":48},{"not_picked":["Evolve","Perfected Strike"],"picked":"jedi:harder+1","floor":50},{"not_picked":["Burning Pact+1","ReplayTheSpireMod:Corrosion Curse+1","Pummel"],"picked":"SKIP","floor":56}],"player_experience":2403955,"relics_obtained":[{"floor":6,"key":"The Courier"},{"floor":9,"key":"Art of War"},{"floor":12,"key":"hubris:ToyBattleship"},{"floor":16,"key":"Replay:Mystery Machine"},{"floor":25,"key":"jedi:matchstick"},{"floor":28,"key":"Toxic Egg 2"},{"floor":29,"key":"ReplayTheSpireMod:Shallot"},{"floor":42,"key":"Runesmith:AutoHammer"},{"floor":42,"key":"Whetstone"},{"floor":44,"key":"Mirror"},{"floor":44,"key":"Dream Catcher"},{"floor":46,"key":"Blue Doll"},{"floor":46,"key":"Snack Pack"},{"floor":56,"key":"Replay:Arrowhead"},{"floor":56,"key":"Bronze Scales"}],"event_choices":[{"damage_healed":0,"gold_gain":0,"player_choice":"Bought 0 Potions","damage_taken":0,"max_hp_gain":0,"max_hp_loss":0,"event_name":"The Woman in Blue","floor":32,"gold_loss":0},{"cards_removed":["Strike_R"],"damage_healed":0,"gold_gain":0,"player_choice":"Removed Attack","damage_taken":0,"max_hp_gain":0,"max_hp_loss":0,"event_name":"Falling","floor":39,"gold_loss":0},{"damage_healed":0,"gold_gain":0,"player_choice":"Memory 1","damage_taken":0,"max_hp_gain":0,"max_hp_loss":0,"event_name":"SensoryStone","floor":41,"gold_loss":0},{"damage_healed":0,"gold_gain":0,"player_choice":"Max HP","damage_taken":0,"max_hp_gain":0,"max_hp_loss":4,"event_name":"Winding Halls","floor":43,"gold_loss":0}],"is_beta":false,"boss_relics":[{"not_picked":["jedi:battlestandard","hubris:TerracottaHorce"],"picked":"hubris:Backtick"},{"not_picked":["ReplayTheSpireMod:DimensionalGlitch","Empty Cage"],"picked":"Black Star"}],"items_purged_floors":[40,55,55],"is_endless":false,"potions_floor_spawned":[3,4,6,7,10,16,21,29,30,31,33,38,42,56],"ascension_level":14}}