{"host":"j3h0p3l2xgzxhnx7","time":1609299535,"event":{"mods":["BaseMod","Luminous","Marisa????????","Minty Spire (QoL Compilation)","Remilia??????","StSLib","The Bug Knight","The Cursed","The Servant 0.9.4"],"gold_per_floor":[112,129,129,129,129,129,168,343,398,19,32,57,57,57,57,176,176,192,192,283,311,303,315,362,15,15,35,49,49,0,0,0,126,126,142,205,205,223,23,23,43,43,43,87,15,15,34,50,50,50],"floor_reached":51,"playtime":3117,"items_purged":["Doubt","Injury"],"score":791,"play_id":"d44c710f-f6eb-4fc5-98b8-66899c5a97f8","local_time":"20201230113855","is_ascension_mode":false,"campfire_choices":[{"data":"HollowMod:PogoStrike","floor":6,"key":"SMITH"},{"floor":13,"key":"REST"},{"data":"HollowMod:ChannelNail","floor":15,"key":"SMITH"},{"data":"HollowMod:Weaversong","floor":23,"key":"SMITH"},{"data":"HollowMod:SoulSplash","floor":32,"key":"SMITH"},{"floor":40,"key":"REST"},{"data":"HollowMod:AwokenDreamNail","floor":46,"key":"SMITH"},{"data":"HollowMod:ZotesMagnificence","floor":49,"key":"SMITH"}],"circlet_count":0,"master_deck":["HollowMod:NailStrikeStart","HollowMod:NailStrikeStart+1","HollowMod:NailStrikeStart","HollowMod:NailStrikeStart+1","HollowMod:QuickDashStart","HollowMod:QuickDashStart","HollowMod:QuickDashStart","HollowMod:QuickDashStart","HollowMod:FocusHealStart","HollowMod:PogoStrike+1","HollowMod:LifebloodCore+1","HollowMod:BaldurShell","HollowMod:DescendingDark","HollowMod:ChannelNail+1","HollowMod:CycloneSlash+1","HollowMod:DashSlash","HollowMod:Weaversong+1","HollowMod:DreamGate","HollowMod:SoulSplash+1","HollowMod:CloakDash","HollowMod:SoulSplash+1","HollowMod:QuirrelsAssistance+1","HollowMod:AwokenDreamNail+1","HollowMod:CrystalDash+1","HollowMod:BaldurShell+1","HollowMod:SoulStrike","HollowMod:LifebloodCocoon","HollowMod:FallenFury","HollowMod:ZotesMagnificence+1","HollowMod:SoulStrike"],"relics":["HollowMod:KingsSoulRelic","Regal Pillow","Golden Idol","TungstenRod","Lantern","HollowMod:JonisBlessing","Whetstone","MawBank","Pantograph","Ornamental Fan","Membership Card","Lizard Tail","HollowMod:LumaflyLanternRelic","Busted Crown","Ice Cream","Nunchaku","HandDrill","Mercury Hourglass","Thread and Needle","Sling"],"acts_visited":["Exordium","TheCity","TheBeyond"],"potions_floor_usage":[16,16,21,24,28,28,44,50,50,50,50,50,50],"damage_taken":[{"damage":0,"enemies":"Jaw Worm","floor":1,"turns":4},{"damage":0,"enemies":"2 Louse","floor":2,"turns":3},{"damage":46,"enemies":"Lagavulin","floor":7,"turns":10},{"damage":0,"enemies":"Small Slimes","floor":11,"turns":2},{"damage":0,"enemies":"Looter","floor":12,"turns":3},{"damage":7,"enemies":"Hexaghost","floor":16,"turns":12},{"damage":1,"enemies":"3 Byrds","floor":18,"turns":4},{"damage":0,"enemies":"Shell Parasite","floor":21,"turns":6},{"damage":0,"enemies":"HollowMod:Nosk","floor":24,"turns":7},{"damage":0,"enemies":"Shelled Parasite and Fungi","floor":27,"turns":5},{"damage":0,"enemies":"Centurion and Healer","floor":28,"turns":4},{"damage":81,"enemies":"Collector","floor":33,"turns":14},{"damage":0,"enemies":"Orb Walker","floor":35,"turns":4},{"damage":0,"enemies":"Mind Bloom Boss Battle","floor":36,"turns":6},{"damage":11,"enemies":"3 Shapes","floor":38,"turns":5},{"damage":0,"enemies":"Maw","floor":41,"turns":6},{"damage":2,"enemies":"Reptomancer","floor":44,"turns":6},{"damage":0,"enemies":"4 Shapes","floor":47,"turns":3},{"damage":0,"enemies":"Transient","floor":48,"turns":5},{"damage":0,"enemies":"Donu and Deca","floor":50,"turns":11}],"seed_played":"7886161110219072138","potions_obtained":[{"floor":2,"key":"Swift Potion"},{"floor":7,"key":"Weak Potion"},{"floor":18,"key":"ColorlessPotion"},{"floor":21,"key":"Fruit Juice"},{"floor":22,"key":"SkillPotion"},{"floor":24,"key":"DuplicationPotion"},{"floor":38,"key":"Fire Potion"},{"floor":47,"key":"FearPotion"},{"floor":48,"key":"EntropicBrew"}],"is_trial":false,"path_per_floor":["M","M","?","?","?","R","E","?","T","$","M","M","R","$","R","B",null,"M","?","T","M","?","R","E","$","T","M","M","$","?","?","R","B",null,"M","?","?","M","$","R","M","?","T","E","$","R","M","M","R","B",null],"character_chosen":"THE_BUGKNIGHT","items_purchased":["HollowMod:JonisBlessing","Whetstone","Membership Card","Lizard Tail","Nunchaku","HandDrill","HollowMod:SoulStrike","Swift Potion","Sling"],"campfire_rested":2,"item_purchase_floors":[10,10,25,25,39,39,39,39,45],"current_hp_per_floor":[75,75,75,63,63,63,29,29,29,29,29,29,66,66,66,59,75,74,74,74,79,79,79,79,79,79,79,79,79,79,79,79,40,80,80,80,80,69,69,80,80,80,80,78,78,78,78,78,78,78],"gold":50,"neow_bonus":"ONE_RANDOM_RARE_CARD","is_daily":false,"chose_seed":false,"campfire_upgraded":6,"win_rate":0.0,"timestamp":1609299535,"path_taken":["M","M","?","?","?","R","E","?","T","?","M","M","R","$","R","BOSS","M","?","?","M","?","R","E","$","T","?","M","?","?","?","R","BOSS","M","?","?","M","$","R","?","?","T","E","$","R","M","M","R","BOSS"],"items_purchased_type":["Relic","Relic","Relic","Relic","Relic","Relic","Card","Potion","Relic"],"build_version":"2020-12-22","purchased_purges":2,"victory":true,"max_hp_per_floor":[75,75,75,75,75,75,75,75,75,75,75,75,75,75,75,75,75,75,75,75,80,80,80,80,80,80,80,80,80,80,80,80,80,80,80,80,80,80,80,80,80,80,80,80,80,80,80,80,80,80],"card_choices":[{"not_picked":["HollowMod:LifebloodCocoon","HollowMod:SiblingsShadow"],"picked":"HollowMod:BaldurShell","floor":1},{"not_picked":["HollowMod:LuriensSpire","HollowMod:MonarchWings"],"picked":"HollowMod:DescendingDark","floor":2},{"not_picked":["HollowMod:HowlingWraiths","HollowMod:InfectedCysts"],"picked":"HollowMod:ChannelNail","floor":7},{"not_picked":["HollowMod:InfectedCysts","HollowMod:MonarchWings"],"picked":"HollowMod:CycloneSlash","floor":11},{"not_picked":["HollowMod:CrystalDash","HollowMod:VengefulSpirit"],"picked":"HollowMod:DashSlash","floor":12},{"not_picked":["HollowMod:MidwifesHunger","HollowMod:VoidDash"],"picked":"HollowMod:Weaversong","floor":16},{"not_picked":["HollowMod:WraithStrike+1","HollowMod:InfectedAttack"],"picked":"HollowMod:DreamGate","floor":18},{"not_picked":["HollowMod:InfectedAttack+1","HollowMod:NewLittleFool"],"picked":"HollowMod:SoulSplash","floor":21},{"not_picked":["HollowMod:DoubleDash+1","HollowMod:LifebloodCocoon"],"picked":"HollowMod:CloakDash","floor":24},{"not_picked":["HollowMod:HowlingWraiths","HollowMod:SiblingsSouls"],"picked":"HollowMod:SoulSplash+1","floor":27},{"not_picked":["HollowMod:GoodIntentions","HollowMod:VengefulVoid+1"],"picked":"HollowMod:QuirrelsAssistance","floor":28},{"not_picked":["HollowMod:NewInfectedGuardian","HollowMod:VoidDash"],"picked":"HollowMod:AwokenDreamNail","floor":33},{"not_picked":[],"picked":"HollowMod:CrystalDash+1","floor":35},{"not_picked":[],"picked":"HollowMod:BaldurShell+1","floor":36},{"not_picked":["HollowMod:VengefulSpirit"],"picked":"SKIP","floor":38},{"not_picked":[],"picked":"HollowMod:LifebloodCocoon","floor":41},{"not_picked":["HollowMod:InfectedAttack+1"],"picked":"SKIP","floor":44},{"not_picked":["HollowMod:WraithStrike+1"],"picked":"SKIP","floor":47},{"not_picked":["HollowMod:ShadowDash+1"],"picked":"SKIP","floor":48}],"player_experience":61915,"relics_obtained":[{"floor":7,"key":"TungstenRod"},{"floor":9,"key":"Lantern"},{"floor":20,"key":"Pantograph"},{"floor":24,"key":"Ornamental Fan"},{"floor":26,"key":"HollowMod:LumaflyLanternRelic"},{"floor":36,"key":"Ice Cream"},{"floor":43,"key":"Mercury Hourglass"},{"floor":44,"key":"Thread and Needle"}],"event_choices":[{"damage_healed":0,"gold_gain":0,"player_choice":"Grow","damage_taken":0,"max_hp_gain":0,"max_hp_loss":0,"event_name":"Living Wall","floor":3,"gold_loss":0,"cards_upgraded":["HollowMod:LifebloodCore"]},{"damage_healed":0,"gold_gain":0,"player_choice":"Success","damage_taken":12,"relics_obtained":["Regal Pillow"],"max_hp_gain":0,"max_hp_loss":0,"event_name":"Scrap Ooze","floor":4,"gold_loss":0},{"damage_healed":0,"gold_gain":0,"player_choice":"Take Wound","damage_taken":0,"relics_obtained":["Golden Idol"],"max_hp_gain":0,"max_hp_loss":0,"event_name":"Golden Idol","floor":5,"gold_loss":0,"cards_obtained":["Injury"]},{"damage_healed":0,"gold_gain":175,"player_choice":"AGREE","damage_taken":0,"max_hp_gain":0,"max_hp_loss":0,"event_name":"Liars Game","floor":8,"gold_loss":0,"cards_obtained":["Doubt"]},{"damage_healed":0,"gold_gain":0,"player_choice":"Opened","damage_taken":0,"relics_obtained":["MawBank"],"max_hp_gain":0,"max_hp_loss":0,"event_name":"The Mausoleum","floor":19,"gold_loss":0},{"damage_healed":0,"gold_gain":0,"player_choice":"Bought 1 Potion","damage_taken":0,"max_hp_gain":0,"max_hp_loss":0,"event_name":"The Woman in Blue","floor":22,"gold_loss":0},{"damage_healed":0,"gold_gain":0,"player_choice":"Paid Fearfully","damage_taken":0,"max_hp_gain":0,"max_hp_loss":0,"event_name":"Masked Bandits","floor":30,"gold_loss":49},{"damage_healed":0,"gold_gain":0,"player_choice":"Fight","damage_taken":0,"max_hp_gain":0,"max_hp_loss":0,"event_name":"MindBloom","floor":36,"gold_loss":0},{"cards_removed":["Lust_TH"],"damage_healed":0,"gold_gain":0,"player_choice":"Removed Curses","damage_taken":0,"max_hp_gain":0,"max_hp_loss":0,"event_name":"Fountain of Cleansing","floor":37,"gold_loss":0},{"damage_healed":0,"gold_gain":0,"player_choice":"3 cards matched","damage_taken":0,"max_hp_gain":0,"max_hp_loss":0,"event_name":"Match and Keep!","floor":42,"gold_loss":0,"cards_obtained":["HollowMod:FallenFury","HollowMod:ZotesMagnificence","HollowMod:SoulStrike"]}],"is_beta":false,"boss_relics":[{"not_picked":["Runic Pyramid","Coffee Dripper"],"picked":"HollowMod:KingsSoulRelic"},{"not_picked":["Velvet Choker","Runic Dome"],"picked":"Busted Crown"}],"items_purged_floors":[10,25],"is_endless":false,"potions_floor_spawned":[2,7,18,21,24,38,47,48],"ascension_level":0}}