{"host":"hfxp6ue4pvwo3fit","time":1609300750,"event":{"mods":["AchievementEnabler","BaseMod","Colored Map","Colored Powertips","Highlight Path","Minty Spire (QoL Compilation)","Relic Stats","StSLib","SuperFastMode"],"gold_per_floor":[117,30,49,59,79,79,113,127,127,127,143,143,163,174,174,174,174],"floor_reached":16,"playtime":386,"items_purged":[],"score":212,"play_id":"a3f64ccb-21d1-45f1-9a77-5dc2cdecc296","local_time":"20201229215910","is_ascension_mode":true,"campfire_choices":[{"data":"Streamline","floor":6,"key":"SMITH"},{"data":"Loop","floor":10,"key":"SMITH"},{"floor":15,"key":"REST"}],"circlet_count":0,"master_deck":["AscendersBane","Strike_B","Strike_B","Strike_B","Strike_B","Defend_B","Defend_B","Defend_B","Defend_B","Zap","Dualcast+1","Streamline+1","Defragment","Undo","Loop+1","Coolheaded+1","Fusion"],"relics":["Busted Crown","Ancient Tea Set","Anchor"],"acts_visited":["Exordium"],"potions_floor_usage":[7,14,16],"damage_taken":[{"damage":1,"enemies":"Cultist","floor":1,"turns":3},{"damage":3,"enemies":"2 Louse","floor":3,"turns":3},{"damage":7,"enemies":"Jaw Worm","floor":4,"turns":3},{"damage":4,"enemies":"3 Louse","floor":5,"turns":3},{"damage":10,"enemies":"3 Sentries","floor":7,"turns":9},{"damage":13,"enemies":"Blue Slaver","floor":8,"turns":4},{"damage":0,"enemies":"Red Slaver","floor":11,"turns":3},{"damage":0,"enemies":"Gremlin Gang","floor":13,"turns":5},{"damage":0,"enemies":"Blue Slaver","floor":14,"turns":3},{"damage":35,"enemies":"Slime Boss","floor":16,"turns":3}],"seed_played":"3449104400245046558","potions_obtained":[{"floor":4,"key":"DistilledChaos"},{"floor":5,"key":"PotionOfCapacity"},{"floor":8,"key":"ColorlessPotion"},{"floor":14,"key":"SpeedPotion"}],"is_trial":false,"path_per_floor":["M","$","M","M","M","R","E","M","T","R","M","?","M","M","R","B"],"character_chosen":"DEFECT","items_purchased":["Defragment"],"campfire_rested":1,"item_purchase_floors":[2],"current_hp_per_floor":[63,63,60,53,49,49,39,26,26,26,26,5,5,5,26,0,0],"gold":174,"neow_bonus":"BOSS_RELIC","is_daily":false,"chose_seed":false,"campfire_upgraded":2,"win_rate":0.0,"timestamp":1609300750,"path_taken":["M","?","M","M","M","R","E","M","T","R","M","?","M","M","R","BOSS"],"items_purchased_type":["Card"],"build_version":"2020-12-22","purchased_purges":0,"victory":false,"max_hp_per_floor":[71,71,71,71,71,71,71,71,71,71,71,71,71,71,71,71,71],"relic_stats":{"Busted Crown":18,"counters":[10,39],"obtain_stats":[{"Anchor":9,"Busted Crown":0,"Cracked Core":0,"Ancient Tea Set":7},{"Anchor":6,"Busted Crown":0,"Cracked Core":0,"Ancient Tea Set":5},{"Anchor":25,"Busted Crown":0,"Cracked Core":0,"Ancient Tea Set":21}]},"card_choices":[{"not_picked":[],"picked":"Streamline","floor":1},{"not_picked":["Streamline"],"picked":"SKIP","floor":3},{"not_picked":[],"picked":"Undo","floor":4},{"not_picked":["Lockon"],"picked":"SKIP","floor":5},{"not_picked":[],"picked":"Loop","floor":7},{"not_picked":["Lockon"],"picked":"SKIP","floor":8},{"not_picked":[],"picked":"Coolheaded","floor":11},{"not_picked":["Stack"],"picked":"SKIP","floor":13},{"not_picked":[],"picked":"Fusion","floor":14}],"player_experience":453468,"relics_obtained":[{"floor":7,"key":"Ancient Tea Set"},{"floor":9,"key":"Anchor"}],"event_choices":[{"damage_healed":0,"gold_gain":0,"player_choice":"Entered Light","damage_taken":21,"max_hp_gain":0,"max_hp_loss":0,"event_name":"Shining Light","floor":12,"gold_loss":0,"cards_upgraded":["Dualcast","Coolheaded"]}],"is_beta":false,"boss_relics":[],"items_purged_floors":[],"is_endless":false,"potions_floor_spawned":[4,5,8,11,14],"killed_by":"Slime Boss","ascension_level":20}}