{"host":"q5586ea2nrmr4nty","time":1609370595,"event":{"mods":["AchievementEnabler","BaseMod","Colored Map","Colored Powertips","Custom Start","Friendly Minions","Highlight Path","Minty Spire (QoL Compilation)","Quick Restart","StSLib","SuperFastMode"],"gold_per_floor":[112,287,287,305,321,321,321,338,338,338,351,381,381,397,397,499,499,515,440,469,469,469,469,316,316,364,384,87,99,99,110,110,215,215,231,241,91,108,158,158,193,193,240,240,268,49,49,61,61,61,61,61,23,50,50,50],"floor_reached":55,"playtime":2662,"items_purged":["Strike_R"],"score":782,"play_id":"08bcb656-d1f7-4796-9774-0b6f352b298c","local_time":"20201231102315","is_ascension_mode":true,"campfire_choices":[{"data":"Rupture","floor":6.0,"key":"SMITH"},{"data":"Uppercut","floor":10.0,"key":"SMITH"},{"data":"Whirlwind","floor":13.0,"key":"SMITH"},{"data":"Bludgeon","floor":15.0,"key":"SMITH"},{"data":"Berserk","floor":23.0,"key":"SMITH"},{"data":"Seeing Red","floor":25.0,"key":"SMITH"},{"data":"Berserk","floor":30.0,"key":"SMITH"},{"data":"Bloodletting","floor":32.0,"key":"SMITH"},{"floor":40,"key":"REST"},{"floor":42,"key":"REST"},{"floor":47,"key":"REST"},{"floor":49,"key":"RECALL"},{"data":"Limit Break","floor":52,"key":"SMITH"}],"circlet_count":0,"master_deck":["Strike_R","Strike_R","Strike_R","Defend_R","Defend_R","Defend_R","Defend_R","Bash","Rupture+1","Doubt","Uppercut+1","Uppercut","Clothesline","Whirlwind+1","Bludgeon+1","Seeing Red+1","Shrug It Off","Berserk+1","Flex","Bloodletting+1","Metallicize","Inflame","Bloodletting+1","Shockwave","Berserk+1","Fire Breathing+1","Armaments+1","Limit Break+1","Iron Wave+1","Demon Form","Thunderclap","Combust+1","Fire Breathing+1","Pommel Strike","Headbutt+1","Warcry+1","Inflame","Hemokinesis+1","Spot Weakness","Combust","Spot Weakness"],"relics":["Burning Blood","NeowsBlessing","Kunai","Prayer Wheel","PreservedInsect","Sozu","Red Mask","Enchiridion","Nunchaku","Brimstone","Bag of Preparation","Mark of Pain","Centennial Puzzle","Gambling Chip","Thread and Needle","HornCleat","Art of War","Lantern","Shuriken"],"acts_visited":["Exordium","TheCity","TheBeyond","TheEnding"],"potions_floor_usage":[],"damage_taken":[{"damage":0.0,"enemies":"Cultist","floor":1.0,"turns":1.0},{"damage":0.0,"enemies":"2 Louse","floor":4.0,"turns":1.0},{"damage":0.0,"enemies":"Jaw Worm","floor":5.0,"turns":1.0},{"damage":16.0,"enemies":"Lots of Slimes","floor":8.0,"turns":5.0},{"damage":0.0,"enemies":"Large Slime","floor":11.0,"turns":5.0},{"damage":0.0,"enemies":"3 Louse","floor":14.0,"turns":1.0},{"damage":55.0,"enemies":"Slime Boss","floor":16.0,"turns":9.0},{"damage":28.0,"enemies":"3 Byrds","floor":18.0,"turns":4.0},{"damage":30.0,"enemies":"Masked Bandits","floor":20.0,"turns":4.0},{"damage":3.0,"enemies":"Chosen","floor":27.0,"turns":2.0},{"damage":0.0,"enemies":"Snake Plant","floor":29.0,"turns":1.0},{"damage":2.0,"enemies":"Snecko","floor":31.0,"turns":3.0},{"damage":40,"enemies":"Automaton","floor":33,"turns":6},{"damage":37,"enemies":"3 Darklings","floor":35,"turns":5},{"damage":18,"enemies":"Orb Walker","floor":36,"turns":3},{"damage":6,"enemies":"Spire Growth","floor":38,"turns":2},{"damage":24,"enemies":"Mind Bloom Boss Battle","floor":39,"turns":4},{"damage":9,"enemies":"Giant Head","floor":41,"turns":5},{"damage":20,"enemies":"Reptomancer","floor":45,"turns":4},{"damage":9,"enemies":"Jaw Worm Horde","floor":48,"turns":2},{"damage":64,"enemies":"Donu and Deca","floor":50,"turns":6},{"damage":12,"enemies":"Shield and Spear","floor":54,"turns":2},{"damage":78,"enemies":"The Heart","floor":55,"turns":3}],"seed_played":"-3981705221320944092","potions_obtained":[{"floor":1.0,"key":"SpeedPotion"},{"floor":11.0,"key":"DuplicationPotion"},{"floor":16.0,"key":"BlessingOfTheForge"}],"is_trial":false,"path_per_floor":["M","?","?","M","M","R","?","M","T","R","M","?","R","M","R","B",null,"M","?","?","?","?","R","$","R","T","M","$","M","R","M","R","B",null,"M","M","$","M","?","R","E","R","T","T","E","$","R","M","R","B",null,"R","$","E","B"],"character_chosen":"IRONCLAD","items_purchased":["Inflame","Brimstone","Bag of Preparation","Centennial Puzzle","Lantern","Inflame","Combust"],"campfire_rested":3,"item_purchase_floors":[24,28,28,37,46,46,53],"current_hp_per_floor":[80,80,62,68,74,74,74,64,64,64,70,70,70,76,76,27,80,58,58,34,60,44,44,44,44,44,47,47,53,53,57,57,23,80,49,37,37,37,19,43,40,64,64,64,50,50,74,71,71,13,80,80,80,74,0,0],"gold":50,"neow_bonus":"THREE_ENEMY_KILL","is_daily":false,"chose_seed":false,"campfire_upgraded":9,"win_rate":0.0,"timestamp":1609370595,"path_taken":["M","?","?","M","M","R","?","?","T","R","M","?","R","M","R","BOSS","M","?","?","?","?","R","$","R","T","M","?","M","R","M","R","BOSS","M","?","$","M","?","R","E","R","T","?","E","?","R","M","R","BOSS","R","$","E","BOSS"],"items_purchased_type":["Card","Relic","Relic","Relic","Relic","Card","Card"],"build_version":"2020-12-22","purchased_purges":1,"victory":false,"max_hp_per_floor":[80,80,80,80,80,80,80,80,80,80,80,80,80,80,80,80,80,80,80,80,80,80,80,80,80,80,80,80,80,80,80,80,80,80,80,80,80,80,80,80,80,80,80,80,80,80,80,80,80,80,80,80,80,80,80,80],"card_choices":[{"not_picked":["Hemokinesis","Sword Boomerang"],"picked":"Rupture","floor":1.0},{"not_picked":["Wild Strike","Warcry"],"picked":"Uppercut","floor":4.0},{"not_picked":["Burning Pact","Anger"],"picked":"Uppercut","floor":5.0},{"not_picked":["Warcry","Anger"],"picked":"Clothesline","floor":8.0},{"not_picked":["Warcry","Blood for Blood"],"picked":"Whirlwind","floor":11.0},{"not_picked":["Wild Strike","Armaments"],"picked":"Bludgeon","floor":11.0},{"not_picked":["Clothesline","Perfected Strike"],"picked":"Seeing Red","floor":14.0},{"not_picked":["Second Wind","Havoc"],"picked":"Shrug It Off","floor":14.0},{"not_picked":["Exhume","Double Tap"],"picked":"Berserk","floor":16.0},{"not_picked":["Twin Strike+1","Warcry"],"picked":"Flex","floor":18.0},{"not_picked":["Perfected Strike","Sentinel+1"],"picked":"Bloodletting","floor":18.0},{"not_picked":["Feel No Pain+1","Fire Breathing"],"picked":"Metallicize","floor":20.0},{"not_picked":["Armaments","Cleave+1"],"picked":"Bloodletting+1","floor":27.0},{"not_picked":["Clash","Warcry"],"picked":"Shockwave","floor":27.0},{"not_picked":["Sword Boomerang","Inflame"],"picked":"Berserk","floor":29.0},{"not_picked":["Clash","Clothesline","Wild Strike"],"picked":"SKIP","floor":29.0},{"not_picked":["Anger","Sword Boomerang"],"picked":"Fire Breathing+1","floor":31.0},{"not_picked":["Havoc","Heavy Blade"],"picked":"Armaments+1","floor":31.0},{"not_picked":["Bludgeon","Brutality"],"picked":"Limit Break","floor":33},{"not_picked":["Havoc","Seeing Red"],"picked":"Iron Wave+1","floor":35},{"not_picked":["Hemokinesis+1","Heavy Blade"],"picked":"Demon Form","floor":35},{"not_picked":["Clothesline","Body Slam"],"picked":"Thunderclap","floor":36},{"not_picked":["Sword Boomerang","Wild Strike"],"picked":"Combust+1","floor":36},{"not_picked":["Thunderclap+1","Iron Wave+1"],"picked":"Fire Breathing+1","floor":38},{"not_picked":["Havoc+1","Twin Strike+1"],"picked":"Pommel Strike","floor":38},{"not_picked":["Rampage","Wild Strike+1"],"picked":"Headbutt+1","floor":39},{"not_picked":["Wild Strike+1","Hemokinesis+1"],"picked":"Warcry+1","floor":41},{"not_picked":["Clash+1","Feed","Twin Strike+1"],"picked":"SKIP","floor":45},{"not_picked":["Body Slam+1","Metallicize"],"picked":"Hemokinesis+1","floor":48},{"not_picked":["Warcry","True Grit+1"],"picked":"Spot Weakness","floor":48},{"not_picked":["Infernal Blade","Perfected Strike+1"],"picked":"Spot Weakness","floor":54}],"player_experience":113827,"relics_obtained":[{"floor":9.0,"key":"Prayer Wheel"},{"floor":20.0,"key":"Red Mask"},{"floor":22.0,"key":"Enchiridion"},{"floor":26.0,"key":"Nunchaku"},{"floor":39,"key":"Gambling Chip"},{"floor":41,"key":"Thread and Needle"},{"floor":44,"key":"HornCleat"},{"floor":45,"key":"Art of War"},{"floor":54,"key":"Shuriken"}],"event_choices":[{"damage_healed":0.0,"max_hp_gain":0.0,"max_hp_loss":0.0,"gold_gain":175.0,"event_name":"Liars Game","player_choice":"AGREE","floor":2.0,"gold_loss":0.0,"damage_taken":0.0,"cards_obtained":["Doubt"]},{"damage_healed":0.0,"max_hp_gain":0.0,"max_hp_loss":0.0,"gold_gain":0.0,"event_name":"Scrap Ooze","player_choice":"Success","floor":3.0,"gold_loss":0.0,"damage_taken":18.0,"relics_obtained":["Kunai"]},{"damage_healed":0.0,"max_hp_gain":0.0,"max_hp_loss":0.0,"gold_gain":0.0,"event_name":"The Woman in Blue","player_choice":"Bought 0 Potions","floor":7.0,"gold_loss":0.0,"damage_taken":0.0},{"damage_healed":0.0,"max_hp_gain":0.0,"max_hp_loss":0.0,"gold_gain":30.0,"event_name":"Dead Adventurer","player_choice":"Searched \u00273\u0027 times","floor":12.0,"gold_loss":0.0,"damage_taken":0.0,"relics_obtained":["PreservedInsect"]},{"cards_removed":["Strike_R"],"damage_healed":0.0,"max_hp_gain":0.0,"max_hp_loss":0.0,"gold_gain":0.0,"event_name":"Beggar","player_choice":"Gave Gold","floor":19.0,"gold_loss":75.0,"damage_taken":0.0},{"damage_healed":0.0,"max_hp_gain":0.0,"max_hp_loss":0.0,"gold_gain":0.0,"event_name":"Masked Bandits","player_choice":"Fought Bandits","floor":20.0,"gold_loss":0.0,"damage_taken":0.0},{"damage_healed":26.0,"max_hp_gain":0.0,"max_hp_loss":0.0,"gold_gain":0.0,"event_name":"The Library","player_choice":"Heal","floor":21.0,"gold_loss":0.0,"damage_taken":0.0},{"damage_healed":0.0,"max_hp_gain":0.0,"max_hp_loss":0.0,"gold_gain":0.0,"event_name":"Cursed Tome","player_choice":"Obtained Book","floor":22.0,"gold_loss":0.0,"damage_taken":16.0},{"damage_healed":0,"gold_gain":0,"player_choice":"Fight","damage_taken":0,"max_hp_gain":0,"max_hp_loss":0,"event_name":"MindBloom","floor":39,"gold_loss":0}],"is_beta":false,"boss_relics":[{"not_picked":["Fusion Hammer","Black Star"],"picked":"Sozu"},{"not_picked":["Tiny House","Runic Pyramid"],"picked":"Mark of Pain"}],"items_purged_floors":[24],"is_endless":false,"potions_floor_spawned":[1,11,16,18,29,31,36,41,54],"killed_by":"The Heart","ascension_level":2}}