{"host":"f5uumzf5hfexzk8l","time":1609309157,"event":{"mods":["AchievementEnabler","BaseMod","Colored Map","Googly Eyes","Highlight Path","Minty Spire (QoL Compilation)","Permanent Neow","StSLib","SuperFastMode","Unceasing Turn Reminder","everything is the same but u backflip on backflip"],"gold_per_floor":[116,135,146,156,174,174,204,204,204,218,251,251,40,59,59,159,159,179,208,223,223,223],"floor_reached":21,"playtime":1030,"items_purged":["Strike_B"],"score":241,"play_id":"a3018878-b4b2-44d3-8daf-87d4732f59a5","local_time":"20201229221917","is_ascension_mode":true,"campfire_choices":[{"data":"Strike_B","floor":6.0,"key":"PURGE"},{"floor":8.0,"key":"REST"},{"data":"Reprogram","floor":15.0,"key":"SMITH"}],"circlet_count":0,"master_deck":["Strike_B","Strike_B","Defend_B","Defend_B","Defend_B","Defend_B","Zap","Dualcast","FTL","Gash","Gash","Sweeping Beam","Conserve Battery","Ball Lightning","Self Repair","Hologram","Reprogram+1","All For One","Gash","Undo"],"relics":["Cracked Core","Peace Pipe","Gremlin Horn","Gambling Chip","Turnip","Philosopher\u0027s Stone","Red Mask"],"acts_visited":["Exordium","TheCity"],"potions_floor_usage":[16,16],"damage_taken":[{"damage":0.0,"enemies":"Cultist","floor":1.0,"turns":4.0},{"damage":2.0,"enemies":"Small Slimes","floor":2.0,"turns":4.0},{"damage":5.0,"enemies":"2 Louse","floor":3.0,"turns":2.0},{"damage":11.0,"enemies":"2 Fungi Beasts","floor":4.0,"turns":3.0},{"damage":6.0,"enemies":"Exordium Wildlife","floor":5.0,"turns":3.0},{"damage":20.0,"enemies":"Lagavulin","floor":7.0,"turns":7.0},{"damage":1.0,"enemies":"Large Slime","floor":10.0,"turns":4.0},{"damage":18.0,"enemies":"3 Sentries","floor":11.0,"turns":5.0},{"damage":3.0,"enemies":"Looter","floor":14.0,"turns":3.0},{"damage":29,"enemies":"Hexaghost","floor":16,"turns":9},{"damage":6,"enemies":"Chosen","floor":18,"turns":4},{"damage":33,"enemies":"Masked Bandits","floor":19,"turns":5},{"damage":29,"enemies":"3 Byrds","floor":20,"turns":3}],"seed_played":"-8444083918860669194","potions_obtained":[{"floor":1.0,"key":"SteroidPotion"},{"floor":5.0,"key":"Energy Potion"},{"floor":7.0,"key":"Strength Potion"},{"floor":10.0,"key":"LiquidBronze"},{"floor":16,"key":"FocusPotion"},{"floor":20,"key":"Energy Potion"}],"is_trial":false,"path_per_floor":["M","M","M","M","M","R","E","R","T","M","E","?","$","M","R","B",null,"M","?","M","?"],"character_chosen":"DEFECT","items_purchased":["Self Repair","Hologram"],"campfire_rested":1,"item_purchase_floors":[13,13],"current_hp_per_floor":[54,52,47,36,30,30,10,32,32,31,13,38,38,42,42,20,61,62,36,14,0,0],"gold":223,"neow_bonus":"ONE_RARE_RELIC","is_daily":false,"chose_seed":false,"campfire_upgraded":1,"win_rate":0.0,"timestamp":1609309157,"path_taken":["M","M","M","M","?","R","E","R","T","M","E","?","$","M","R","BOSS","M","?","M","?"],"items_purchased_type":["Card","Card"],"build_version":"2020-12-22","purchased_purges":1,"victory":false,"max_hp_per_floor":[75,75,75,75,75,75,75,75,75,75,75,75,75,75,75,75,75,75,75,75,80,80],"card_choices":[{"not_picked":["Redo","Rebound","Steam"],"picked":"SKIP","floor":1.0},{"not_picked":["Auto Shields","Cold Snap"],"picked":"FTL","floor":2.0},{"not_picked":["Leap","Steam Power"],"picked":"Gash","floor":3.0},{"not_picked":["Go for the Eyes","Hologram"],"picked":"Gash","floor":4.0},{"not_picked":["Turbo","Doom and Gloom"],"picked":"Sweeping Beam","floor":5.0},{"not_picked":["Beam Cell","Buffer"],"picked":"Conserve Battery","floor":7.0},{"not_picked":["Turbo","Barrage","Beam Cell"],"picked":"SKIP","floor":10.0},{"not_picked":["Steam Power","Consume"],"picked":"Ball Lightning","floor":11.0},{"not_picked":["Ball Lightning","Cold Snap"],"picked":"Reprogram","floor":14.0},{"not_picked":["Core Surge","Seek"],"picked":"All For One","floor":16},{"not_picked":["Redo+1","Reprogram","Turbo"],"picked":"SKIP","floor":18},{"not_picked":["Beam Cell","Stack"],"picked":"Gash","floor":19},{"not_picked":["Steam","Redo"],"picked":"Undo","floor":20}],"player_experience":339853,"relics_obtained":[{"floor":7.0,"key":"Gremlin Horn"},{"floor":9.0,"key":"Gambling Chip"},{"floor":11.0,"key":"Turnip"},{"floor":19,"key":"Red Mask"}],"event_choices":[{"damage_healed":25.0,"max_hp_gain":0.0,"max_hp_loss":0.0,"gold_gain":0.0,"event_name":"Big Fish","player_choice":"Banana","floor":12.0,"gold_loss":0.0,"damage_taken":0.0},{"damage_healed":0,"gold_gain":0,"player_choice":"Fought Bandits","damage_taken":0,"max_hp_gain":0,"max_hp_loss":0,"event_name":"Masked Bandits","floor":19,"gold_loss":0},{"damage_healed":0,"gold_gain":0,"player_choice":"Shed Blood","damage_taken":19,"max_hp_gain":5,"max_hp_loss":0,"event_name":"Forgotten Altar","floor":21,"gold_loss":0}],"is_beta":false,"boss_relics":[{"not_picked":["Velvet Choker","Calling Bell","Fusion Hammer"]}],"items_purged_floors":[13],"is_endless":false,"potions_floor_spawned":[1,5,7,10,14,16,20],"ascension_level":5}}