{"host":"fdmexzkyss3ff9bv","time":1609335045,"event":{"mods":["BaseMod","Beaked The Cultist","BetterRewards","Downfall","Glutton Mod","Halation","Hubris","Infinite Spire","Minty Spire (QoL Compilation)","Replay The Spire","StSLib","The Animator","The Blackbeard","The Bug Knight","The Construct","The Mystic","The Servant 0.9.4","The Witch"],"gold_per_floor":[116,116,116,116,141,141,159,176,176,187,197,197,227,241,241,338,338,348,406,421,421,696,696,696,713,713,729,165,175,175,193,193,290,290,325,325,325,360,8,8,41,58,58,90,90,110,135,135,135,135,135,135,52,90,90,90],"floor_reached":55,"playtime":3066,"items_purged":["Regret"],"score":1229,"play_id":"f08a3f29-88ed-4b07-9056-2b32ce565080","local_time":"20201230143045","is_ascension_mode":false,"campfire_choices":[{"floor":6,"key":"REST"},{"floor":12,"key":"REST"},{"floor":15,"key":"REST"},{"floor":24,"key":"REST"},{"floor":32,"key":"RECALL"},{"floor":40,"key":"REST"},{"floor":49,"key":"REST"},{"data":"Hyperbeam","floor":52,"key":"SMITH"}],"circlet_count":0,"master_deck":["Defend_B","Defend_B","Defend_B+1","Defend_B+1","Dualcast","Reinforced Body","Skim+1","Double Energy","Sunder","Barrage","Sweeping Beam","Gash","Rebound","Hyperbeam+1","Steam","ReplayTheSpireMod:Splinters","Cold Snap+1","ReplayGash+1","Bite","Bite","Bite","Bite","Bite","Leap+1","Leap+1","Streamline","Streamline","Secret Weapon","Survey Options","Auto Shields+1","Mirror Shield","Compile Driver+1","infinitespire:Gouge","Hologram+1","Sunder","FTL+1","Doubt","Aggregate","Rebound+1","Gash+1","expansioncontent:HyperBeam+1"],"relics":["Cracked Core","hubris:GlazedTorus","Shuriken","hubris:Towel","halation:PinkSoulGem","halation:PromiseList","Gremlin Horn","halation:SmartPhone","halation:NonexistentMirror","infinitespire:Broken Mirror","Matryoshka","Cursed Key","infinitespire:EvilPickle","Replay:Mystery Machine","hubris:Reverence","halation:BottledLove","Molten Egg 2","halation:AfternoonTea","Prayer Wheel","Lizard Tail","halation:PapillonHeart","Simple Rune"],"acts_visited":["Exordium","TheCity","TheBeyond","TheEnding"],"potions_floor_usage":[16,31,33,33,50],"damage_taken":[{"damage":1,"enemies":"Jaw Worm","floor":1,"turns":5},{"damage":9,"enemies":"2 Louse","floor":7,"turns":3},{"damage":0,"enemies":"Small Slimes","floor":8,"turns":2},{"damage":13,"enemies":"Looter","floor":10,"turns":3},{"damage":2,"enemies":"2 Fungi Beasts","floor":11,"turns":2},{"damage":16,"enemies":"Replay:BlueRogue","floor":13,"turns":5},{"damage":8,"enemies":"Red Slaver","floor":14,"turns":2},{"damage":40,"enemies":"Hexaghost","floor":16,"turns":7},{"damage":0,"enemies":"3 Byrds","floor":18,"turns":1},{"damage":5,"enemies":"Chosen","floor":20,"turns":3},{"damage":0,"enemies":"Sentry and Sphere","floor":25,"turns":3},{"damage":0,"enemies":"Centurion and Healer","floor":27,"turns":1},{"damage":9,"enemies":"Snake Plant","floor":29,"turns":2},{"damage":0,"enemies":"3 Cultists","floor":31,"turns":3},{"damage":27,"enemies":"Pondfish","floor":33,"turns":12},{"damage":9,"enemies":"3 Shapes","floor":35,"turns":1},{"damage":8,"enemies":"Orb Walker","floor":38,"turns":2},{"damage":19,"enemies":"Giant Head","floor":41,"turns":7},{"damage":0,"enemies":"Jaw Worm Horde","floor":42,"turns":2},{"damage":7,"enemies":"Reptomancer","floor":44,"turns":5},{"damage":3,"enemies":"4 Shapes","floor":46,"turns":1},{"damage":0,"enemies":"Sphere and 2 Shapes","floor":47,"turns":1},{"damage":6,"enemies":"hubris:GrandSnecko","floor":50,"turns":9},{"damage":34,"enemies":"Shield and Spear","floor":54,"turns":3},{"damage":104,"enemies":"The Heart","floor":55,"turns":5}],"seed_played":"-4639066504378791794","potions_obtained":[{"floor":8,"key":"LiquidMemories"},{"floor":14,"key":"GamblersBrew"},{"floor":18,"key":"FearPotion"},{"floor":19,"key":"PowerPotion"},{"floor":25,"key":"SkillPotion"},{"floor":31,"key":"BlessingOfTheForge"},{"floor":33,"key":"sneckomod:MuddlingPotion"},{"floor":35,"key":"Explosive Potion"},{"floor":47,"key":"SkillPotion"}],"is_trial":false,"path_per_floor":["M","?","?","?","T","R","M","M","T","M","M","R","E","M","R","B",null,"M","?","M","?","?","AVR","R","M","T","M","$","M","?","M","R","B",null,"M","?","AVR","M","$","R","E","M","T","E","$","M","M","?","R","B",null,"R","$","E","B"],"character_chosen":"DEFECT","items_purchased":["FairyPotion","Streamline","Matryoshka","Secret Weapon","Survey Options","Sunder","hubris:Reverence","expansioncontent:HyperBeam+1"],"campfire_rested":6,"item_purchase_floors":[0,28,28,28,28,39,39,53],"current_hp_per_floor":[37,37,37,37,37,59,50,50,50,37,35,57,41,33,55,15,75,68,54,42,37,32,32,47,52,52,48,28,23,23,22,22,17,52,40,40,35,26,21,36,24,19,14,10,10,9,4,4,18,41,49,49,45,15,0,0],"gold":90,"neow_bonus":"","is_daily":false,"chose_seed":false,"campfire_upgraded":1,"win_rate":0.0,"timestamp":1609335045,"path_taken":["M","?","?","?","?","R","M","M","T","M","M","R","E","M","R","BOSS","M","?","M","?","?","AVR","R","M","T","?","$","M","?","M","R","BOSS","M","?","AVR","M","?","R","E","M","T","E","$","M","M","?","R","BOSS","R","$","E","BOSS"],"items_purchased_type":["Potion","Card","Relic","Card","Card","Card","Relic","Card"],"build_version":"2020-12-13","purchased_purges":1,"victory":false,"max_hp_per_floor":[75,75,75,75,75,75,75,75,75,75,75,75,75,75,75,75,75,75,75,75,52,52,52,52,52,52,52,52,52,52,52,52,52,52,52,52,52,52,52,52,52,52,52,52,52,52,52,49,49,49,49,49,49,49,49,49],"card_choices":[{"not_picked":["Cold Snap","Ball Lightning"],"picked":"Skim","floor":1},{"not_picked":["Chaos","Turbo"],"picked":"Double Energy","floor":7},{"not_picked":["Streamline","Storm"],"picked":"Sunder","floor":8},{"not_picked":["Stack","Gash"],"picked":"Barrage","floor":10},{"not_picked":["BasicCrystalCard","Force Field"],"picked":"Sweeping Beam","floor":11},{"not_picked":["Stack","Streamline"],"picked":"Gash","floor":13},{"not_picked":["Streamline","Steam Power"],"picked":"Rebound","floor":14},{"not_picked":["ReplayTheSpireMod:Omega Cannon","Core Surge"],"picked":"Hyperbeam","floor":16},{"not_picked":["Lockon+1","Scrape"],"picked":"Steam","floor":18},{"not_picked":["Rebound","Capacitor"],"picked":"Cold Snap+1","floor":19},{"not_picked":["Barrage","ReplayRNGCard"],"picked":"ReplayGash+1","floor":20},{"not_picked":["Static Discharge","Time Bomb","Panic Button"],"picked":"SKIP","floor":25},{"not_picked":["Turbo","Skim"],"picked":"Leap+1","floor":27},{"not_picked":["Loop","Time Bomb","Redo"],"picked":"SKIP","floor":29},{"not_picked":["ReplayTheSpireMod:Calculation Training","Streamline"],"picked":"Auto Shields+1","floor":31},{"not_picked":["Fission","Thunder Strike"],"picked":"Mirror Shield","floor":33},{"not_picked":["Leap","BasicCrystalCard"],"picked":"Compile Driver+1","floor":35},{"not_picked":["Redo","Crystallizer"],"picked":"Hologram+1","floor":38},{"not_picked":["Reprogram","Sweeping Beam"],"picked":"FTL+1","floor":41},{"not_picked":["Undo","Fusion+1"],"picked":"ReplayTheSpireMod:Fabricate Wheel","floor":42},{"not_picked":["Streamline+1","Barrage+1"],"picked":"Aggregate","floor":44},{"not_picked":["Scrape+1","Chill"],"picked":"Rebound+1","floor":46},{"not_picked":["Capacitor+1","Coolheaded+1","Redo+1"],"picked":"SKIP","floor":46},{"not_picked":["Turbo","Leap"],"picked":"Gash+1","floor":47},{"not_picked":["Tempest","Steam","Cold Snap+1"],"picked":"SKIP","floor":47},{"not_picked":["Coolheaded+1","Panic Button+1","Turbo"],"picked":"SKIP","floor":54}],"player_experience":53602,"relics_obtained":[{"floor":5,"key":"halation:PromiseList"},{"floor":13,"key":"Gremlin Horn"},{"floor":26,"key":"infinitespire:Broken Mirror"},{"floor":41,"key":"halation:BottledLove"},{"floor":43,"key":"Molten Egg 2"},{"floor":43,"key":"halation:AfternoonTea"},{"floor":44,"key":"Lizard Tail"},{"floor":54,"key":"Simple Rune"}],"event_choices":[{"damage_healed":0,"gold_gain":0,"player_choice":"Grow","damage_taken":0,"max_hp_gain":0,"max_hp_loss":0,"event_name":"Living Wall","floor":2,"gold_loss":0,"cards_upgraded":["Skim"]},{"damage_healed":0,"gold_gain":0,"player_choice":"Became a vampire","damage_taken":0,"max_hp_gain":0,"max_hp_loss":23,"event_name":"Vampires","floor":21,"gold_loss":0,"cards_obtained":["Bite","Bite","Bite","Bite","Bite"]},{"damage_healed":0,"gold_gain":275,"player_choice":"Desecrate","damage_taken":0,"max_hp_gain":0,"max_hp_loss":0,"event_name":"Golden Shrine","floor":22,"gold_loss":0,"cards_obtained":["Regret"]},{"damage_healed":0,"gold_gain":0,"player_choice":"Ignored","damage_taken":0,"max_hp_gain":0,"max_hp_loss":0,"event_name":"Cursed Tome","floor":30,"gold_loss":0},{"damage_healed":0,"gold_gain":0,"player_choice":"Bought 0 Potions","damage_taken":0,"max_hp_gain":0,"max_hp_loss":0,"event_name":"The Woman in Blue","floor":36,"gold_loss":0}],"is_beta":false,"boss_relics":[{"not_picked":["Replay:Grab Bag","hubris:Backtick"],"picked":"halation:SmartPhone"},{"not_picked":["Empty Cage","Snecko Eye"],"picked":"Cursed Key"}],"items_purged_floors":[39],"is_endless":false,"potions_floor_spawned":[8,14,18,25,29,31,33,35,47],"killed_by":"The Heart","ascension_level":0}}