{"host":"rmsq46plbpwfbxcc","time":1609343337,"event":{"mods":["AchievementEnabler","BaseMod","Colored Map","Colored Powertips","DeckTracker","KOR Keyword Fix","Minty Spire (QoL Compilation)","Permanent Neow","SuperFastMode"],"gold_per_floor":[115,40,66,66,78,78,113,131,131,131,131,131,150,168,168,247,247,261,261,186,196,208,243,243,261,261,261,361,374,388,406,406,478,478,493,504,514,2,0,0,34,34,34,50,96,96,116,116,116],"floor_reached":48,"playtime":2005,"items_purged":["Writhe","Strike_G"],"score":944,"play_id":"43b1bff5-a519-4d02-8a32-5cba4bb1dfde","local_time":"20201231004857","is_ascension_mode":true,"campfire_choices":[{"data":"Skewer","floor":6.0,"key":"SMITH"},{"data":"Blade Dance","floor":10.0,"key":"SMITH"},{"data":"Glass Knife","floor":12.0,"key":"SMITH"},{"data":"Cloak And Dagger","floor":15.0,"key":"SMITH"},{"floor":24,"key":"REST"},{"data":"Blade Dance","floor":27,"key":"SMITH"},{"floor":32,"key":"REST"},{"data":"After Image","floor":40,"key":"SMITH"},{"data":"Footwork","floor":46,"key":"SMITH"}],"circlet_count":0,"master_deck":["AscendersBane","Strike_G","Defend_G","Defend_G","Defend_G","Survivor","Neutralize+1","Endless Agony+1","Outmaneuver+1","Envenom+1","Deadly Poison","Skewer+1","Glass Knife+1","Blade Dance+1","Cloak And Dagger+1","Venomology+1","CurseOfTheBell","Cloak And Dagger","Blade Dance+1","Footwork+1","After Image+1","PiercingWail","Finisher","PiercingWail"],"relics":["Astrolabe","Regal Pillow","Pocketwatch","Unceasing Top","Calling Bell","Dream Catcher","White Beast Statue","Lizard Tail","TungstenRod","Shuriken","Bottled Tornado","Tough Bandages","Eternal Feather","SlaversCollar","Du-Vu Doll","Red Mask","Torii","CaptainsWheel","Anchor"],"acts_visited":["Exordium","TheCity","TheBeyond"],"potions_floor_usage":[23,25,28,28,29,30,31,33,33,33,35,36,37,37,41,41,41,44,44,47,47,47,48],"damage_taken":[{"damage":8.0,"enemies":"Small Slimes","floor":1.0,"turns":5.0},{"damage":0.0,"enemies":"Jaw Worm","floor":5.0,"turns":4.0},{"damage":11.0,"enemies":"Lagavulin","floor":7.0,"turns":8.0},{"damage":3.0,"enemies":"2 Louse","floor":8.0,"turns":2.0},{"damage":0.0,"enemies":"Large Slime","floor":13.0,"turns":3.0},{"damage":14.0,"enemies":"3 Louse","floor":14.0,"turns":3.0},{"damage":7.0,"enemies":"Hexaghost","floor":16.0,"turns":8.0},{"damage":4.0,"enemies":"Chosen","floor":18.0,"turns":4.0},{"damage":13.0,"enemies":"2 Thieves","floor":21.0,"turns":4.0},{"damage":16.0,"enemies":"Cultist and Chosen","floor":22.0,"turns":4.0},{"damage":34,"enemies":"Gremlin Leader","floor":23,"turns":7},{"damage":2,"enemies":"Centurion and Healer","floor":25,"turns":4},{"damage":25,"enemies":"Colosseum Slavers","floor":28,"turns":4},{"damage":5,"enemies":"Colosseum Nobs","floor":28,"turns":3},{"damage":13,"enemies":"Snake Plant","floor":29,"turns":4},{"damage":3,"enemies":"3 Cultists","floor":30,"turns":5},{"damage":0,"enemies":"Centurion and Healer","floor":31,"turns":5},{"damage":33,"enemies":"Collector","floor":33,"turns":9},{"damage":12,"enemies":"Orb Walker","floor":35,"turns":4},{"damage":10,"enemies":"3 Shapes","floor":36,"turns":15},{"damage":19,"enemies":"Jaw Worm Horde","floor":37,"turns":5},{"damage":35,"enemies":"Giant Head","floor":41,"turns":5},{"damage":0,"enemies":"Maw","floor":44,"turns":6},{"damage":13,"enemies":"Transient","floor":47,"turns":6},{"damage":21,"enemies":"Reptomancer","floor":48,"turns":5}],"seed_played":"1167588212843566150","potions_obtained":[{"floor":1.0,"key":"Weak Potion"},{"floor":14.0,"key":"SmokeBomb"},{"floor":18.0,"key":"SkillPotion"},{"floor":21.0,"key":"DistilledChaos"},{"floor":22.0,"key":"Ancient Potion"},{"floor":23,"key":"ColorlessPotion"},{"floor":25,"key":"GamblersBrew"},{"floor":28,"key":"Swift Potion"},{"floor":29,"key":"DistilledChaos"},{"floor":30,"key":"SneckoOil"},{"floor":31,"key":"Block Potion"},{"floor":33,"key":"SkillPotion"},{"floor":35,"key":"Regen Potion"},{"floor":37,"key":"EntropicBrew"},{"floor":41,"key":"CunningPotion"},{"floor":44,"key":"Weak Potion"},{"floor":47,"key":"Ancient Potion"}],"is_trial":false,"path_per_floor":["M","?","T","?","M","R","E","M","T","R","?","R","M","M","R","B",null,"M","?","$","M","M","E","R","M","T","R","?","M","M","M","R","B",null,"M","M","M","$","?","R","E","?","T","M","T","R","M","E"],"character_chosen":"THE_SILENT","items_purchased":["Du-Vu Doll","Finisher"],"campfire_rested":2,"item_purchase_floors":[38,38],"current_hp_per_floor":[51,51,51,51,51,51,40,37,37,37,30,30,30,16,16,9,52,48,48,48,35,19,19,53,51,51,51,21,8,5,5,51,18,54,42,47,28,28,28,40,5,5,5,20,20,32,19,0,0],"gold":116,"neow_bonus":"BOSS_RELIC","is_daily":false,"chose_seed":false,"campfire_upgraded":7,"win_rate":0.0,"timestamp":1609343337,"path_taken":["M","?","?","?","M","R","E","M","T","R","?","R","M","M","R","BOSS","M","?","$","M","M","E","R","M","T","R","?","M","?","M","R","BOSS","M","M","M","?","?","R","E","?","T","?","?","R","?","E"],"items_purchased_type":["Relic","Card"],"build_version":"2020-12-22","purchased_purges":2,"victory":false,"max_hp_per_floor":[66,66,66,66,66,66,66,66,66,66,66,66,66,66,66,66,66,66,66,66,66,66,66,66,66,66,66,66,66,66,66,66,66,66,66,66,66,66,66,66,66,66,66,66,66,66,66,66,66],"card_choices":[{"not_picked":["Leg Sweep","Outmaneuver"],"picked":"Deadly Poison","floor":1.0},{"not_picked":["Flying Knee","Sucker Punch"],"picked":"Skewer","floor":5.0},{"not_picked":["Deflect","Masterful Stab"],"picked":"Glass Knife","floor":7.0},{"not_picked":["Dagger Throw","Eviscerate"],"picked":"Blade Dance","floor":8.0},{"not_picked":["Backflip","Backstab"],"picked":"Cloak And Dagger","floor":13.0},{"not_picked":["Dagger Spray","Underhanded Strike","Endless Agony"],"picked":"SKIP","floor":14.0},{"not_picked":["Envenom","Malaise"],"picked":"Venomology","floor":16.0},{"not_picked":["Sucker Punch","Riddle With Holes+1"],"picked":"Cloak And Dagger","floor":18.0},{"not_picked":["Quick Slash","Slice","Storm of Steel"],"picked":"SKIP","floor":21.0},{"not_picked":["Bane","Flying Knee"],"picked":"Blade Dance","floor":22.0},{"not_picked":["Underhanded Strike","Poisoned Stab","Concentrate"],"picked":"SKIP","floor":23},{"not_picked":["Quick Slash","Dagger Throw+1"],"picked":"Footwork","floor":25},{"not_picked":["Slice","Glass Knife","Underhanded Strike"],"picked":"SKIP","floor":29},{"not_picked":["Bane","Flechettes","Deadly Poison"],"picked":"SKIP","floor":30},{"not_picked":["Poisoned Stab+1","Distraction","Setup"],"picked":"SKIP","floor":31},{"not_picked":["Tools of the Trade","Burst"],"picked":"After Image","floor":33},{"not_picked":["Deadly Poison","Dagger Spray+1","Prepared"],"picked":"SKIP","floor":35},{"not_picked":["Caltrops","Prepared"],"picked":"PiercingWail","floor":36},{"not_picked":["Prepared+1","Cloak And Dagger","Dagger Spray"],"picked":"SKIP","floor":37},{"not_picked":["Caltrops","Setup"],"picked":"PiercingWail","floor":41},{"not_picked":["Deflect","Deadly Poison+1","Masterful Stab+1"],"picked":"SKIP","floor":44},{"not_picked":["Finisher","Envenom","Underhanded Strike"],"picked":"SKIP","floor":47}],"player_experience":1409392,"relics_obtained":[{"floor":3.0,"key":"Regal Pillow"},{"floor":7.0,"key":"Pocketwatch"},{"floor":9.0,"key":"Unceasing Top"},{"floor":17.0,"key":"Dream Catcher"},{"floor":17.0,"key":"White Beast Statue"},{"floor":17.0,"key":"Lizard Tail"},{"floor":23,"key":"Shuriken"},{"floor":26,"key":"Bottled Tornado"},{"floor":28,"key":"Tough Bandages"},{"floor":28,"key":"Eternal Feather"},{"floor":41,"key":"Torii"},{"floor":43,"key":"CaptainsWheel"},{"floor":45,"key":"Anchor"}],"event_choices":[{"cards_removed":["Strike_G"],"damage_healed":0.0,"max_hp_gain":0.0,"max_hp_loss":0.0,"gold_gain":0.0,"event_name":"The Cleric","player_choice":"Card Removal","floor":2.0,"gold_loss":75.0,"damage_taken":0.0},{"damage_healed":0.0,"max_hp_gain":0.0,"max_hp_loss":0.0,"gold_gain":0.0,"event_name":"Living Wall","player_choice":"Grow","floor":4.0,"gold_loss":0.0,"damage_taken":0.0,"cards_upgraded":["Neutralize"]},{"cards_removed":["Defend_G"],"damage_healed":0.0,"max_hp_gain":0.0,"max_hp_loss":0.0,"gold_gain":0.0,"event_name":"Golden Wing","player_choice":"Card Removal","floor":11.0,"gold_loss":0.0,"damage_taken":7.0},{"damage_healed":0.0,"max_hp_gain":0.0,"max_hp_loss":0.0,"gold_gain":0.0,"event_name":"The Mausoleum","player_choice":"Opened","floor":19.0,"gold_loss":0.0,"damage_taken":0.0,"relics_obtained":["TungstenRod"],"cards_obtained":["Writhe"]},{"damage_healed":0,"gold_gain":0,"player_choice":"Fight","damage_taken":0,"max_hp_gain":0,"max_hp_loss":0,"event_name":"Colosseum","floor":28,"gold_loss":0},{"damage_healed":0,"gold_gain":0,"player_choice":"Fought Nobs","damage_taken":0,"max_hp_gain":0,"max_hp_loss":0,"event_name":"Colosseum","floor":28,"gold_loss":0},{"damage_healed":0,"gold_gain":0,"player_choice":"Paid","damage_taken":0,"relics_obtained":["Red Mask"],"max_hp_gain":0,"max_hp_loss":0,"event_name":"Tomb of Lord Red Mask","floor":39,"gold_loss":2},{"damage_healed":0,"gold_gain":0,"player_choice":"Upgraded","damage_taken":0,"max_hp_gain":0,"max_hp_loss":0,"event_name":"Upgrade Shrine","floor":42,"gold_loss":0,"cards_upgraded":["Venomology"]}],"is_beta":false,"boss_relics":[{"not_picked":["Pandora\u0027s Box","Runic Pyramid"],"picked":"Calling Bell"},{"not_picked":["Black Star","Snecko Eye"],"picked":"SlaversCollar"}],"items_purged_floors":[20,38],"is_endless":false,"potions_floor_spawned":[1,14,18,21,22,23,25,28,28,29,30,31,33,35,36,37,41,44,47],"killed_by":"Reptomancer","ascension_level":19}}