{"host":"yn1175etg9ni8l0q","time":1609308765,"event":{"mods":["AchievementEnabler","BaseMod","Colored Map","Colored Powertips","DeckTracker","Minty Spire (QoL Compilation)","Rare Cards Sparkle","Relic Stats","SuperFastMode","everything is the same but u backflip on backflip"],"gold_per_floor":[111,129,143,143,154,187,187,187,187,201,213,231,156,169,169,267,267,280,299,310,66,66,66,66],"floor_reached":23,"playtime":758,"items_purged":["Defend_B","Strike_B"],"score":197,"play_id":"a0d4dc51-5782-4612-b9fb-30ce57ab84cd","local_time":"20201230151245","is_ascension_mode":false,"campfire_choices":[{"data":"Genetic Algorithm","floor":7.0,"key":"SMITH"},{"floor":15.0,"key":"REST"}],"circlet_count":0,"master_deck":["Strike_B","Strike_B","Defend_B","Defend_B","Defend_B","Zap","Dualcast","Conserve Battery","Streamline","Go for the Eyes","Cold Snap","Genetic Algorithm+1","Self Repair","Capacitor","Melter","Core Surge","Seek","Turbo","Cold Snap+1","Glacier","Shame"],"relics":["FrozenCore","Du-Vu Doll","White Beast Statue","Runic Capacitor","Singing Bowl"],"acts_visited":["Exordium","TheCity"],"potions_floor_usage":[19,19,23,23],"damage_taken":[{"damage":0.0,"enemies":"Small Slimes","floor":1.0,"turns":3.0},{"damage":0.0,"enemies":"2 Louse","floor":2.0,"turns":2.0},{"damage":1.0,"enemies":"Cultist","floor":3.0,"turns":3.0},{"damage":17.0,"enemies":"Gremlin Gang","floor":5.0,"turns":5.0},{"damage":36.0,"enemies":"Gremlin Nob","floor":6.0,"turns":5.0},{"damage":13.0,"enemies":"Exordium Wildlife","floor":10.0,"turns":5.0},{"damage":7.0,"enemies":"Blue Slaver","floor":11.0,"turns":4.0},{"damage":8.0,"enemies":"Looter","floor":12.0,"turns":2.0},{"damage":10.0,"enemies":"Lots of Slimes","floor":14.0,"turns":5.0},{"damage":8.0,"enemies":"Hexaghost","floor":16.0,"turns":9.0},{"damage":6.0,"enemies":"3 Byrds","floor":18.0,"turns":7.0},{"damage":1,"enemies":"2 Thieves","floor":19,"turns":4},{"damage":8,"enemies":"Chosen and Byrds","floor":20,"turns":8},{"damage":91,"enemies":"Gremlin Leader","floor":23,"turns":15}],"seed_played":"-7994341739662193306","potions_obtained":[{"floor":1.0,"key":"EssenceOfSteel"},{"floor":6.0,"key":"DistilledChaos"},{"floor":10.0,"key":"Regen Potion"},{"floor":11.0,"key":"FocusPotion"},{"floor":12.0,"key":"AttackPotion"},{"floor":14.0,"key":"Fire Potion"},{"floor":16.0,"key":"Explosive Potion"},{"floor":18.0,"key":"SteroidPotion"},{"floor":19,"key":"Swift Potion"},{"floor":20,"key":"PowerPotion"}],"is_trial":false,"path_per_floor":["M","M","M","?","M","E","R","?","T","M","M","M","$","M","R","B",null,"M","M","M","$","?","E"],"character_chosen":"DEFECT","items_purchased":["Runic Capacitor"],"campfire_rested":1,"item_purchase_floors":[21],"current_hp_per_floor":[75,75,74,79,62,26,26,26,26,20,20,12,12,2,26,40,80,80,80,79,79,79,0,0],"gold":66,"neow_bonus":"THREE_CARDS","is_daily":false,"chose_seed":false,"campfire_upgraded":1,"win_rate":0.0,"timestamp":1609308765,"path_taken":["M","M","M","?","M","E","R","?","T","?","M","M","$","?","R","BOSS","M","M","M","$","?","E"],"items_purchased_type":["Relic"],"build_version":"2020-12-22","purchased_purges":2,"victory":false,"max_hp_per_floor":[75,75,75,80,80,80,80,80,80,80,80,80,80,80,80,80,80,80,80,80,80,80,80,80],"relic_stats":{"Singing Bowl":0,"counters":[14,77],"obtain_stats":[{"Du-Vu Doll":6,"Singing Bowl":22,"Runic Capacitor":21,"Cracked Core":0,"White Beast Statue":9,"FrozenCore":17},{"Du-Vu Doll":5,"Singing Bowl":13,"Runic Capacitor":13,"Cracked Core":0,"White Beast Statue":5,"FrozenCore":10},{"Du-Vu Doll":18,"Singing Bowl":62,"Runic Capacitor":62,"Cracked Core":0,"White Beast Statue":18,"FrozenCore":43}],"FrozenCore":[13]},"card_choices":[{"not_picked":["Beam Cell","Loop"],"picked":"Conserve Battery","floor":0.0},{"not_picked":["Aggregate","Sweeping Beam"],"picked":"Streamline","floor":1.0},{"not_picked":["Conserve Battery","Rebound"],"picked":"Go for the Eyes","floor":2.0},{"not_picked":["Leap","Steam"],"picked":"Cold Snap","floor":3.0},{"not_picked":["Coolheaded","Hologram"],"picked":"Genetic Algorithm","floor":5.0},{"not_picked":["Gash","Streamline"],"picked":"Self Repair","floor":6.0},{"not_picked":["Compile Driver","Melter"],"picked":"Capacitor","floor":10.0},{"not_picked":["Self Repair","Stack"],"picked":"Melter","floor":11.0},{"not_picked":["Barrage","FTL"],"picked":"Core Surge","floor":12.0},{"not_picked":["Barrage","Capacitor","Skim"],"picked":"SKIP","floor":14.0},{"not_picked":["Meteor Strike","Machine Learning"],"picked":"Seek","floor":16.0},{"not_picked":["White Noise","Rebound"],"picked":"Turbo","floor":18.0},{"not_picked":["Gash","Hello World"],"picked":"Cold Snap+1","floor":19},{"not_picked":["Conserve Battery+1","Turbo+1"],"picked":"Glacier","floor":20}],"player_experience":286940,"relics_obtained":[{"floor":6.0,"key":"Du-Vu Doll"},{"floor":9.0,"key":"White Beast Statue"}],"event_choices":[{"damage_healed":0.0,"max_hp_gain":5.0,"max_hp_loss":0.0,"gold_gain":0.0,"event_name":"Big Fish","player_choice":"Donut","floor":4.0,"gold_loss":0.0,"damage_taken":0.0},{"cards_removed":["Strike_B"],"damage_healed":0.0,"max_hp_gain":0.0,"max_hp_loss":0.0,"gold_gain":0.0,"event_name":"Wheel of Change","player_choice":"Card Removal","floor":8.0,"gold_loss":0.0,"damage_taken":0.0},{"damage_healed":0,"gold_gain":0,"player_choice":"Stole Relic","damage_taken":0,"relics_obtained":["Singing Bowl"],"max_hp_gain":0,"max_hp_loss":0,"event_name":"Addict","floor":22,"gold_loss":0,"cards_obtained":["Shame"]}],"is_beta":false,"boss_relics":[{"not_picked":["Tiny House","Runic Pyramid"],"picked":"FrozenCore"}],"items_purged_floors":[13,21],"is_endless":false,"potions_floor_spawned":[1,6,10,11,12,14,16,18,19,20],"killed_by":"Gremlin Leader","ascension_level":0}}