{"host":"zig6x0mxqzam82fb","time":1609343662,"event":{"mods":["BaseMod","Block Reminder","Colored Map","Colored Powertips","Marisa????????","Minty Spire (QoL Compilation)","Relic Stats","StSLib","The Cursed","The Marked","Waifu the Spire"],"gold_per_floor":[114,39,56,66,76,108,108,108,131,131,141,168,14,0,0,97,97,107,118,132,57,57,57,57,57],"floor_reached":24,"playtime":1131,"items_purged":["Defend_B"],"score":319,"play_id":"24ea16e7-5671-436f-8235-9ece01f71cb1","local_time":"20201230105422","is_ascension_mode":true,"campfire_choices":[{"floor":7,"key":"REST"},{"data":"Sweeping Beam","floor":10,"key":"SMITH"},{"floor":15,"key":"REST"},{"floor":23,"key":"REST"}],"circlet_count":0,"master_deck":["AscendersBane","Strike_B","Strike_B","Defend_B","Defend_B","Defend_B","Zap","Dualcast","Ball Lightning","Sweeping Beam+1","Conserve Battery","Conserve Battery","White Noise","Consume","Capacitor","Echo Form","Core Surge","Coolheaded+1","Tempest+1","Cold Snap+1","Echo Form"],"relics":["Cursed Key","Blood Vial","Happy Flower","Pen Nib","Empty Cage"],"acts_visited":["Exordium","TheCity"],"potions_floor_usage":[12,16,20],"damage_taken":[{"damage":0,"enemies":"Cultist","floor":1,"turns":3},{"damage":8,"enemies":"Small Slimes","floor":3,"turns":2},{"damage":9,"enemies":"Jaw Worm","floor":4,"turns":3},{"damage":13,"enemies":"Blue Slaver","floor":5,"turns":2},{"damage":16,"enemies":"Gremlin Nob","floor":6,"turns":4},{"damage":6,"enemies":"Gremlin Gang","floor":11,"turns":5},{"damage":16,"enemies":"3 Sentries","floor":12,"turns":6},{"damage":38,"enemies":"Slime Boss","floor":16,"turns":8},{"damage":50,"enemies":"3 Byrds","floor":18,"turns":5},{"damage":12,"enemies":"Shell Parasite","floor":19,"turns":7},{"damage":1,"enemies":"Snecko","floor":20,"turns":4},{"damage":33,"enemies":"Snake Plant","floor":24,"turns":2}],"seed_played":"-6063558182360751561","potions_obtained":[{"floor":3,"key":"PowerPotion"},{"floor":6,"key":"CultistPotion"},{"floor":19,"key":"LiquidMemories"},{"floor":20,"key":"CultistPotion"}],"is_trial":false,"path_per_floor":["M","$","M","M","M","E","R","?","T","R","M","E","$","?","R","B",null,"M","M","M","?","?","R","M"],"character_chosen":"DEFECT","items_purchased":["Echo Form"],"campfire_rested":3,"item_purchase_floors":[13],"current_hp_per_floor":[68,68,60,51,38,22,44,44,44,44,40,26,26,26,48,12,59,11,1,2,2,2,24,0,0],"gold":57,"neow_bonus":"BOSS_RELIC","is_daily":false,"chose_seed":false,"campfire_upgraded":1,"win_rate":0.0,"timestamp":1609343662,"path_taken":["M","$","M","M","M","E","R","?","T","R","M","E","?","?","R","BOSS","M","M","M","?","?","R","?"],"items_purchased_type":["Card"],"build_version":"2020-12-22","purchased_purges":1,"victory":false,"max_hp_per_floor":[75,75,75,75,75,75,75,75,75,75,75,75,75,75,75,75,75,75,75,75,75,75,75,75,75],"relic_stats":{"Blood Vial":14,"Happy Flower":[12],"counters":[12,51],"Pen Nib":[3],"Cursed Key":1,"obtain_stats":[{"Blood Vial":6,"Happy Flower":9,"Pen Nib":12,"Cracked Core":0,"Cursed Key":0,"Empty Cage":17},{"Blood Vial":5,"Happy Flower":5,"Pen Nib":7,"Cracked Core":0,"Cursed Key":0,"Empty Cage":8},{"Blood Vial":14,"Happy Flower":14,"Pen Nib":25,"Cracked Core":0,"Cursed Key":0,"Empty Cage":33}]},"card_choices":[{"not_picked":["Barrage","Gash"],"picked":"Ball Lightning","floor":1},{"not_picked":["Barrage","Beam Cell"],"picked":"Sweeping Beam","floor":3},{"not_picked":["Sweeping Beam","Steam"],"picked":"Conserve Battery","floor":4},{"not_picked":["Rebound","Go for the Eyes"],"picked":"Conserve Battery","floor":5},{"not_picked":["Conserve Battery","Hologram"],"picked":"Chaos","floor":6},{"not_picked":["Leap","Go for the Eyes"],"picked":"Consume","floor":11},{"not_picked":["Compile Driver","Glacier"],"picked":"Capacitor","floor":12},{"not_picked":["Thunder Strike","Buffer"],"picked":"Core Surge","floor":16},{"not_picked":["Static Discharge","Turbo"],"picked":"Coolheaded+1","floor":18},{"not_picked":["Sweeping Beam+1","Stack"],"picked":"Tempest+1","floor":19},{"not_picked":["Coolheaded","Gash"],"picked":"Cold Snap+1","floor":20}],"player_experience":399808,"relics_obtained":[{"floor":6,"key":"Blood Vial"},{"floor":9,"key":"Happy Flower"},{"floor":12,"key":"Pen Nib"}],"event_choices":[{"damage_healed":0,"gold_gain":0,"cards_transformed":["Chaos"],"player_choice":"Transformed","damage_taken":0,"max_hp_gain":0,"max_hp_loss":0,"event_name":"Transmorgrifier","floor":8,"gold_loss":0,"cards_obtained":["White Noise"]},{"damage_healed":0,"gold_gain":0,"player_choice":"Left Gold","damage_taken":0,"max_hp_gain":0,"max_hp_loss":0,"event_name":"World of Goop","floor":14,"gold_loss":14},{"cards_removed":["Strike_B"],"damage_healed":0,"gold_gain":0,"player_choice":"Gave Gold","damage_taken":0,"max_hp_gain":0,"max_hp_loss":0,"event_name":"Beggar","floor":21,"gold_loss":75},{"damage_healed":0,"gold_gain":0,"player_choice":"Copied","damage_taken":0,"max_hp_gain":0,"max_hp_loss":0,"event_name":"Duplicator","floor":22,"gold_loss":0,"cards_obtained":["Echo Form"]}],"is_beta":false,"boss_relics":[{"not_picked":["Coffee Dripper","Calling Bell"],"picked":"Empty Cage"}],"items_purged_floors":[2],"is_endless":false,"potions_floor_spawned":[3,6,11,19,20],"killed_by":"Snake Plant","ascension_level":11}}