{"host":"vfg9szunmpjwj08o","time":1609339421,"event":{"mods":["Act Like it!","BaseMod","Challenge The Spire","Colored Map","Colored Powertips","Minty Spire (QoL Compilation)","StSLib","Waifu the Spire"],"gold_per_floor":[112,37,55,55,205,231,258,290,325,337,337],"floor_reached":10,"playtime":378,"items_purged":["Strike_B"],"score":181,"play_id":"43b3750e-08bc-4ab7-984f-903fde2bd58b","local_time":"20201230154341","is_ascension_mode":true,"campfire_choices":[],"circlet_count":0,"master_deck":["AscendersBane","Strike_B","Strike_B","Defend_B","Defend_B","Defend_B","Defend_B","Zap","Dualcast","Gash","Hologram","Doubt","Echo Form","Compile Driver","Fusion"],"relics":["Cracked Core","NeowsBlessing","MawBank","Nunchaku"],"acts_visited":["Exordium"],"potions_floor_usage":[],"damage_taken":[{"damage":0,"enemies":"Jaw Worm","floor":1,"turns":1},{"damage":0,"enemies":"Small Slimes","floor":3,"turns":1},{"damage":0,"enemies":"3 Sentries","floor":6,"turns":2},{"damage":0,"enemies":"2 Louse","floor":7,"turns":2},{"damage":36,"enemies":"Large Slime","floor":8,"turns":6},{"damage":87,"enemies":"Gremlin Nob","floor":10,"turns":4}],"seed_played":"-1492517247566253824","potions_obtained":[{"floor":6,"key":"PotionOfCapacity"},{"floor":7,"key":"FairyPotion"}],"is_trial":false,"path_per_floor":["M","$","M","?","?","E","M","M","T","E"],"character_chosen":"DEFECT","items_purchased":[],"campfire_rested":0,"item_purchase_floors":[],"current_hp_per_floor":[64,64,64,64,64,64,64,28,28,0,0],"gold":337,"neow_bonus":"THREE_ENEMY_KILL","is_daily":false,"chose_seed":false,"campfire_upgraded":0,"win_rate":0.0,"timestamp":1609339421,"path_taken":["M","$","M","?","?","E","M","M","T","E"],"items_purchased_type":[],"build_version":"2020-12-22","purchased_purges":1,"victory":false,"max_hp_per_floor":[71,71,71,71,71,71,71,71,71,71,71],"card_choices":[{"not_picked":["Sweeping Beam","Ball Lightning"],"picked":"Gash","floor":1},{"not_picked":["Cold Snap","Leap"],"picked":"Hologram","floor":3},{"not_picked":["Turbo","Glacier"],"picked":"Echo Form","floor":6},{"not_picked":["Streamline","Cold Snap"],"picked":"Compile Driver","floor":7},{"not_picked":["Go for the Eyes","Cold Snap"],"picked":"Fusion","floor":8}],"player_experience":1018845,"relics_obtained":[{"floor":6,"key":"MawBank"},{"floor":9,"key":"Nunchaku"}],"event_choices":[{"cards_removed":["Strike_B"],"damage_healed":0,"gold_gain":0,"player_choice":"Forget","damage_taken":0,"max_hp_gain":0,"max_hp_loss":0,"event_name":"Living Wall","floor":4,"gold_loss":0},{"damage_healed":0,"gold_gain":150,"player_choice":"AGREE","damage_taken":0,"max_hp_gain":0,"max_hp_loss":0,"event_name":"Liars Game","floor":5,"gold_loss":0,"cards_obtained":["Doubt"]}],"is_beta":false,"boss_relics":[],"items_purged_floors":[2],"is_endless":false,"potions_floor_spawned":[6,7],"killed_by":"Gremlin Nob","ascension_level":19}}