{"host":"qwp6882a7gaon7u5","time":1609339582,"event":{"mods":["ATMod(°¢èªMod)","BaseMod","BetterRewards","Minty Spire (QoL Compilation)","Red Circlet Mod","Replay The Spire","RumiaBox-Â¶Ã×æ«µÄÉñÃØºÐ×Ó","Spicy Shops","StSLib","¡¾¹¦ÄÜMod¡¿»ìãçÖ®»·ÐÞ¸´²¹¶¡","¡¾ÒÅÎï¿¨ÅÆ¡¿REMEMod"],"gold_per_floor":[116,42,62,74,88,115,115,134,134,163,163,190,203,203,203,300,300,313,329,349,349,349,349,349],"floor_reached":23,"playtime":1456,"items_purged":[],"score":224,"play_id":"4188614e-0ccb-4e35-b90f-b2cb268364b5","local_time":"20201230224622","is_ascension_mode":true,"campfire_choices":[{"floor":11,"key":"REST"},{"data":"Discovery","floor":15,"key":"SMITH"}],"circlet_count":0,"master_deck":["Strike_B","Strike_B","Strike_B","Strike_B","Defend_B","Defend_B","Defend_B","Defend_B","Zap","Dualcast","AT_ChampionKick","Thinking Ahead","Beam Cell","BootSequence","Streamline","FIFO Queue","Redo","Conserve Battery","Electrodynamics","Gash","ReplayTheSpireMod:System Scan","Loop","Discovery+1","Creative AI","AT_DarkMatter","Hologram","Lockon"],"relics":["Cracked Core","REME_ComplimentaryCards","AT_ATBox","HandDrill","REME_IWantAll","Replay:Mystery Machine","Replay:Antivirus Software","The Courier","Blue Candle","AddBug","REME_IWantAll","Iron Hammer","MutagenicStrength"],"acts_visited":["Exordium","TheCity"],"potions_floor_usage":[12,13,16],"damage_taken":[{"damage":1,"enemies":"Cultist","floor":1,"turns":3},{"damage":0,"enemies":"2 Louse","floor":3,"turns":1},{"damage":2,"enemies":"Jaw Worm","floor":4,"turns":3},{"damage":6,"enemies":"Lots of Slimes","floor":5,"turns":3},{"damage":20,"enemies":"3 Sentries","floor":6,"turns":5},{"damage":0,"enemies":"Looter","floor":8,"turns":2},{"damage":13,"enemies":"Replay:BlueRogue","floor":10,"turns":5},{"damage":19,"enemies":"Lagavulin","floor":12,"turns":7},{"damage":0,"enemies":"3 Louse","floor":13,"turns":2},{"damage":28,"enemies":"Hexaghost","floor":16,"turns":9},{"damage":29,"enemies":"Spheric Guardian","floor":18,"turns":5},{"damage":28,"enemies":"Shell Parasite","floor":19,"turns":6},{"damage":20,"enemies":"Shelled Parasite and Fungi","floor":20,"turns":4},{"damage":11,"enemies":"Gremlin Leader","floor":23,"turns":6}],"seed_played":"-8839774362099454110","potions_obtained":[{"floor":4,"key":"GamblersBrew"},{"floor":6,"key":"DuplicationPotion"},{"floor":8,"key":"LiquidBronze"},{"floor":12,"key":"Swift Potion"},{"floor":16,"key":"Dexterity Potion"}],"is_trial":false,"path_per_floor":["M","$","M","M","M","E","?","M","T","E","R","E","M","?","R","B",null,"M","M","M","?","?","E"],"character_chosen":"DEFECT","items_purchased":["HandDrill"],"campfire_rested":1,"item_purchase_floors":[2],"current_hp_per_floor":[74,74,74,72,66,46,34,37,37,27,51,32,32,32,32,4,81,55,27,7,7,7,0,0],"gold":349,"neow_bonus":"","is_daily":false,"chose_seed":false,"campfire_upgraded":1,"win_rate":0.0,"timestamp":1609339582,"path_taken":["M","?","M","M","M","E","?","M","T","E","R","E","M","?","R","BOSS","M","?","M","?","?","E"],"items_purchased_type":["Relic"],"build_version":"2020-12-22","purchased_purges":0,"victory":false,"max_hp_per_floor":[75,75,75,75,75,75,75,78,78,81,81,81,81,81,81,81,81,84,84,84,84,84,84,84],"card_choices":[{"not_picked":["BasicCrystalCard","Hologram"],"picked":"Beam Cell","floor":1},{"not_picked":["Fusion","Scrape"],"picked":"BootSequence","floor":3},{"not_picked":["Ball Lightning","REME_Whirling","Leap"],"picked":"SKIP","floor":4},{"not_picked":["Hologram","Gash"],"picked":"Streamline","floor":5},{"not_picked":["REME_SelfUpgrade","Conserve Battery","Compile Driver"],"picked":"SKIP","floor":6},{"not_picked":["FIFO Queue","Redo","Conserve Battery"],"picked":"Singing Bowl","floor":8},{"not_picked":["Electrodynamics","Gash","ReplayTheSpireMod:System Scan"],"picked":"Singing Bowl","floor":10},{"not_picked":["Blizzard","Heatsinks"],"picked":"Loop","floor":12},{"not_picked":["Ball Lightning","FTL","Capacitor"],"picked":"SKIP","floor":13},{"not_picked":["AT_WaterDrop","ReplayTheSpireMod:Omega Cannon"],"picked":"Creative AI","floor":16},{"not_picked":["AT_DarkMatter","Hologram","Lockon"],"picked":"Singing Bowl","floor":18},{"not_picked":["Panic Button","Stack","Hologram"],"picked":"SKIP","floor":19},{"not_picked":["BasicCrystalCard","Panic Button","Stack"],"picked":"SKIP","floor":20}],"player_experience":154804,"relics_obtained":[{"floor":6,"key":"REME_IWantAll"},{"floor":9,"key":"Replay:Antivirus Software"},{"floor":10,"key":"The Courier"},{"floor":12,"key":"Blue Candle"},{"floor":18,"key":"REME_IWantAll"}],"event_choices":[{"damage_healed":0,"gold_gain":0,"player_choice":"Success","damage_taken":12,"relics_obtained":["Replay:Mystery Machine"],"max_hp_gain":0,"max_hp_loss":0,"event_name":"Scrap Ooze","floor":7,"gold_loss":0},{"damage_healed":0,"gold_gain":0,"player_choice":"1 cards matched","damage_taken":0,"max_hp_gain":0,"max_hp_loss":0,"event_name":"Match and Keep!","floor":14,"gold_loss":0,"cards_obtained":["Discovery"]},{"damage_healed":0,"gold_gain":0,"player_choice":"Inject Mutagens","damage_taken":0,"relics_obtained":["MutagenicStrength"],"max_hp_gain":0,"max_hp_loss":0,"event_name":"Drug Dealer","floor":22,"gold_loss":0}],"is_beta":false,"boss_relics":[{"not_picked":["Replay:Ancient Bell","Ectoplasm"],"picked":"AddBug"}],"items_purged_floors":[],"is_endless":false,"potions_floor_spawned":[4,6,8,12,16],"killed_by":"Gremlin Leader","ascension_level":1}}