{"host":"y3iy5gb13b300rns","time":1609366130,"event":{"mods":["BaseMod","Bestiary","Curses Come First","Minty Spire (QoL Compilation)","Replay The Spire","StSLib","The Runesmith"],"gold_per_floor":[112,112,112,132,132,132,166,166,189,209,11,11,44,63,63,193,193,208,158,6,6,6,6,37,55,55,55,88,112,148,173,173,301,301,320,343,38,101,115,115,153,153,232,232,252,252,288,307,307,307,307,307,38,74,74,74],"floor_reached":55,"playtime":3981,"items_purged":[],"score":748,"play_id":"2be145dc-acec-47f0-a6db-f00a1cb6f3e8","local_time":"20201230160850","is_ascension_mode":true,"campfire_choices":[{"data":"Sword Boomerang","floor":6,"key":"SMITH"},{"floor":15,"key":"REST"},{"data":"Infernal Blade","floor":23,"key":"SMITH"},{"floor":32,"key":"REST"},{"floor":40,"key":"REST"},{"data":"Fire Breathing","floor":42,"key":"SMITH"},{"floor":44,"key":"RECALL"},{"floor":46,"key":"REST"},{"floor":49,"key":"REST"},{"data":"Shockwave","floor":52,"key":"SMITH"}],"circlet_count":0,"master_deck":["Strike_R","Strike_R+1","Strike_R","Strike_R","Strike_R","Defend_R","Defend_R","Defend_R","Defend_R","Clash+1","Injury","Sword Boomerang+1","Offering+1","Anger","Fire Breathing","Perfected Strike+1","Impervious+1","True Grit","Impervious+1","Perfected Strike","Pommel Strike","Juggernaut+1","Cleave","Infernal Blade+1","Fire Breathing+1","Twin Strike+1","Thunderclap","Demon Form+1","Sword Boomerang+1","Shockwave+1","Hemokinesis","Pommel Strike","Armaments","Limit Break+1","Heavy Blade+1","Anger+1","ReplayTheSpireMod:Stacked+1","Feed+1","Heavy Blade+1","ReplayTheSpireMod:LeadingStrike+1","Fire Breathing+1","Heavy Blade+1","Shockwave+1","Uppercut","Shockwave+1","Entrench+1","Heavy Blade+1","Apotheosis+1","Survey Options+1","Madness+1","Ghostly Armor"],"relics":["Burning Blood","NeowsBlessing","Golden Idol","Red Skull","Golden Egg","Mirror","Runesmith:UraniumAnvil","Blood Vial","Replay:Bottled Snecko","Prayer Wheel","Bronze Scales","Quantum Egg","ReplayTheSpireMod:Shallot","Runesmith:AutoHammer","Replay:Bronze Core","Counterbalance","FossilizedHelix","Meat on the Bone","Blue Candle","Oddly Smooth Stone","King of Hearts","ReplayTheSpireMod:ShopPack","Art of War"],"acts_visited":["Exordium","TheCity","TheBeyond","TheEnding"],"potions_floor_usage":[16,16,24,28,31,31,35,39,41,45,47,50],"damage_taken":[{"damage":0,"enemies":"2 Louse","floor":1,"turns":1},{"damage":0,"enemies":"Small Slimes","floor":4,"turns":1},{"damage":0,"enemies":"3 Sentries","floor":7,"turns":1},{"damage":6,"enemies":"Cultist","floor":10,"turns":2},{"damage":9,"enemies":"Lagavulin","floor":13,"turns":6},{"damage":8,"enemies":"Exordium Thugs","floor":14,"turns":3},{"damage":24,"enemies":"Fading Forest","floor":16,"turns":11},{"damage":19,"enemies":"3 Byrds","floor":18,"turns":4},{"damage":22,"enemies":"Gremlin Leader","floor":24,"turns":8},{"damage":10,"enemies":"Chosen","floor":25,"turns":4},{"damage":46,"enemies":"Slavers","floor":28,"turns":3},{"damage":22,"enemies":"Snake Plant","floor":29,"turns":3},{"damage":18,"enemies":"Book of Stabbing","floor":30,"turns":3},{"damage":9,"enemies":"Centurion and Healer","floor":31,"turns":3},{"damage":9,"enemies":"Champ","floor":33,"turns":6},{"damage":8,"enemies":"3 Shapes","floor":35,"turns":3},{"damage":6,"enemies":"Orb Walker","floor":36,"turns":2},{"damage":27,"enemies":"Mind Bloom Boss Battle","floor":38,"turns":7},{"damage":8,"enemies":"3 Darklings","floor":39,"turns":3},{"damage":24,"enemies":"Nemesis","floor":41,"turns":7},{"damage":38,"enemies":"4 Shapes","floor":45,"turns":4},{"damage":12,"enemies":"R_Hoarder","floor":47,"turns":8},{"damage":37,"enemies":"Maw","floor":48,"turns":7},{"damage":54,"enemies":"Replay:Hell Engine","floor":50,"turns":10},{"damage":59,"enemies":"Shield and Spear","floor":54,"turns":6},{"damage":46,"enemies":"The Heart","floor":55,"turns":3}],"seed_played":"3752096134826095832","potions_obtained":[{"floor":10,"key":"Weak Potion"},{"floor":13,"key":"Toxic Potion"},{"floor":18,"key":"BloodPotion"},{"floor":25,"key":"Regen Potion"},{"floor":30,"key":"Dexterity Potion"},{"floor":31,"key":"Fruit Juice"},{"floor":33,"key":"ColorlessPotion"},{"floor":38,"key":"SteroidPotion"},{"floor":39,"key":"Adrenaline Potion"},{"floor":41,"key":"Fire Potion"},{"floor":45,"key":"Dexterity Potion"},{"floor":47,"key":"LiquidBronze"}],"is_trial":false,"path_per_floor":["M","?","?","M","?","R","E","?","T","M","$","?","E","M","R","B",null,"M","?","$","T","?","R","E","M","T","T","E","M","E","M","R","B",null,"M","M","$","?","M","R","E","R","T","R","M","R","E","M","R","B",null,"R","$","E","B"],"character_chosen":"IRONCLAD","items_purchased":["Perfected Strike+1","Impervious","Blood Vial","Counterbalance","King of Hearts","ReplayTheSpireMod:ShopPack"],"campfire_rested":5,"item_purchase_floors":[11,11,20,37,53,53],"current_hp_per_floor":[80,80,64,70,70,70,76,43,43,43,43,43,40,38,62,44,80,67,67,67,67,67,67,69,67,67,67,41,27,17,21,46,45,85,83,85,85,64,64,85,67,67,67,67,49,74,70,53,78,44,85,85,85,44,0,0],"gold":74,"neow_bonus":"THREE_ENEMY_KILL","is_daily":false,"chose_seed":false,"campfire_upgraded":4,"win_rate":0.0,"timestamp":1609366130,"path_taken":["M","?","?","M","?","R","E","?","T","M","$","?","E","M","R","BOSS","M","?","$","?","?","R","E","M","T","?","E","?","E","M","R","BOSS","M","M","$","?","M","R","E","R","T","R","M","R","E","M","R","BOSS","R","$","E","BOSS"],"items_purchased_type":["Card","Card","Relic","Relic","Relic","Relic"],"build_version":"2020-12-22","purchased_purges":0,"victory":false,"max_hp_per_floor":[80,80,80,80,80,80,80,80,80,80,80,80,80,80,80,80,80,80,80,80,80,80,80,80,80,80,80,80,80,80,85,85,85,85,85,85,85,85,85,85,85,85,85,85,85,85,85,85,85,85,85,85,85,85,85,85],"card_choices":[{"not_picked":["Clothesline","Thunderclap"],"picked":"Clash","floor":1},{"not_picked":["Replay:Undeath\u0027s Touch","Sever Soul"],"picked":"Sword Boomerang","floor":4},{"not_picked":["Headbutt","ReplayTheSpireMod:Strike From Hell"],"picked":"Anger","floor":7},{"not_picked":["Havoc","Dual Wield"],"picked":"Fire Breathing","floor":10},{"not_picked":["Dual Wield","Offering"],"picked":"Perfected Strike","floor":13},{"not_picked":["Shrug It Off","Armaments"],"picked":"Pommel Strike","floor":14},{"not_picked":["Brutality","Corruption"],"picked":"Juggernaut","floor":16},{"not_picked":["ReplayTheSpireMod:Strike From Hell+1","Run Through+1"],"picked":"Cleave","floor":18},{"not_picked":["Double Tap","Clash"],"picked":"Fire Breathing","floor":24},{"not_picked":["Thunderclap","Havoc"],"picked":"Twin Strike+1","floor":25},{"not_picked":["Dark Embrace","Flex"],"picked":"Thunderclap","floor":25},{"not_picked":["Abandon+1","ReplayTheSpireMod:LeadingStrike+1"],"picked":"Demon Form","floor":28},{"not_picked":["Spot Weakness","Armaments"],"picked":"Sword Boomerang+1","floor":29},{"not_picked":["ReplayTheSpireMod:Strike From Hell","Body Slam+1"],"picked":"Shockwave+1","floor":29},{"not_picked":["True Grit","Sever Soul"],"picked":"Hemokinesis","floor":30},{"not_picked":["Twin Strike+1","Offering"],"picked":"Pommel Strike","floor":31},{"not_picked":["Abandon+1","True Grit"],"picked":"Armaments","floor":31},{"not_picked":["Eclipse","Fiend Fire"],"picked":"Limit Break","floor":33},{"not_picked":["Shrug It Off","Body Slam"],"picked":"Heavy Blade+1","floor":35},{"not_picked":["Pummel+1","ReplayTheSpireMod:Stacked"],"picked":"Anger+1","floor":35},{"not_picked":["Headbutt","Clothesline"],"picked":"ReplayTheSpireMod:Stacked+1","floor":36},{"not_picked":["Headbutt+1","Flex+1"],"picked":"Feed","floor":36},{"not_picked":["Uppercut+1","Armaments"],"picked":"Heavy Blade+1","floor":38},{"not_picked":["Warcry+1","Second Wind+1"],"picked":"ReplayTheSpireMod:LeadingStrike+1","floor":39},{"not_picked":["Clothesline","Inflame"],"picked":"Fire Breathing+1","floor":39},{"not_picked":["Blood for Blood+1","Carnage+1"],"picked":"Heavy Blade+1","floor":41},{"not_picked":["Armaments+1","Twin Strike"],"picked":"Shockwave+1","floor":45},{"not_picked":["Body Slam","Abandon"],"picked":"Uppercut","floor":45},{"not_picked":["Power Through","Hemokinesis+1"],"picked":"Shockwave","floor":47},{"not_picked":["Havoc","Cleave"],"picked":"Entrench+1","floor":48},{"not_picked":["Pommel Strike+1","Dark Embrace+1"],"picked":"Heavy Blade+1","floor":48},{"not_picked":["HandOfGreed","ReplayTheSpireMod:Necrogeddon"],"picked":"Apotheosis","floor":53},{"not_picked":["Deep Breath","HandOfGreed"],"picked":"Survey Options","floor":53},{"not_picked":["Panacea","Deep Breath"],"picked":"Madness","floor":53},{"not_picked":["Perfected Strike+1","Warcry"],"picked":"Ghostly Armor","floor":54}],"player_experience":389048,"relics_obtained":[{"floor":7,"key":"Red Skull"},{"floor":13,"key":"Mirror"},{"floor":21,"key":"Replay:Bottled Snecko"},{"floor":24,"key":"Prayer Wheel"},{"floor":26,"key":"Bronze Scales"},{"floor":27,"key":"Quantum Egg"},{"floor":28,"key":"ReplayTheSpireMod:Shallot"},{"floor":30,"key":"Runesmith:AutoHammer"},{"floor":38,"key":"FossilizedHelix"},{"floor":41,"key":"Meat on the Bone"},{"floor":43,"key":"Blue Candle"},{"floor":47,"key":"Oddly Smooth Stone"},{"floor":54,"key":"Art of War"}],"event_choices":[{"damage_healed":0,"gold_gain":0,"player_choice":"Take Wound","damage_taken":0,"relics_obtained":["Golden Idol"],"max_hp_gain":0,"max_hp_loss":0,"event_name":"Golden Idol","floor":2,"gold_loss":0,"cards_obtained":["Injury"]},{"damage_healed":0,"gold_gain":0,"player_choice":"Entered Light","damage_taken":16,"max_hp_gain":0,"max_hp_loss":0,"event_name":"Shining Light","floor":3,"gold_loss":0,"cards_upgraded":["Clash","Strike_R"]},{"damage_healed":0,"gold_gain":0,"player_choice":"Success","damage_taken":33,"relics_obtained":["Golden Egg"],"max_hp_gain":0,"max_hp_loss":0,"event_name":"Scrap Ooze","floor":8,"gold_loss":0},{"damage_healed":0,"gold_gain":0,"player_choice":"2 cards matched","damage_taken":0,"max_hp_gain":0,"max_hp_loss":0,"event_name":"Match and Keep!","floor":12,"gold_loss":0,"cards_obtained":["True Grit","Impervious"]},{"damage_healed":0,"gold_gain":0,"player_choice":"2 cards matched","damage_taken":0,"max_hp_gain":0,"max_hp_loss":0,"event_name":"Match and Keep!","floor":12,"gold_loss":0,"cards_obtained":["True Grit","Impervious"]},{"damage_healed":0,"gold_gain":0,"player_choice":"Bet on Murderer","damage_taken":0,"max_hp_gain":0,"max_hp_loss":0,"event_name":"The Joust","floor":19,"gold_loss":50},{"damage_healed":0,"gold_gain":0,"player_choice":"Read","damage_taken":0,"max_hp_gain":0,"max_hp_loss":0,"event_name":"The Library","floor":22,"gold_loss":0,"cards_obtained":["Infernal Blade"]},{"damage_healed":0,"gold_gain":0,"player_choice":"Fight","damage_taken":0,"max_hp_gain":0,"max_hp_loss":0,"event_name":"MindBloom","floor":38,"gold_loss":0}],"is_beta":false,"boss_relics":[{"not_picked":["Runic Pyramid","Empty Cage"],"picked":"Runesmith:UraniumAnvil"},{"not_picked":["Ring of Chaos","Tiny House"],"picked":"Replay:Bronze Core"}],"items_purged_floors":[],"is_endless":false,"potions_floor_spawned":[10,13,18,25,30,31,33,38,39,41,45,47],"killed_by":"The Heart","ascension_level":1}}