{"host":"«ÔÕ•ª®ø™√Œ¿Ôœ„","time":1609336325,"event":{"mods":["BaseMod","Custom Start","DeckTracker","Minty Spire (QoL Compilation)","Quick Restart","Relic Stats","Replay The Spire","StSLib","UnlockEverythingMod"],"gold_per_floor":[114,39,39,89,99,133,133,146,146,161,161,179,179,197,197,293,293,307,307,319,67,86,117,136,146,169,169,169],"floor_reached":27,"playtime":908,"items_purged":["Strike_G","Regret"],"score":262,"play_id":"c1d64f1c-c16d-4a22-a749-45152888363a","local_time":"20201230215205","is_ascension_mode":false,"campfire_choices":[{"data":"Dagger Spray","floor":7,"key":"SMITH"}],"circlet_count":0,"master_deck":["Strike_G","Strike_G","Strike_G","Defend_G","Survivor","Neutralize","Dagger Spray+1","Prepared","Acrobatics+1","Blade Dance","Underhanded Strike+1","Deflect"],"relics":["Ring of the Snake","NeowsBlessing","ReplayTheSpireMod:CursedCoin","Pocketwatch","Garlic","Anchor","Replay:Drink Me","Lantern","ReplayTheSpireMod:Ninjato","Molten Egg 2"],"acts_visited":["Exordium","TheCity"],"potions_floor_usage":[16,16,24],"damage_taken":[{"damage":0,"enemies":"Cultist","floor":1,"turns":1},{"damage":0,"enemies":"2 Louse","floor":5,"turns":1},{"damage":0,"enemies":"Gremlin Nob","floor":6,"turns":1},{"damage":0,"enemies":"Jaw Worm","floor":8,"turns":3},{"damage":0,"enemies":"Red Slaver","floor":10,"turns":3},{"damage":3,"enemies":"3 Louse","floor":12,"turns":2},{"damage":0,"enemies":"Exordium Wildlife","floor":14,"turns":2},{"damage":11,"enemies":"Slime Boss","floor":16,"turns":9},{"damage":6,"enemies":"Chosen","floor":18,"turns":4},{"damage":2,"enemies":"2 Thieves","floor":20,"turns":4},{"damage":0,"enemies":"Chosen and Byrds","floor":22,"turns":3},{"damage":12,"enemies":"Replay:Snechameleon","floor":23,"turns":5},{"damage":0,"enemies":"Snake Plant","floor":24,"turns":3},{"damage":0,"enemies":"Snecko","floor":25,"turns":4},{"damage":0,"enemies":"Centurion and Healer","floor":27,"turns":1}],"seed_played":"-3490652840798006918","potions_obtained":[{"floor":8,"key":"Adrenaline Potion"},{"floor":12,"key":"PowerPotion"},{"floor":16,"key":"LiquidMemories"},{"floor":20,"key":"SteroidPotion"},{"floor":23,"key":"Poison Potion"}],"is_trial":false,"path_per_floor":["M","$","?","$","M","E","R","M","T","M","?","M","T","M","R","B",null,"M","T","M","$","M","E","M","M","T","M"],"character_chosen":"THE_SILENT","items_purchased":["ReplayTheSpireMod:CursedCoin","ReplayTheSpireMod:Ninjato"],"campfire_rested":0,"item_purchase_floors":[4,21],"current_hp_per_floor":[70,70,70,70,70,70,70,70,70,70,70,67,67,67,70,59,53,47,47,45,45,45,33,33,33,33,33,33],"gold":169,"neow_bonus":"THREE_ENEMY_KILL","is_daily":false,"chose_seed":false,"campfire_upgraded":1,"win_rate":0.0,"timestamp":1609336325,"path_taken":["M","$","?","?","M","E","R","M","T","M","?","M","?","M","R","BOSS","M","?","M","$","M","E","M","M","T","M"],"items_purchased_type":["Relic","Relic"],"build_version":"2020-12-18","purchased_purges":2,"victory":false,"max_hp_per_floor":[70,70,70,70,70,70,70,70,70,70,70,70,70,70,70,70,53,53,53,53,53,53,53,53,53,53,53,53],"relic_stats":{"counters":[15,45],"obtain_stats":[{"Anchor":13,"Lantern":19,"ReplayTheSpireMod:Ninjato":21,"NeowsBlessing":0,"ReplayTheSpireMod:CursedCoin":4,"Molten Egg 2":23,"Garlic":9,"Replay:Drink Me":17,"Ring of the Snake":0,"Pocketwatch":6},{"Anchor":6,"Lantern":9,"ReplayTheSpireMod:Ninjato":10,"NeowsBlessing":0,"ReplayTheSpireMod:CursedCoin":1,"Molten Egg 2":12,"Garlic":4,"Replay:Drink Me":8,"Ring of the Snake":0,"Pocketwatch":3},{"Anchor":11,"Lantern":26,"ReplayTheSpireMod:Ninjato":30,"NeowsBlessing":0,"ReplayTheSpireMod:CursedCoin":1,"Molten Egg 2":38,"Garlic":6,"Replay:Drink Me":22,"Ring of the Snake":0,"Pocketwatch":3}],"Ring of the Snake":[28],"Pocketwatch":[6]},"card_choices":[{"not_picked":["Sucker Punch","Cloak And Dagger","Dagger Spray"],"picked":"SKIP","floor":1},{"not_picked":["Sucker Punch","Cloak And Dagger"],"picked":"Dagger Spray","floor":1},{"not_picked":["Hidden Blade","Concentrate","Quick Slash"],"picked":"SKIP","floor":5},{"not_picked":["Hidden Blade","Concentrate","Quick Slash"],"picked":"SKIP","floor":5},{"not_picked":["Flying Knee","Storm of Steel","Dagger Throw"],"picked":"SKIP","floor":6},{"not_picked":["Bane","Cloak And Dagger"],"picked":"Prepared","floor":8},{"not_picked":["Deflect","Setup","ReplayTheSpireMod:The Works"],"picked":"SKIP","floor":10},{"not_picked":["Poisoned Stab","Endless Agony"],"picked":"Blade Dance","floor":12},{"not_picked":["Deflect","Flechettes","Sucker Punch"],"picked":"SKIP","floor":14},{"not_picked":["Toxin Wave","Prepared","Deflect"],"picked":"SKIP","floor":18},{"not_picked":["ReplayTheSpireMod:Exploit Weakness","Heel Hook+1"],"picked":"Underhanded Strike+1","floor":20},{"not_picked":["Underhanded Strike","Acrobatics","ReplayTheSpireMod:Exploit Weakness"],"picked":"SKIP","floor":22},{"not_picked":["Prepared","Backflip+1"],"picked":"Deflect","floor":23},{"not_picked":["Dash+1","Bouncing Flask","Bane+1"],"picked":"SKIP","floor":24},{"not_picked":["Dash+1","Bouncing Flask","Bane+1"],"picked":"SKIP","floor":24},{"not_picked":["Deadly Poison","ReplayTheSpireMod:The Works+1","Dagger Throw+1"],"picked":"SKIP","floor":25}],"player_experience":468485,"relics_obtained":[{"floor":6,"key":"Pocketwatch"},{"floor":9,"key":"Garlic"},{"floor":13,"key":"Anchor"},{"floor":19,"key":"Lantern"},{"floor":23,"key":"Molten Egg 2"}],"event_choices":[{"cards_removed":["Defend_G"],"damage_healed":0,"gold_gain":0,"player_choice":"Purged","damage_taken":0,"max_hp_gain":0,"max_hp_loss":0,"event_name":"Purifier","floor":3,"gold_loss":0},{"damage_healed":0,"gold_gain":0,"cards_transformed":["Defend_G"],"player_choice":"Change","damage_taken":0,"max_hp_gain":0,"max_hp_loss":0,"event_name":"Living Wall","floor":11,"gold_loss":0,"cards_obtained":["Acrobatics"]}],"is_beta":true,"boss_relics":[{"not_picked":["ChewingGum","Tiny House"],"picked":"Replay:Drink Me"}],"items_purged_floors":[2,4],"is_endless":false,"potions_floor_spawned":[8,12,16,20,23],"killed_by":"Centurion and Healer","ascension_level":0}}