{"host":"4w8ocelhatf0iefc","time":1609335275,"event":{"mods":["AchievementEnabler","Act Like it!","Aspiration","BaseMod","Colored Map","Colored Powertips","Downfall","GifTheSpireLib","Hubris","Minty Spire (QoL Compilation)","Replay The Spire","StSLib","The Mystic","vexMod"],"gold_per_floor":[99,99,274,274,274,303,303,303,25,25,36,36,66,97,110,207,207,57,69,3,3,23,23,73,103,143,158,158,190,200,200,219,318,318,318,335,335,347,347,40,67,81,81,107,157,177,177,177,187,187],"floor_reached":51,"playtime":2245,"items_purged":["champ:Strike","ReplayTheSpireMod:Splinters"],"score":984,"play_id":"ed719190-4a81-498b-97ac-24e1bd72f294","local_time":"20201230213435","is_ascension_mode":true,"campfire_choices":[{"floor":1,"key":"RECALL"},{"data":"champ:FanOfKnives","floor":12,"key":"SMITH"},{"floor":28,"key":"REST"},{"floor":35,"key":"REST"},{"data":"champ:EnGarde","floor":47,"key":"SMITH"}],"circlet_count":0,"master_deck":["champ:Strike","champ:Defend+1","champ:Defend","champ:Execute","champ:Taunt","champ:TornadoPunch+1","champ:Balance","champ:FanOfKnives+1","champ:VampiricStrike+1","champ:ArenaPreparation+1","champ:DefensiveShout","champ:Backstep","champ:AdrenalArmor+1","champ:SteelEdge+1","champ:IronFortress","champ:TornadoPunch","champ:ShieldWall+1","champ:BringItOn+1","champ:BladeFlurry","champ:RecklessLeap","champ:TornadoPunch","champ:ViciousMockery","champ:Encircle","champ:TornadoPunch","champ:CheapShot+1","champ:DeathBlow+1","Blur","Backstab","Quick Slash","champ:SkillfulDodge","champ:DancingMaster+1","champ:Haymaker+1","champ:ShieldWall+1","Replay:SS_hec_1","Replay:SS_hec_4","expansioncontent:CaCaw","champ:BladeFlurry+1","champ:StrikeOfGenius+1","champ:IgnorePain+1","champ:TornadoPunch+1","champ:FaceSlap+1","champ:DefensiveShout+1","CommonCold","champ:PerfectedStrike+1","champ:EnGarde+1","champ:IgnorePain+1","champ:Riposte+1"],"relics":["champ:ChampionCrown","downfall:HeartsMalice","Golden Egg","HornCleat","PreservedInsect","Dream Catcher","hubris:BlackHole","downfall:HeartBlessingRed","downfall:HeartBlessingBlue","champ:DefensiveTrainingManual","War Paint","ReplayTheSpireMod:Lightbulb","aspiration:FutureDiary","Nunchaku","hubris:EmptyBottle","aspiration:Lifesprig","Ring of Fangs","ReplayTheSpireMod:Ring of Addiction","Toy Ornithopter","White Beast Statue","vexMod:MemoryStick","Gambling Chip","hubris:Icosahedron"],"acts_visited":["Exordium","TheCity","TheBeyond"],"potions_floor_usage":[16,16,16,33,33,44,44,45,46,49,50,50,50,50,50,50,50,50,50,50,50,50,50,50],"damage_taken":[{"damage":0,"enemies":"Jaw Worm","floor":2,"turns":1},{"damage":0,"enemies":"2 Louse","floor":5,"turns":1},{"damage":0,"enemies":"3 Sentries","floor":6,"turns":1},{"damage":5,"enemies":"downfall:FleeingMerchant","floor":9,"turns":4},{"damage":5,"enemies":"Cultist","floor":11,"turns":3},{"damage":8,"enemies":"Gremlin Nob","floor":14,"turns":4},{"damage":22,"enemies":"Blue Slaver","floor":15,"turns":2},{"damage":55,"enemies":"downfall:Ironclad","floor":16,"turns":9},{"damage":37,"enemies":"Shell Parasite","floor":19,"turns":3},{"damage":78,"enemies":"downfall:FleeingMerchant","floor":20,"turns":4},{"damage":7,"enemies":"3 Byrds","floor":22,"turns":3},{"damage":62,"enemies":"Slavers","floor":25,"turns":4},{"damage":20,"enemies":"3 Cultists","floor":27,"turns":4},{"damage":35,"enemies":"Book of Stabbing","floor":29,"turns":4},{"damage":20,"enemies":"Snecko","floor":30,"turns":2},{"damage":27,"enemies":"Centurion and Healer","floor":32,"turns":2},{"damage":50,"enemies":"downfall:Watcher","floor":33,"turns":4},{"damage":17,"enemies":"Orb Walker","floor":36,"turns":2},{"damage":31,"enemies":"3 Darklings","floor":38,"turns":3},{"damage":22,"enemies":"downfall:FleeingMerchant","floor":40,"turns":2},{"damage":66,"enemies":"4 Shapes","floor":42,"turns":2},{"damage":24,"enemies":"Reptomancer","floor":44,"turns":3},{"damage":37,"enemies":"Mind Bloom Boss Battle","floor":45,"turns":3},{"damage":17,"enemies":"Spire Growth","floor":46,"turns":3},{"damage":11,"enemies":"Sphere and 2 Shapes","floor":49,"turns":2},{"damage":7,"enemies":"downfall:Silent","floor":50,"turns":3}],"seed_played":"3214188161367450468","potions_obtained":[{"floor":11,"key":"Languid Potion"},{"floor":14,"key":"SteroidPotion"},{"floor":15,"key":"DuplicationPotion"},{"floor":16,"key":"Dexterity Potion"},{"floor":22,"key":"Cursed Concoction"},{"floor":26,"key":"Doom Potion"},{"floor":26,"key":"sneckomod:MuddlingPotion"},{"floor":32,"key":"champ:TechniquePotion"},{"floor":36,"key":"FearPotion"},{"floor":39,"key":"downfall:CursedFountainPotion"},{"floor":42,"key":"EntropicBrew"},{"floor":44,"key":"sneckomod:MuddlingPotion"},{"floor":45,"key":"AttackPotion"},{"floor":46,"key":"Energy Potion"},{"floor":49,"key":"PowerPotion"}],"is_trial":false,"path_per_floor":["R","M","?","?","M","E","T","?","$","T","M","R","?","E","M","B",null,"R_BF","M","$","?","M","?","T","E","?","M","R","E","M","?","M","B",null,"R","M","?","M","?","$","T","M","?","E","?","M","R","?","M","B",null],"character_chosen":"THE_CHAMP","items_purchased":["PreservedInsect","champ:ArenaPreparation","champ:BringItOn","Nunchaku","hubris:EmptyBottle","champ:IgnorePain","champ:TornadoPunch","champ:FaceSlap"],"campfire_rested":2,"item_purchase_floors":[9,9,20,40,40,40,40,40],"current_hp_per_floor":[90,90,90,90,90,90,90,90,90,90,90,90,90,87,85,90,90,100,100,100,100,100,100,100,100,100,100,100,87,100,100,98,100,100,100,98,88,79,79,79,79,54,54,74,83,98,98,98,91,100],"gold":187,"neow_bonus":"THREE_ENEMY_KILL","is_daily":false,"chose_seed":false,"campfire_upgraded":2,"win_rate":0.0,"timestamp":1609335275,"path_taken":["R","M","?","?","?","E","T","?","?","?","?","R","?","E","M","BOSS","R_BF","M","$","?","M","?","T","E","?","M","R","E","M","?","M","BOSS","R","M","?","M","?","$","T","?","?","E","?","M","R","?","M","BOSS"],"items_purchased_type":["Relic","Card","Card","Relic","Relic","Card","Card","Card"],"build_version":"2020-12-22","purchased_purges":2,"victory":true,"max_hp_per_floor":[90,90,90,90,90,90,90,90,90,90,90,90,90,90,90,90,90,100,100,100,100,100,100,100,100,100,100,100,100,100,100,100,100,100,100,100,100,100,100,100,100,100,100,100,100,100,100,100,100,100],"card_choices":[{"not_picked":["champ:ShieldSigil","champ:BladeFlurry"],"picked":"champ:TornadoPunch","floor":2},{"not_picked":["champ:PerfectedStrike","champ:BladeFlurry"],"picked":"champ:Balance","floor":5},{"not_picked":["champ:Aggression","champ:BerserkerStyle"],"picked":"champ:FanOfKnives","floor":6},{"not_picked":["champ:BerserkersShout","champ:FlashCut"],"picked":"champ:VampiricStrike","floor":9},{"not_picked":["champ:RageSigil","champ:BladeFlurry"],"picked":"champ:DefensiveShout","floor":11},{"not_picked":["champ:DeathBlow","champ:VampiricStrike"],"picked":"champ:Backstep","floor":14},{"not_picked":["champ:BerserkersShout","champ:StanceDance"],"picked":"champ:AdrenalArmor","floor":15},{"not_picked":["champ:HoldFirm","champ:CrownThrow"],"picked":"champ:SteelEdge","floor":16},{"not_picked":["champ:CrookedStrike+1","champ:GutPunch"],"picked":"champ:TornadoPunch","floor":19},{"not_picked":["champ:FocusedBerserking","champ:GladiatorsShout"],"picked":"champ:ShieldWall","floor":20},{"not_picked":["champ:Balance","champ:BerserkersShout"],"picked":"champ:BladeFlurry","floor":22},{"not_picked":["champ:FanOfKnives","champ:CalledShot+1"],"picked":"champ:TornadoPunch","floor":25},{"not_picked":["champ:BringItOn","champ:FalseCounter"],"picked":"champ:ViciousMockery","floor":26},{"not_picked":["champ:BerserkerStyle","champ:Riposte"],"picked":"champ:Encircle","floor":27},{"not_picked":["champ:FanOfKnives","champ:Riposte"],"picked":"champ:TornadoPunch","floor":28},{"not_picked":["champ:Lariat+1","champ:GutPunch+1"],"picked":"champ:CheapShot","floor":29},{"not_picked":["champ:GutPunch","champ:PerfectedStrike"],"picked":"champ:DeathBlow+1","floor":30},{"not_picked":["champ:FocusedBerserking","champ:GladiatorsShout"],"picked":"champ:SkillfulDodge","floor":32},{"not_picked":["champ:CheapShot","champ:PerfectForm"],"picked":"champ:DancingMaster","floor":33},{"not_picked":["champ:GutPunch","champ:FlashCut"],"picked":"champ:Haymaker+1","floor":35},{"not_picked":["champ:AdrenalArmor","champ:ViciousMockery"],"picked":"champ:ShieldWall+1","floor":36},{"not_picked":["expansioncontent:TimeRipple","expansioncontent:LastStand"],"picked":"Replay:SS_hec_1","floor":37},{"not_picked":["Replay:SS_fish_2","expansioncontent:TimeRipple"],"picked":"Replay:SS_hec_4","floor":37},{"not_picked":["expansioncontent:GoopSpray","expansioncontent:AwakenDeath"],"picked":"expansioncontent:CaCaw","floor":37},{"not_picked":["champ:Circumvent","champ:Control"],"picked":"champ:BladeFlurry+1","floor":38},{"not_picked":["champ:BringItOn","champ:DefensiveStyle+1"],"picked":"champ:StrikeOfGenius","floor":40},{"not_picked":["champ:GutPunch","champ:EnGarde"],"picked":"champ:DefensiveShout+1","floor":42},{"not_picked":["champ:FanOfKnives+1","champ:Circumvent"],"picked":"champ:PerfectedStrike+1","floor":44},{"not_picked":["champ:StanceDance+1","champ:Control+1"],"picked":"champ:EnGarde","floor":45},{"not_picked":["champ:BerserkerStyle+1","champ:RageSigil+1"],"picked":"champ:IgnorePain","floor":46},{"not_picked":["champ:TornadoPunch","champ:Backstep"],"picked":"champ:Riposte+1","floor":49}],"player_experience":463207,"relics_obtained":[{"floor":6,"key":"Golden Egg"},{"floor":7,"key":"HornCleat"},{"floor":14,"key":"Dream Catcher"},{"floor":24,"key":"champ:DefensiveTrainingManual"},{"floor":25,"key":"War Paint"},{"floor":29,"key":"ReplayTheSpireMod:Lightbulb"},{"floor":41,"key":"aspiration:Lifesprig"},{"floor":43,"key":"Ring of Fangs"},{"floor":43,"key":"ReplayTheSpireMod:Ring of Addiction"},{"floor":43,"key":"Toy Ornithopter"},{"floor":43,"key":"White Beast Statue"},{"floor":44,"key":"vexMod:MemoryStick"},{"floor":45,"key":"Gambling Chip"}],"event_choices":[{"damage_healed":0,"gold_gain":0,"player_choice":"Forge","damage_taken":0,"max_hp_gain":0,"max_hp_loss":0,"event_name":"Accursed Blacksmith","floor":4,"gold_loss":0,"cards_upgraded":["champ:TornadoPunch"]},{"cards_removed":["Doubt"],"damage_healed":0,"gold_gain":0,"player_choice":"Card Removal","damage_taken":0,"max_hp_gain":0,"max_hp_loss":0,"event_name":"The Cleric","floor":8,"gold_loss":0},{"damage_healed":0,"gold_gain":0,"player_choice":"Ignored","damage_taken":0,"max_hp_gain":0,"max_hp_loss":0,"event_name":"Vampires","floor":21,"gold_loss":0}],"is_beta":false,"boss_relics":[{"not_picked":["hubris:VirtuousBlindfold","aspiration:RunicSpoon"],"picked":"hubris:BlackHole"},{"not_picked":["Empty Cage","aspiration:IroncladSkillbook"],"picked":"aspiration:FutureDiary"}],"items_purged_floors":[9,40],"is_endless":false,"potions_floor_spawned":[11,14,15,16,22,27,30,32,36,42,44,45,46,49],"ascension_level":1}}