{"host":"f5ezd1v29dtbwkzo","time":1609341831,"event":{"mods":["2.2 Compatiblity","BaseMod","Hermit","Hubris","Infinite Spire","Minty Spire (QoL Compilation)","Rare Cards Sparkle","Replay The Spire","StSLib"],"gold_per_floor":[111,130,148,223,235,235,235],"floor_reached":6,"playtime":268,"items_purged":[],"score":38,"play_id":"ad388026-2472-4159-8afc-6ba76c8a9fae","local_time":"20201230182351","is_ascension_mode":false,"campfire_choices":[],"circlet_count":0,"master_deck":["Strike_R","Strike_R","Strike_R","Strike_R","Strike_R","Defend_R","Defend_R","Defend_R","Defend_R","Bash","ReplayTheSpireMod:Trickstab","Headbutt","Wild Strike","Burning Pact","Dropkick"],"relics":["Burning Blood"],"acts_visited":["Exordium"],"potions_floor_usage":[6],"damage_taken":[{"damage":34,"enemies":"infinitespire:Voidling","floor":1,"turns":6},{"damage":6,"enemies":"Jaw Worm","floor":2,"turns":4},{"damage":1,"enemies":"Cultist","floor":3,"turns":3},{"damage":27,"enemies":"Exordium Thugs","floor":5,"turns":5},{"damage":39,"enemies":"Lagavulin","floor":6,"turns":5}],"seed_played":"179671829722722371","potions_obtained":[{"floor":2,"key":"ElixirPotion"},{"floor":3,"key":"Adrenaline Potion"}],"is_trial":false,"path_per_floor":["M","M","M","?","M","E"],"character_chosen":"IRONCLAD","items_purchased":[],"campfire_rested":0,"item_purchase_floors":[],"current_hp_per_floor":[62,62,67,56,35,0,0],"gold":235,"neow_bonus":"RANDOM_COLORLESS","is_daily":false,"chose_seed":false,"campfire_upgraded":0,"win_rate":0.0,"timestamp":1609341831,"path_taken":["M","?","M","?","M","E"],"items_purchased_type":[],"build_version":"2020-12-22","purchased_purges":0,"victory":false,"max_hp_per_floor":[80,80,80,80,80,80,80],"card_choices":[{"not_picked":["Specialist","Madness"],"picked":"ReplayTheSpireMod:Trickstab","floor":0},{"not_picked":["Sword Boomerang","Clothesline"],"picked":"Headbutt","floor":1},{"not_picked":["Clothesline","hubris:ReadiedAction"],"picked":"Wild Strike","floor":2},{"not_picked":["Pummel","Heavy Blade"],"picked":"Burning Pact","floor":3},{"not_picked":["Metallicize","Feel No Pain"],"picked":"Dropkick","floor":5}],"player_experience":325775,"relics_obtained":[],"event_choices":[{"damage_healed":0,"gold_gain":75,"player_choice":"Gather Gold","damage_taken":11,"max_hp_gain":0,"max_hp_loss":0,"event_name":"World of Goop","floor":4,"gold_loss":0}],"is_beta":false,"boss_relics":[],"items_purged_floors":[],"is_endless":false,"potions_floor_spawned":[2,3],"killed_by":"Lagavulin","ascension_level":0}}