{"host":"s9n53dspxjwkh5no","time":1609359304,"event":{"mods":["AchievementEnabler","Aspiration","Bard","BaseMod","Beaked The Cultist","Better Altar","Better Match","Better Note","Better Sensory Stone","Better Skull","Better Third Choice","BetterRewards","Colored Map","Colored Powertips","Conspire","Dio Mod","Disable Question Mark Monsters","Downfall","Energized Spire","Halation","Hermit","Hubris","Marisa????????","Marked Mod","Melee Mod","Minty Spire (QoL Compilation)","Quick Restart","Random Character Button","Rare Cards Sparkle","Reimu??????","Relic Stats","Remilia??????","Replay The Spire","Shade Mod","Small Relic Pack","Spicy Shops","StSLib","The Animator","The Bug Knight","The Construct","The Disciple","The Hierophant","The Problem Sleuth","The Runesmith","The Servant 0.9.4","The Valiant","The Wild Card","TheArtist","TheBandit","TheVacant","Wandering Minibosses","vexMod"],"gold_per_floor":[111,11,21,21,21,50,50,82,82,101,24,46,46,46,46,46,46],"floor_reached":16,"playtime":563,"items_purged":[],"score":133,"play_id":"06947bce-344d-4f66-a47b-50ad55fd0479","local_time":"20201230131504","is_ascension_mode":false,"campfire_choices":[{"floor":7,"key":"RECALL"},{"floor":13,"key":"REST"},{"floor":15,"key":"REST"}],"circlet_count":0,"master_deck":["animator:Strike_Overlord","animator:Defend_Overlord","animator:Strike","animator:Strike","animator:Strike","animator:Defend","animator:Defend","animator:Defend","animator:Cocytus","animator:Demiurge","animator:Alexander","animator:TsurugaMeisai","animator:Cocytus","DevaForm","animator:Bozes","animator:GazelDwargon+1","animator:SakuraMatou","animator:Megumin+1"],"relics":["animator:LivingPicture","animator:TheMissingPiece","animator:PurgingStone","NeowsBlessing","hubris:GlazedTorus","Replay:WaspNest","Gremlin Food","aspiration:ChemicalBlood"],"acts_visited":["Exordium"],"potions_floor_usage":[16,16,16],"damage_taken":[{"damage":0,"enemies":"Small Slimes","floor":1,"turns":1},{"damage":0,"enemies":"Cultist","floor":3,"turns":1},{"damage":0,"enemies":"Gremlin Nob","floor":6,"turns":1},{"damage":34,"enemies":"Lagavulin","floor":8,"turns":6},{"damage":18,"enemies":"Jaw Worm","floor":10,"turns":4},{"damage":10,"enemies":"Blue Slaver","floor":12,"turns":4},{"damage":39,"enemies":"The Guardian","floor":16,"turns":9}],"seed_played":"670978555985548875","potions_obtained":[{"floor":10,"key":"Elixir"},{"floor":12,"key":"ColorlessPotion"}],"is_trial":false,"path_per_floor":["M","$","M","?","$","E","R","E","T","M","$","M","R","?","R","B"],"character_chosen":"THE_ANIMATOR","items_purchased":["animator:TsurugaMeisai","aspiration:ChemicalBlood"],"campfire_rested":2,"item_purchase_floors":[2,11],"current_hp_per_floor":[66,66,66,66,66,66,66,32,32,14,14,4,23,17,36,0,0],"gold":46,"neow_bonus":"THREE_ENEMY_KILL","is_daily":false,"chose_seed":false,"campfire_upgraded":0,"win_rate":0.0,"timestamp":1609359304,"path_taken":["M","$","M","?","?","E","R","E","T","M","$","M","R","?","R","BOSS"],"items_purchased_type":["Card","Relic"],"build_version":"2020-12-22","purchased_purges":0,"victory":false,"max_hp_per_floor":[66,66,66,66,66,66,66,66,66,66,66,66,66,66,66,66,66],"relic_stats":{"counters":[7,26],"obtain_stats":[{"Gremlin Food":9,"animator:PurgingStone":0,"NeowsBlessing":0,"animator:TheMissingPiece":0,"animator:LivingPicture":0,"Replay:WaspNest":8,"hubris:GlazedTorus":6,"aspiration:ChemicalBlood":11},{"Gremlin Food":4,"animator:PurgingStone":0,"NeowsBlessing":0,"animator:TheMissingPiece":0,"animator:LivingPicture":0,"Replay:WaspNest":4,"hubris:GlazedTorus":3,"aspiration:ChemicalBlood":5},{"Gremlin Food":9,"animator:PurgingStone":0,"NeowsBlessing":0,"animator:TheMissingPiece":0,"animator:LivingPicture":0,"Replay:WaspNest":9,"hubris:GlazedTorus":3,"aspiration:ChemicalBlood":13}]},"card_choices":[{"not_picked":["animator:ElricEdward","animator:PandorasActor"],"picked":"animator:Alexander","floor":1},{"not_picked":["animator:Viivi","animator:Pride"],"picked":"animator:Cocytus","floor":3},{"not_picked":["animator:Sloth","animator:Cocytus"],"picked":"animator:Bozes","floor":6},{"not_picked":["animator:Benimaru","animator:Kaijin"],"picked":"animator:GazelDwargon","floor":8},{"not_picked":["animator:UneriGinkaku","animator:Assassin"],"picked":"animator:SakuraMatou","floor":10},{"not_picked":["animator:Layla","animator:PandorasActor"],"picked":"animator:Megumin","floor":12}],"player_experience":361527,"relics_obtained":[{"floor":6,"key":"hubris:GlazedTorus"},{"floor":8,"key":"Replay:WaspNest"},{"floor":9,"key":"Gremlin Food"}],"event_choices":[{"cards_removed":["animator:Strike_Overlord"],"damage_healed":0,"gold_gain":0,"player_choice":"Take \u0026 Give","damage_taken":0,"max_hp_gain":0,"max_hp_loss":0,"event_name":"betterNote:BetterNote","floor":4,"gold_loss":0,"cards_obtained":["DevaForm"]},{"damage_healed":0,"gold_gain":0,"player_choice":"Damaged","damage_taken":6,"max_hp_gain":0,"max_hp_loss":0,"event_name":"Wheel of Change","floor":14,"gold_loss":0}],"is_beta":false,"boss_relics":[],"items_purged_floors":[],"is_endless":false,"potions_floor_spawned":[10,12],"killed_by":"The Guardian","ascension_level":0}}