{"host":"apuj0zfpxjdr3iqq","time":1609292101,"event":{"mods":["Arknights The Spire","BaseMod","Better Skull","Better Third Choice","Lobotomy","Minty Spire (QoL Compilation)","Relic Stats","StSLib","SuperFastMode","The Dragon Tamer","The Poker Player","Uncapped","Waifu the Spire"],"gold_per_floor":[110,123,142,142,161,161,161,161],"floor_reached":6,"playtime":378,"items_purged":[],"score":73,"play_id":"d395b835-2320-481c-b818-9ac1bf842273","local_time":"20201230103501","is_ascension_mode":false,"metric_token":863,"campfire_choices":[],"dtmod_dragon_data":[34,50,-1,-1,0,0],"circlet_count":0,"master_deck":["DTMod:Strike","DTMod:Strike+1","DTMod:Strike+1","DTMod:Strike","DTMod:DoubleHit+1","DTMod:TargetDefense","DTMod:TargetDefense","DTMod:TargetDefense","DTMod:TargetDefense","DTMod:SwitchingTactic","DTMod:HeatWave","DTMod:BlueScale","DTMod:FlameSlash","DTMod:PurifyingFlame"],"relics":["DTMod:PactStone"],"acts_visited":["Exordium"],"potions_floor_usage":[],"damage_taken":[{"damage":0,"enemies":"2 Louse","floor":1,"turns":2},{"damage":0,"enemies":"Jaw Worm","floor":2,"turns":3},{"damage":0,"enemies":"Cultist","floor":3,"turns":4},{"damage":0,"enemies":"Exordium Thugs","floor":5,"turns":4},{"damage":0,"enemies":"Gremlin Nob","floor":6,"turns":4}],"seed_played":"6323465332432751688","potions_obtained":[{"floor":1,"key":"DuplicationPotion"},{"floor":3,"key":"FairyPotion"}],"is_trial":false,"path_per_floor":["M","M","M","?","M","E"],"character_chosen":"THE_DT","items_purchased":[],"campfire_rested":0,"item_purchase_floors":[],"current_hp_per_floor":[45,45,45,36,36,36,36,36],"gold":161,"neow_bonus":"UPGRADE_CARD","is_daily":false,"chose_seed":false,"campfire_upgraded":0,"win_rate":0.0,"timestamp":1609292101,"path_taken":["M","M","M","?","M","E"],"items_purchased_type":[],"build_version":"2020-12-22","purchased_purges":0,"victory":false,"max_hp_per_floor":[45,45,45,45,45,45,45,45],"relic_stats":{"counters":[5,17],"obtain_stats":[{"DTMod:PactStone":0},{"DTMod:PactStone":0},{"DTMod:PactStone":0}]},"card_choices":[{"not_picked":["DTMod:TagTeam","DTMod:Training"],"picked":"DTMod:HeatWave","floor":1},{"not_picked":["DTMod:HeatWave","DTMod:BreakAttack"],"picked":"DTMod:BlueScale","floor":2},{"not_picked":["DTMod:Training","DTMod:MagicField"],"picked":"DTMod:FlameSlash","floor":3},{"not_picked":["DTMod:HeatWave","DTMod:BlueScale"],"picked":"DTMod:PurifyingFlame","floor":5}],"player_experience":439188,"relics_obtained":[],"event_choices":[{"damage_healed":45,"gold_gain":0,"player_choice":"Upgrade","damage_taken":9,"max_hp_gain":0,"max_hp_loss":45,"event_name":"betterThird:BetterShining","floor":4,"gold_loss":0,"cards_upgraded":["DTMod:Strike","DTMod:Strike"]}],"is_beta":false,"boss_relics":[],"items_purged_floors":[],"is_endless":false,"potions_floor_spawned":[1,3,6],"killed_by":"Gremlin Nob","ascension_level":0}}