{"host":"dhyczjm99amxd3qx","time":1609371018,"event":{"mods":["BaseMod","Colored Map","Googly Eyes","Highlight Path","Minty Spire (QoL Compilation)","Quick Restart","StSLib"],"gold_per_floor":[219,219,394,91,111,111,144,144,223,223,173,208,222,254,254,359,359,372,404,418,433,433,463,475,487,487],"floor_reached":25,"playtime":1501,"items_purged":["Doubt"],"score":320,"play_id":"1877cf1e-1879-4fc9-914d-5d4eea1c233f","local_time":"20201230183018","is_ascension_mode":true,"campfire_choices":[{"data":"Bash","floor":6.0,"key":"SMITH"},{"data":"Rage","floor":8.0,"key":"SMITH"},{"data":"Iron Wave","floor":10.0,"key":"SMITH"},{"data":"Iron Wave","floor":15.0,"key":"SMITH"},{"data":"Metallicize","floor":24.0,"key":"SMITH"}],"circlet_count":0,"master_deck":["Strike_R","Strike_R","Strike_R","Strike_R","Strike_R","Defend_R","Defend_R","Defend_R","Bash+1","Metallicize+1","Rage+1","Iron Wave+1","Iron Wave+1","Metallicize+1","Battle Trance","Immolate","Flex","Iron Wave"],"relics":["Burning Blood","Kunai","Bronze Scales","Smiling Mask","Frozen Egg 2","The Courier","Oddly Smooth Stone","SlaversCollar","Red Mask","MutagenicStrength","MawBank"],"acts_visited":["Exordium","TheCity"],"potions_floor_usage":[],"damage_taken":[{"damage":3.0,"enemies":"2 Louse","floor":1.0,"turns":4.0},{"damage":0.0,"enemies":"Jaw Worm","floor":5.0,"turns":4.0},{"damage":24.0,"enemies":"Lagavulin","floor":7.0,"turns":7.0},{"damage":8.0,"enemies":"Gremlin Nob","floor":12.0,"turns":3.0},{"damage":4.0,"enemies":"Small Slimes","floor":13.0,"turns":4.0},{"damage":17.0,"enemies":"3 Sentries","floor":14.0,"turns":10.0},{"damage":14.0,"enemies":"Hexaghost","floor":16.0,"turns":10.0},{"damage":8.0,"enemies":"Shell Parasite","floor":18.0,"turns":8.0},{"damage":18.0,"enemies":"Masked Bandits","floor":19.0,"turns":4.0},{"damage":6.0,"enemies":"Spheric Guardian","floor":20.0,"turns":5.0},{"damage":3.0,"enemies":"Snake Plant","floor":21.0,"turns":6.0},{"damage":48.0,"enemies":"Gremlin Leader","floor":23.0,"turns":7.0},{"damage":22,"enemies":"Slavers","floor":25,"turns":3}],"seed_played":"-4374848940947025014","potions_obtained":[{"floor":1.0,"key":"AttackPotion"},{"floor":7.0,"key":"ColorlessPotion"},{"floor":14.0,"key":"LiquidMemories"},{"floor":18.0,"key":"Weak Potion"}],"is_trial":false,"path_per_floor":["M","?","?","$","M","R","E","R","T","R","?","E","M","E","R","B",null,"M","?","M","M","?","E","R","E"],"character_chosen":"IRONCLAD","items_purchased":["Rage","Bronze Scales"],"campfire_rested":0,"item_purchase_floors":[4,4],"current_hp_per_floor":[75,72,72,72,78,78,60,60,60,60,60,58,60,49,49,41,70,68,56,56,59,59,17,17,0,0],"gold":487,"neow_bonus":"HUNDRED_GOLD","is_daily":false,"chose_seed":false,"campfire_upgraded":5,"win_rate":0.0,"timestamp":1609371018,"path_taken":["M","?","?","?","M","R","E","R","T","R","?","E","M","E","R","BOSS","M","?","M","M","?","E","R","E"],"items_purchased_type":["Card","Relic"],"build_version":"2020-12-22","purchased_purges":1,"victory":false,"max_hp_per_floor":[80,80,80,80,80,80,80,80,80,80,80,80,80,80,80,80,80,80,80,80,80,80,80,80,80,80],"card_choices":[{"not_picked":["Heavy Blade","Seeing Red"],"picked":"Metallicize","floor":1.0},{"not_picked":["Entrench","Cleave","True Grit"],"picked":"SKIP","floor":5.0},{"not_picked":["Wild Strike","Clash"],"picked":"Iron Wave","floor":7.0},{"not_picked":["Clash","Clothesline"],"picked":"Iron Wave","floor":12.0},{"not_picked":["True Grit","Pommel Strike"],"picked":"Metallicize+1","floor":13.0},{"not_picked":["Rupture+1","Exhume"],"picked":"Battle Trance","floor":14.0},{"not_picked":["Impervious","Limit Break"],"picked":"Immolate","floor":16.0},{"not_picked":["Headbutt","Havoc+1"],"picked":"Flex","floor":18.0},{"not_picked":["Clothesline","Heavy Blade","Searing Blow"],"picked":"SKIP","floor":20.0},{"not_picked":["Whirlwind","Headbutt","Heavy Blade"],"picked":"SKIP","floor":21.0},{"not_picked":["Intimidate","Second Wind+1"],"picked":"Iron Wave","floor":23.0}],"player_experience":233453,"relics_obtained":[{"floor":7.0,"key":"Smiling Mask"},{"floor":9.0,"key":"Frozen Egg 2"},{"floor":12.0,"key":"The Courier"},{"floor":14.0,"key":"Oddly Smooth Stone"},{"floor":19.0,"key":"Red Mask"},{"floor":23.0,"key":"MawBank"}],"event_choices":[{"damage_healed":0.0,"max_hp_gain":0.0,"max_hp_loss":0.0,"gold_gain":0.0,"event_name":"Scrap Ooze","player_choice":"Success","floor":2.0,"gold_loss":0.0,"damage_taken":3.0,"relics_obtained":["Kunai"]},{"damage_healed":0.0,"max_hp_gain":0.0,"max_hp_loss":0.0,"gold_gain":175.0,"event_name":"Liars Game","player_choice":"AGREE","floor":3.0,"gold_loss":0.0,"damage_taken":0.0,"cards_obtained":["Doubt"]},{"cards_removed":["Defend_R"],"damage_healed":0.0,"max_hp_gain":0.0,"max_hp_loss":0.0,"gold_gain":0.0,"event_name":"The Cleric","player_choice":"Card Removal","floor":11.0,"gold_loss":50.0,"damage_taken":0.0},{"damage_healed":0.0,"max_hp_gain":0.0,"max_hp_loss":0.0,"gold_gain":0.0,"event_name":"Masked Bandits","player_choice":"Fought Bandits","floor":19.0,"gold_loss":0.0,"damage_taken":0.0},{"damage_healed":0.0,"max_hp_gain":0.0,"max_hp_loss":0.0,"gold_gain":0.0,"event_name":"Drug Dealer","player_choice":"Inject Mutagens","floor":22.0,"gold_loss":0.0,"damage_taken":0.0,"relics_obtained":["MutagenicStrength"]}],"is_beta":false,"boss_relics":[{"not_picked":["Empty Cage","Pandora\u0027s Box"],"picked":"SlaversCollar"}],"items_purged_floors":[4],"is_endless":false,"potions_floor_spawned":[1,7,14,18],"killed_by":"Slavers","ascension_level":7}}