{"host":"yo9wwslrag05lh37","time":1609355401,"event":{"mods":["AchievementEnabler","BaseMod","Block Reminder","Colored Map","Colored Powertips","GifTheSpireLib","HexUI Lib","Highlight Path","Minty Spire (QoL Compilation)","Rare Cards Sparkle","Relic Stats","StSLib","everything is the same but u backflip on backflip"],"gold_per_floor":[118,130,142,142,153,153,171,199,246,246,281,48,75,84,84,170,197,213,138,147,175,197,197,236,236,236],"floor_reached":25,"playtime":891,"items_purged":["Strike_R"],"score":532,"play_id":"bf02069c-c4f1-469f-9ce6-9fc4d2df3b8b","local_time":"20201230201001","is_ascension_mode":true,"campfire_choices":[{"data":"Uppercut","floor":6.0,"key":"SMITH"},{"data":"Cleave","floor":10.0,"key":"SMITH"},{"data":"Disarm","floor":15.0,"key":"SMITH"},{"data":"J.A.X.","floor":23.0,"key":"SMITH"}],"circlet_count":0,"master_deck":["AscendersBane","Defend_R","Defend_R","Defend_R","Bash+1","Uppercut+1","Cleave+1","Disarm+1","Anger","Reaper","Fire Breathing","Anger","Demon Form","Ghostly Armor+1","Disarm+1","Double Tap+1","J.A.X.+1","Armaments","Corruption","Juggernaut"],"relics":["Burning Blood","Boot","Akabeko","Bottled Flame","PreservedInsect","CeramicFish","Astrolabe","Matryoshka"],"acts_visited":["Exordium","TheCity"],"potions_floor_usage":[],"damage_taken":[{"damage":8.0,"enemies":"2 Louse","floor":1.0,"turns":3.0},{"damage":4.0,"enemies":"Jaw Worm","floor":2.0,"turns":4.0},{"damage":6.0,"enemies":"Cultist","floor":3.0,"turns":3.0},{"damage":22.0,"enemies":"Large Slime","floor":5.0,"turns":7.0},{"damage":8.0,"enemies":"Blue Slaver","floor":7.0,"turns":5.0},{"damage":21.0,"enemies":"Lagavulin","floor":8.0,"turns":6.0},{"damage":7.0,"enemies":"Gremlin Nob","floor":11.0,"turns":3.0},{"damage":15.0,"enemies":"3 Sentries","floor":13.0,"turns":4.0},{"damage":42.0,"enemies":"Hexaghost","floor":16.0,"turns":10.0},{"damage":26.0,"enemies":"2 Thieves","floor":18.0,"turns":5.0},{"damage":33.0,"enemies":"Spheric Guardian","floor":21.0,"turns":4.0},{"damage":51.0,"enemies":"3 Cultists","floor":22.0,"turns":5.0},{"damage":3.0,"enemies":"Gremlin Leader","floor":24.0,"turns":6.0},{"damage":36,"enemies":"Chosen and Byrds","floor":25,"turns":3}],"seed_played":"-8169211237817457440","potions_obtained":[{"floor":1.0,"key":"Strength Potion"},{"floor":2.0,"key":"Regen Potion"},{"floor":7.0,"key":"Energy Potion"},{"floor":11.0,"key":"SkillPotion"},{"floor":16.0,"key":"SpeedPotion"},{"floor":18.0,"key":"AttackPotion"},{"floor":22.0,"key":"Explosive Potion"}],"is_trial":false,"path_per_floor":["M","M","M","?","M","R","M","E","T","R","E","$","E","?","R","B",null,"M","?","?","M","M","R","E","M"],"character_chosen":"IRONCLAD","items_purchased":["PreservedInsect"],"campfire_rested":0,"item_purchase_floors":[12],"current_hp_per_floor":[66,68,68,73,57,57,69,54,54,54,67,67,68,68,68,38,70,50,50,50,23,32,32,35,0,0],"gold":236,"neow_bonus":"UPGRADE_CARD","is_daily":false,"chose_seed":false,"campfire_upgraded":4,"win_rate":0.0,"timestamp":1609355401,"path_taken":["M","M","M","?","M","R","M","E","T","R","E","$","E","?","R","BOSS","M","?","?","M","M","R","E","M"],"items_purchased_type":["Relic"],"build_version":"2020-12-22","purchased_purges":1,"victory":false,"max_hp_per_floor":[75,75,75,80,80,80,80,80,80,80,80,80,80,80,80,80,80,80,80,80,80,80,80,80,80,80],"relic_stats":{"counters":[14,68],"CeramicFish":81,"Astrolabe":["Ghostly Armor","Disarm","Double Tap"],"PreservedInsect":80,"Boot":[2],"obtain_stats":[{"Bottled Flame":11,"Matryoshka":24,"CeramicFish":13,"Astrolabe":17,"PreservedInsect":12,"Boot":8,"Burning Blood":0,"Akabeko":9},{"Bottled Flame":7,"Matryoshka":13,"CeramicFish":8,"Astrolabe":9,"PreservedInsect":7,"Boot":6,"Burning Blood":0,"Akabeko":6},{"Bottled Flame":31,"Matryoshka":65,"CeramicFish":35,"Astrolabe":45,"PreservedInsect":31,"Boot":28,"Burning Blood":0,"Akabeko":28}],"Burning Blood":78},"card_choices":[{"not_picked":["Pommel Strike","Shrug It Off"],"picked":"Uppercut","floor":1.0},{"not_picked":["Perfected Strike","Clothesline","Reckless Charge"],"picked":"SKIP","floor":2.0},{"not_picked":["Havoc","Perfected Strike"],"picked":"Cleave","floor":3.0},{"not_picked":["Metallicize","Headbutt"],"picked":"Disarm","floor":5.0},{"not_picked":["Warcry","True Grit"],"picked":"Anger","floor":7.0},{"not_picked":["Sentinel","Heavy Blade"],"picked":"Reaper","floor":8.0},{"not_picked":["Pummel","Cleave"],"picked":"Fire Breathing","floor":11.0},{"not_picked":["Twin Strike","Pummel","Clash"],"picked":"SKIP","floor":13.0},{"not_picked":["Barricade","Impervious"],"picked":"Demon Form","floor":16.0},{"not_picked":["Clothesline+1","Perfected Strike","Flex"],"picked":"SKIP","floor":18.0},{"not_picked":["Anger","Thunderclap"],"picked":"Armaments","floor":21.0},{"not_picked":["True Grit","Clash"],"picked":"Corruption","floor":22.0},{"not_picked":["True Grit","Fire Breathing"],"picked":"Juggernaut","floor":24.0}],"player_experience":1414515,"relics_obtained":[{"floor":8.0,"key":"Boot"},{"floor":9.0,"key":"Akabeko"},{"floor":11.0,"key":"Bottled Flame"},{"floor":13.0,"key":"CeramicFish"},{"floor":24.0,"key":"Matryoshka"}],"event_choices":[{"damage_healed":0.0,"max_hp_gain":5.0,"max_hp_loss":0.0,"gold_gain":0.0,"event_name":"Big Fish","player_choice":"Donut","floor":4.0,"gold_loss":0.0,"damage_taken":0.0},{"damage_healed":0.0,"max_hp_gain":0.0,"max_hp_loss":0.0,"gold_gain":0.0,"cards_transformed":["Strike_R"],"event_name":"Transmorgrifier","player_choice":"Transformed","floor":14.0,"gold_loss":0.0,"damage_taken":0.0,"cards_obtained":["Anger"]},{"cards_removed":["Defend_R"],"damage_healed":0.0,"max_hp_gain":0.0,"max_hp_loss":0.0,"gold_gain":0.0,"event_name":"Beggar","player_choice":"Gave Gold","floor":19.0,"gold_loss":75.0,"damage_taken":0.0},{"damage_healed":0.0,"max_hp_gain":0.0,"max_hp_loss":0.0,"gold_gain":0.0,"event_name":"Drug Dealer","player_choice":"Obtain J.A.X.","floor":20.0,"gold_loss":0.0,"damage_taken":0.0,"cards_obtained":["J.A.X."]}],"is_beta":false,"boss_relics":[{"not_picked":["Runic Pyramid","Calling Bell"],"picked":"Astrolabe"}],"items_purged_floors":[12],"is_endless":false,"potions_floor_spawned":[1,2,7,11,16,18,22],"killed_by":"Chosen and Byrds","ascension_level":20}}