{"host":"qxeepl7ydvsgmfdb","time":1609333588,"event":{"mods":["AchievementEnabler","BaseMod","Colored Powertips","Minty Spire (QoL Compilation)","Quick Restart","slay the spire mod where everything is the same but ironclad has a cowboy hat"],"gold_per_floor":[118,193,193,209,40,65,65,65,65,27,39,50,50,69,69,167,217,229,247,247,264,280,308,308,20,95,95,5,18,28,28,28,28,28],"floor_reached":33,"playtime":1416,"items_purged":[],"score":292,"play_id":"ff8c3ded-7c43-417b-b6e0-a7a2244df069","local_time":"20201230080628","is_ascension_mode":false,"campfire_choices":[{"data":"Defragment","floor":15,"key":"SMITH"},{"floor":24,"key":"REST"},{"data":"Rainbow","floor":27,"key":"SMITH"},{"data":"White Noise","floor":32,"key":"SMITH"}],"circlet_count":0,"master_deck":["Strike_B","Strike_B","Strike_B+1","Defend_B","Defend_B","Defend_B","Defend_B","Zap","Dualcast","Sweeping Beam","Chaos+1","Sweeping Beam","Defragment+1","Redo","Cold Snap","Cold Snap","Rainbow+1","White Noise+1","Conserve Battery","Dramatic Entrance+1","Beam Cell+1"],"relics":["Cracked Core","NeowsBlessing","Mummified Hand","MealTicket","Art of War","Letter Opener","Tiny House","FaceOfCleric","DataDisk","Emotion Chip","Molten Egg 2"],"acts_visited":["Exordium","TheCity"],"potions_floor_usage":[16,21,23,23,23,33,33,33],"damage_taken":[{"damage":0,"enemies":"Small Slimes","floor":1,"turns":1},{"damage":0,"enemies":"2 Louse","floor":4,"turns":1},{"damage":0,"enemies":"Lagavulin","floor":6,"turns":1},{"damage":1,"enemies":"Cultist","floor":11,"turns":4},{"damage":16,"enemies":"Large Slime","floor":12,"turns":3},{"damage":6,"enemies":"Gremlin Gang","floor":14,"turns":4},{"damage":19,"enemies":"The Guardian","floor":16,"turns":9},{"damage":8,"enemies":"Spheric Guardian","floor":18,"turns":4},{"damage":10,"enemies":"Chosen","floor":19,"turns":3},{"damage":4,"enemies":"Centurion and Healer","floor":21,"turns":3},{"damage":3,"enemies":"Snecko","floor":22,"turns":5},{"damage":4,"enemies":"Gremlin Leader","floor":23,"turns":5},{"damage":5,"enemies":"Chosen and Byrds","floor":29,"turns":4},{"damage":16,"enemies":"Shelled Parasite and Fungi","floor":30,"turns":7},{"damage":69,"enemies":"Champ","floor":33,"turns":6}],"seed_played":"2324328595294579247","potions_obtained":[{"floor":4,"key":"PowerPotion"},{"floor":12,"key":"Swift Potion"},{"floor":14,"key":"Explosive Potion"},{"floor":17,"key":"SneckoOil"},{"floor":19,"key":"EntropicBrew"},{"floor":21,"key":"PowerPotion"}],"is_trial":false,"path_per_floor":["M","?","?","M","$","E","?","?","T","$","M","M","?","M","R","B",null,"M","M","?","M","M","E","R","$","T","R","$","M","M","?","R","B"],"character_chosen":"DEFECT","items_purchased":["MealTicket","Sweeping Beam","Defragment","Emotion Chip","Dramatic Entrance+1"],"campfire_rested":1,"item_purchase_floors":[5,5,10,25,28],"current_hp_per_floor":[75,64,64,64,64,64,64,57,57,72,71,55,55,49,49,30,80,72,62,62,59,57,54,78,83,83,83,83,79,64,64,64,0,0],"gold":28,"neow_bonus":"THREE_ENEMY_KILL","is_daily":false,"chose_seed":false,"campfire_upgraded":3,"win_rate":0.0,"timestamp":1609333588,"path_taken":["M","?","?","M","$","E","?","?","T","?","?","M","?","M","R","BOSS","M","?","?","?","M","E","R","$","T","R","$","M","M","?","R","BOSS"],"items_purchased_type":["Relic","Card","Card","Relic","Card"],"build_version":"2020-12-22","purchased_purges":0,"victory":false,"max_hp_per_floor":[75,75,75,75,75,75,75,75,75,75,75,75,75,75,75,75,80,80,80,80,81,82,83,83,83,83,83,83,84,85,85,85,85,85],"card_choices":[{"not_picked":["Coolheaded","Force Field"],"picked":"Sweeping Beam","floor":1},{"not_picked":["Turbo","Rebound"],"picked":"Chaos","floor":4},{"not_picked":["Steam Power","Sweeping Beam","Compile Driver"],"picked":"SKIP","floor":6},{"not_picked":["Storm","Reprogram"],"picked":"Redo","floor":11},{"not_picked":["Chill","Static Discharge"],"picked":"Cold Snap","floor":12},{"not_picked":["Loop","Beam Cell"],"picked":"Cold Snap","floor":14},{"not_picked":["Machine Learning","All For One"],"picked":"Rainbow","floor":16},{"not_picked":["Stack","Rebound"],"picked":"White Noise","floor":17},{"not_picked":["Rip and Tear","Rebound","Go for the Eyes"],"picked":"SKIP","floor":18},{"not_picked":["Turbo","Rebound+1","Streamline"],"picked":"SKIP","floor":19},{"not_picked":["Loop","Auto Shields+1","Storm"],"picked":"SKIP","floor":21},{"not_picked":["Cold Snap","Double Energy"],"picked":"Conserve Battery","floor":22},{"not_picked":["Undo+1","Force Field+1","FTL"],"picked":"SKIP","floor":23},{"not_picked":["Stack","Hologram"],"picked":"Beam Cell+1","floor":29},{"not_picked":["Streamline+1","Beam Cell+1","Doom and Gloom+1"],"picked":"SKIP","floor":30}],"player_experience":322491,"relics_obtained":[{"floor":6,"key":"Art of War"},{"floor":9,"key":"Letter Opener"},{"floor":23,"key":"DataDisk"},{"floor":26,"key":"Molten Egg 2"}],"event_choices":[{"damage_healed":0,"gold_gain":75,"player_choice":"Gather Gold","damage_taken":11,"max_hp_gain":0,"max_hp_loss":0,"event_name":"World of Goop","floor":2,"gold_loss":0},{"damage_healed":0,"gold_gain":0,"player_choice":"Box","damage_taken":0,"relics_obtained":["Mummified Hand"],"max_hp_gain":0,"max_hp_loss":0,"event_name":"Big Fish","floor":3,"gold_loss":0,"cards_obtained":["Regret"]},{"damage_healed":0,"gold_gain":0,"player_choice":"Grow","damage_taken":0,"max_hp_gain":0,"max_hp_loss":0,"event_name":"Living Wall","floor":7,"gold_loss":0,"cards_upgraded":["Chaos"]},{"cards_removed":["Regret"],"damage_healed":0,"gold_gain":0,"player_choice":"Card Removal","damage_taken":7,"max_hp_gain":0,"max_hp_loss":0,"event_name":"Golden Wing","floor":8,"gold_loss":0},{"cards_removed":["Strike_B"],"damage_healed":0,"gold_gain":0,"player_choice":"Purged","damage_taken":0,"max_hp_gain":0,"max_hp_loss":0,"event_name":"Purifier","floor":13,"gold_loss":0},{"damage_healed":0,"gold_gain":0,"player_choice":"Trade","damage_taken":0,"relics_obtained":["FaceOfCleric"],"max_hp_gain":0,"max_hp_loss":0,"event_name":"FaceTrader","floor":20,"gold_loss":0},{"damage_healed":0,"gold_gain":0,"player_choice":"Ignored","damage_taken":0,"max_hp_gain":0,"max_hp_loss":0,"event_name":"NoteForYourself","floor":31,"gold_loss":0}],"is_beta":false,"boss_relics":[{"not_picked":["Pandora\u0027s Box","SlaversCollar"],"picked":"Tiny House"}],"items_purged_floors":[],"is_endless":false,"potions_floor_spawned":[4,12,14,19,21,23,30],"killed_by":"Champ","ascension_level":0}}