{"host":"pszcj3piwl6eu8b1","time":1609362490,"event":{"mods":["2.2 Compatiblity","Act Like it!","Aspiration","BaseMod","Better Altar","Better Match","Better Note","Better Sensory Stone","Better Skull","Better Third Choice","Better Vampires","CCEM","Energized Spire","Gensokyo","GifTheSpireLib","Hallownest","Hubris","Marisa????????","Minty Spire (QoL Compilation)","Permanent Neow","Quarter Circle Forward PUNCH!","Quick Restart","Replay The Spire","Shop Mod","StSLib","Stuff the Spire","The Animator","The Blue Laboratory"],"gold_per_floor":[270,296,322,322,197,197,220,220,220,39,39,78,78,368,228,315,315,335,82,82,82,7,46,46,326,326,363,363,390,405,24,24,108,108,128,128,12,12,39,73,99,141,141,178,178,212,212,292,392,392,392,392,392,543,605,660,660,547,547,622,702,702,702,797,875,725,71,186,318,318],"floor_reached":71,"playtime":9218,"items_purged":["animator:Strike","animator:Defend+1","animator:Defend_Kancolle"],"score":3512,"play_id":"8df08cb0-7b31-455f-a2f3-8be26152b481","local_time":"20201230130810","is_ascension_mode":true,"campfire_choices":[{"floor":6.0,"key":"REST"},{"data":"animator:Shimakaze","floor":8.0,"key":"SMITH"},{"floor":11.0,"key":"RECALL"},{"data":"animator:Kaijin","floor":13.0,"key":"SMITH"},{"data":"animator:Geryuganshoop","floor":24.0,"key":"SMITH"},{"data":"animator:Kaijin","floor":32.0,"key":"SMITH"},{"data":"animator:SuzuneAmano","floor":45.0,"key":"SMITH"},{"data":"Gensokyo:ShootingStar","floor":53.0,"key":"SMITH"},{"data":"animator:Shimakaze","floor":59.0,"key":"SMITH"},{"floor":63,"key":"REST"}],"circlet_count":0,"master_deck":["AscendersBane","animator:Shimakaze+1","animator:YaoHaDucy+1","animator:Hibiki+1","animator:Rimuru","animator:Kaijin+1","animator:Togame+1","animator:Geryuganshoop+1","animator:FeridBathory+1","animator:Shizu+1","animator:Vesta+1","animator:Kaijin+1","animator:YaoHaDucy+1","Gensokyo:ShootingStar+1","animator:Envy+1","animator:YaoHaDucy+1","animator:Wiz+1","animator:SuzuneAmano+1","animator:HigakiRinne+1","Rage+1","animator:ChlammyZell+1","animator:Saber+1","animator:Eve+1","animator:Elesis+1","animator:Jibril+1","animator:Shuna+1","animator:ItamiYouji+1","animator:MamizouFutatsuiwa+1","animator:YachiyoNanami+1","animator:IrohaTamaki+1"],"relics":["animator:TheWolleyCore","animator:LivingPicture","animator:TheMissingPiece","animator:AncientMedallion"],"acts_visited":["Gensokyo:Gensokyo","Gensokyo:Gensokyoer","Gensokyo:Gensokyoest","TheEnding","EYB:TheUnnamedReign"],"potions_floor_usage":[61,68,68,70,70],"damage_taken":[{"damage":11.0,"enemies":"Gensokyo:3_Fairies","floor":1.0,"turns":6.0},{"damage":6.0,"enemies":"Gensokyo:2_Kodama","floor":3.0,"turns":4.0},{"damage":1.0,"enemies":"Gensokyo:Python","floor":7.0,"turns":3.0},{"damage":0.0,"enemies":"Gensokyo:Aya","floor":12.0,"turns":7.0},{"damage":0.0,"enemies":"Gensokyo:Mamizou","floor":14.0,"turns":8.0},{"damage":0.0,"enemies":"Gensokyo:Yukari","floor":16.0,"turns":5.0},{"damage":0.0,"enemies":"Gensokyo:CosmicMonolith","floor":18.0,"turns":3.0},{"damage":0.0,"enemies":"Gensokyo:Koishi","floor":23.0,"turns":6.0},{"damage":24.0,"enemies":"Gensokyo:Tenshi","floor":25.0,"turns":3.0},{"damage":0.0,"enemies":"Gensokyo:Koishi","floor":27.0,"turns":5.0},{"damage":0.0,"enemies":"Gensokyo:AngelMirror","floor":29.0,"turns":3.0},{"damage":0.0,"enemies":"Gensokyo:Wraith","floor":30.0,"turns":4.0},{"damage":0.0,"enemies":"Gensokyo:Eiki","floor":33.0,"turns":6.0},{"damage":0.0,"enemies":"Gensokyo:AncientGuardian","floor":35.0,"turns":4.0},{"damage":22.0,"enemies":"Gensokyo:Kasen","floor":40.0,"turns":5.0},{"damage":8.0,"enemies":"Gensokyo:3_Bats","floor":41.0,"turns":4.0},{"damage":0.0,"enemies":"Gensokyo:Doremy","floor":42.0,"turns":5.0},{"damage":0.0,"enemies":"Gensokyo:AtlasGolem","floor":44.0,"turns":4.0},{"damage":13.0,"enemies":"Gensokyo:Kasen","floor":46.0,"turns":5.0},{"damage":0.0,"enemies":"Gensokyo:Yuyuko","floor":50.0,"turns":5.0},{"damage":0.0,"enemies":"Gensokyo:Shinki","floor":51.0,"turns":6.0},{"damage":0.0,"enemies":"animator:UNNAMED_HAT","floor":55.0,"turns":9.0},{"damage":0.0,"enemies":"animator:TRIPLE_SHAPES_WEAK","floor":56.0,"turns":6.0},{"damage":69.0,"enemies":"animator:TRIPLE_LAGAVULIN","floor":60.0,"turns":6.0},{"damage":10,"enemies":"animator:UNNAMED_CULTIST_2","floor":61,"turns":4},{"damage":2,"enemies":"animator:ULTIMATE_WISP","floor":64,"turns":5},{"damage":2,"enemies":"animator:ULTIMATE_CUBE","floor":68,"turns":6},{"damage":73,"enemies":"animator:ULTIMATE_CRYSTAL","floor":69,"turns":6}],"seed_played":"-658131775946858537","potions_obtained":[{"floor":3.0,"key":"Dexterity Potion"},{"floor":18.0,"key":"GamblersBrew"},{"floor":23.0,"key":"blueLaboratory:RecallPotion"},{"floor":33.0,"key":"blueLaboratory:BottleOfVodka"},{"floor":35.0,"key":"Dexterity Potion"},{"floor":41.0,"key":"Weak Potion"},{"floor":42.0,"key":"blueLaboratory:TrueEctoplasm"},{"floor":55.0,"key":"animator:FalseLifePotion"},{"floor":56.0,"key":"animator:FalseLifePotion"},{"floor":60.0,"key":"animator:FalseLifePotion"},{"floor":61,"key":"animator:FalseLifePotion"},{"floor":64,"key":"animator:FalseLifePotion"},{"floor":68,"key":"animator:FalseLifePotion"},{"floor":69,"key":"animator:FalseLifePotion"}],"is_trial":false,"path_per_floor":["M","T","M","?","?","R","M","R","T","COS","R","E","R","E","R","B",null,"M","COS","?","?","$","E","R","E","T","E","?","M","M","$","R","B",null,"M","?","COS","?","T","E","M","E","T","M","R","E","$","?","R","B","B",null,"R","??","M","M","T","?","R","M","M","?","R","E","T","?","$","E","E","B",null],"character_chosen":"THE_ANIMATOR","items_purchased":["StuffTheSpire:ForceGauntlet","Nunchaku","animator:MamizouFutatsuiwa","animator:AncientMedallion","animator:AncientMedallion"],"campfire_rested":2,"item_purchase_floors":[31,47,67,67,67],"current_hp_per_floor":[28,28,22,7,7,25,24,24,24,24,24,24,24,24,24,24,51,51,51,51,51,51,51,51,27,27,27,27,27,27,27,27,57,59,60,60,60,60,60,42,44,50,50,58,58,49,34,34,34,34,42,56,56,80,80,80,80,80,80,12,10,10,34,44,44,44,44,71,9,43],"gold":318,"neow_bonus":"REMOVE_TWO","is_daily":false,"chose_seed":false,"campfire_upgraded":7,"win_rate":0.0,"timestamp":1609362490,"path_taken":["M","?","?","?","?","R","?","R","T","COS","R","E","R","E","R","BOSS","M","COS","?","?","$","E","R","E","T","E","?","M","M","$","R","BOSS","M","?","COS","?","?","E","M","E","T","M","R","E","?","?","R","BOSS","BOSS","R","??","M","M","T","?","R","M","M","?","R","E","T","?","$","E","E","BOSS"],"items_purchased_type":["Relic","Relic","Card","Relic","Relic"],"build_version":"2020-12-22","purchased_purges":3,"victory":true,"max_hp_per_floor":[60,60,60,60,60,60,60,60,60,60,60,60,60,60,60,60,60,60,60,60,60,60,60,60,60,60,60,60,60,60,60,60,60,60,60,60,60,60,60,60,60,60,60,60,60,60,60,60,60,60,60,60,60,80,80,80,80,80,80,81,81,81,81,81,81,81,81,82,82,82],"card_choices":[{"not_picked":["animator:Tatsumaki","animator:Lu","animator:Hitei"],"picked":"SKIP","floor":1.0},{"not_picked":["animator:Melzalgald","animator:Jibril"],"picked":"animator:YaoHaDucy","floor":3.0},{"not_picked":["animator:TanyaDegurechaff+1","animator:Kira+1"],"picked":"animator:Hibiki+1","floor":5.0},{"not_picked":["animator:Father+1","animator:HomuraAkemi+1"],"picked":"animator:Rimuru","floor":5.0},{"not_picked":["animator:NarberalGamma","animator:DolaSchwi"],"picked":"animator:Kaijin","floor":7.0},{"not_picked":["animator:Konayuki","animator:Azekura"],"picked":"animator:Togame","floor":12.0},{"not_picked":["animator:Ara","animator:Lancer","animator:TukaLunaMarceau"],"picked":"SKIP","floor":12.0},{"not_picked":["animator:Shigure","animator:Souei"],"picked":"animator:Geryuganshoop","floor":14.0},{"not_picked":["animator:SwordMaiden","animator:HomuraAkemi"],"picked":"animator:FeridBathory","floor":16.0},{"not_picked":["animator:ItamiYouji","animator:Shiro"],"picked":"animator:Shizu","floor":16.0},{"not_picked":["animator:Lancer+1","animator:Add","animator:Sloth"],"picked":"SKIP","floor":18.0},{"not_picked":["animator:Cocytus","animator:Nanami"],"picked":"animator:Vesta","floor":23.0},{"not_picked":["animator:Shion","animator:Shuna"],"picked":"animator:Kaijin","floor":25.0},{"not_picked":["animator:MamiTomoe","animator:Shiro"],"picked":"animator:YaoHaDucy","floor":27.0},{"not_picked":["animator:Gillette","animator:Assassin","animator:MaesHughes"],"picked":"SKIP","floor":29.0},{"not_picked":["animator:Gilgamesh","animator:Hakurou","animator:AcuraAkari"],"picked":"SKIP","floor":30.0},{"not_picked":[],"picked":"Gensokyo:ShootingStar","floor":33.0},{"not_picked":["animator:Saber","animator:SwordMaiden"],"picked":"animator:Envy","floor":33.0},{"not_picked":["animator:TukaLunaMarceau","animator:Tyuule","animator:Bozes"],"picked":"animator:YaoHaDucy","floor":35.0},{"not_picked":["animator:Raven","Replay:Undeath\u0027s Touch+1","animator:KrulTepes+1","animator:Darkness"],"picked":"SKIP","floor":40.0},{"not_picked":["animator:DolaSchwi+1","animator:Saber","Iron Wave","animator:Tyuule"],"picked":"SKIP","floor":41.0},{"not_picked":["animator:Yoichi","animator:DolaStephanie","animator:Tyuule"],"picked":"animator:Wiz","floor":42.0},{"not_picked":["animator:YachiyoNanami","animator:IrohaTamaki","animator:YuiTsuruno"],"picked":"animator:SuzuneAmano","floor":44.0},{"not_picked":["animator:KrulTepes","animator:ElricAlphonse","animator:Raven","animator:ElricEdward"],"picked":"SKIP","floor":46.0},{"not_picked":["animator:Fredrika","animator:AcuraAkari","animator:Berserker"],"picked":"hubris:ReadiedAction","floor":48.0},{"not_picked":["Infernal Blade+1","animator:Fredrika","Shrug It Off+1"],"picked":"Rage","floor":48.0},{"not_picked":["animator:Vanir","animator:Nanami"],"picked":"animator:ChlammyZell","floor":55.0},{"not_picked":["animator:Tyuule","animator:Kazuma","animator:Entoma+1"],"picked":"SKIP","floor":56.0},{"not_picked":["animator:MadokaKaname+1","animator:Shizu+1"],"picked":"animator:Saber+1","floor":58.0},{"not_picked":["animator:AcuraShin+1","animator:MadokaKaname+1"],"picked":"animator:Eve+1","floor":58.0},{"not_picked":["animator:HomuraAkemi+1","animator:Saber+1"],"picked":"animator:Elesis+1","floor":58.0},{"not_picked":["animator:DolaCouronne","animator:DolaStephanie"],"picked":"animator:Jibril","floor":60.0},{"not_picked":["animator:Darkness","animator:Albedo","animator:Tyuule"],"picked":"SKIP","floor":61},{"not_picked":["animator:KrulTepes","animator:Shichika+1"],"picked":"animator:Shuna","floor":64},{"not_picked":["animator:Saber+1","animator:SwordMaiden+1"],"picked":"animator:ItamiYouji+1","floor":66},{"not_picked":["animator:ChlammyZell","animator:Assassin"],"picked":"animator:YachiyoNanami","floor":68},{"not_picked":["animator:NagisaMomoe","animator:SayakaMiki"],"picked":"animator:IrohaTamaki","floor":69}],"player_experience":1350746,"relics_obtained":[{"floor":9.0,"key":"CloakClasp"},{"floor":12.0,"key":"FossilizedHelix"},{"floor":14.0,"key":"Sundial"},{"floor":23.0,"key":"CCEMRelics:JestersCrown"},{"floor":25.0,"key":"Akabeko"},{"floor":26.0,"key":"animator:PurpleTeddyBear"},{"floor":27.0,"key":"Oddly Smooth Stone"},{"floor":39.0,"key":"StuffTheSpire:OldFever"},{"floor":40.0,"key":"CCEMRelics:OverlyComfyChair"},{"floor":42.0,"key":"StuffTheSpire:GrapeVine"},{"floor":43.0,"key":"Du-Vu Doll"},{"floor":46.0,"key":"Blood Vial"},{"floor":54.0,"key":"animator:TheWolleyCore"},{"floor":57.0,"key":"animator:AncientMedallion"},{"floor":64,"key":"animator:AncientMedallion"},{"floor":65,"key":"animator:AncientMedallion"},{"floor":68,"key":"animator:AncientMedallion"},{"floor":69,"key":"animator:AncientMedallion"}],"event_choices":[{"damage_healed":0.0,"max_hp_gain":0.0,"max_hp_loss":0.0,"gold_gain":0.0,"event_name":"betterMatch:BetterMatch","player_choice":"2","floor":5.0,"gold_loss":0.0,"damage_taken":0.0,"cards_obtained":["betterMatch:ColorlessRareCard","betterMatch:RareCard","betterMatch:UncommonCard"]},{"damage_healed":0.0,"max_hp_gain":0.0,"max_hp_loss":0.0,"gold_gain":0.0,"event_name":"betterMatch:BetterMatch","player_choice":"3","floor":58.0,"gold_loss":0.0,"damage_taken":0.0,"cards_obtained":["betterMatch:RareCard"]}],"is_beta":false,"boss_relics":[{"not_picked":["Philosopher\u0027s Stone","aspiration:FutureDiary"],"picked":"Mark of Pain"},{"not_picked":["hubris:BlackHole","aspiration:SilentSkillbook"],"picked":"aspiration:IroncladSkillbook"}],"items_purged_floors":[22,31,47],"is_endless":false,"potions_floor_spawned":[3,18,23,33,35,41,42,55,60,61,64],"ascension_level":20}}