{"host":"ya062ahhhuj9au1o","time":1609292077,"event":{"mods":["BaseMod","Better Third Choice","Downfall","Filter the Spire","Hermit","Minty Spire (QoL Compilation)","Random Character Button","Robot Space Explorer","Somnambulant","StSLib","The Bug Knight","The Cursed","The Marked","The Servant 0.9.4"],"gold_per_floor":[112,125,34,51,126,126,1,1,1,1,20,20,20,48,48,48,48],"floor_reached":16,"playtime":858,"items_purged":[],"score":196,"play_id":"07e9745e-fdec-46ce-be71-bbcc49eba4f4","local_time":"20201229203437","daily_mods":["Heirloom","Cursed Run"],"is_ascension_mode":true,"campfire_choices":[{"data":"hermit:Defend_Hermit","floor":6.0,"key":"PURGE"},{"data":"hermit:Snapshot","floor":8.0,"key":"SMITH"},{"data":"hermit:Strike_Hermit","floor":12.0,"key":"PURGE"},{"floor":15,"key":"REST"}],"circlet_count":0,"master_deck":["AscendersBane","hermit:Strike_Hermit","hermit:Strike_Hermit","hermit:Strike_Hermit","hermit:Defend_Hermit","hermit:Defend_Hermit","hermit:Snapshot+1","hermit:Covet","hermit:Quickdraw","hermit:TrackingShot","Finesse","hermit:LoneWolf","hermit:Determination","hermit:Deadeye","sneckomod:Bewildered","hermit:Coalescence","hermit:Spite"],"relics":["Cursed Key","Darkstone Periapt","Du-Vu Doll","Peace Pipe","Matryoshka","Bronze Scales"],"acts_visited":["Exordium"],"potions_floor_usage":[14,16],"damage_taken":[{"damage":0.0,"enemies":"Cultist","floor":1.0,"turns":3.0},{"damage":7.0,"enemies":"2 Louse","floor":2.0,"turns":2.0},{"damage":0.0,"enemies":"Jaw Worm","floor":4.0,"turns":2.0},{"damage":8.0,"enemies":"Blue Slaver","floor":11.0,"turns":3.0},{"damage":34,"enemies":"Gremlin Nob","floor":14,"turns":4},{"damage":46,"enemies":"Hexaghost","floor":16,"turns":7}],"seed_played":"1596782254174695727","potions_obtained":[{"floor":2.0,"key":"Ancient Potion"},{"floor":4.0,"key":"GamblersBrew"}],"is_trial":true,"path_per_floor":["M","M","$","M","?","R","$","R","T","?","M","R","?","E","R","B"],"character_chosen":"HERMIT","items_purchased":["Finesse","hermit:Determination","hermit:Deadeye"],"campfire_rested":1,"item_purchase_floors":[3,7,7],"current_hp_per_floor":[64,57,57,57,46,46,46,46,52,57,49,49,49,15,39,0,0],"gold":48,"neow_bonus":"","is_daily":false,"chose_seed":false,"campfire_upgraded":1,"win_rate":0.0,"timestamp":1609292077,"path_taken":["M","?","$","M","?","R","?","R","T","?","M","R","?","E","R","BOSS"],"items_purchased_type":["Card","Card","Card"],"build_version":"2020-12-22","purchased_purges":0,"victory":false,"max_hp_per_floor":[71,71,71,71,71,71,71,71,77,82,82,82,82,82,82,82,82],"card_choices":[{"not_picked":["hermit:HoleUp","hermit:Desperado"],"picked":"hermit:Quickdraw","floor":1.0},{"not_picked":["hermit:SprayPray","hermit:Gestalt"],"picked":"hermit:TrackingShot","floor":2.0},{"not_picked":["hermit:Combo","hermit:Showdown"],"picked":"hermit:LoneWolf","floor":4.0},{"not_picked":["hermit:BigShot","hermit:Midnight"],"picked":"hermit:Coalescence","floor":11.0},{"not_picked":["hermit:LoneWolf","hermit:OverwhelmingPower"],"picked":"hermit:Spite","floor":14}],"player_experience":1738664,"relics_obtained":[{"floor":9.0,"key":"Matryoshka"},{"floor":14,"key":"Bronze Scales"}],"event_choices":[{"damage_healed":0.0,"max_hp_gain":0.0,"max_hp_loss":0.0,"gold_gain":75.0,"event_name":"betterThird:BetterGoop","player_choice":"Gold","floor":5.0,"gold_loss":0.0,"damage_taken":11.0},{"damage_healed":0.0,"max_hp_gain":5.0,"max_hp_loss":0.0,"gold_gain":0.0,"event_name":"Big Fish","player_choice":"Donut","floor":10.0,"gold_loss":0.0,"damage_taken":0.0},{"cards_removed":["hermit:Defend_Hermit"],"damage_healed":0.0,"max_hp_gain":0.0,"max_hp_loss":0.0,"gold_gain":0.0,"event_name":"Bonfire Elementals","player_choice":"Offered Basic","floor":13.0,"gold_loss":0.0,"damage_taken":0.0}],"is_beta":false,"boss_relics":[],"items_purged_floors":[],"is_endless":false,"potions_floor_spawned":[2,4],"killed_by":"Hexaghost","ascension_level":20}}