{"host":"msa0wxqjs3jv1k3j","time":1609334386,"event":{"mods":["BaseMod","BetterRewards","Colored Map","Highlight Path","KOR Keyword Fix","Keyboard Shortcuts","Minty Spire (QoL Compilation)","Quick Restart","SuperFastMode","everything is the same but u backflip on backflip"],"gold_per_floor":[112,112,164,164,164,191,210,230,254,266,276,310,310,410,410,510,510,529,564,564,578,578,578],"floor_reached":22,"playtime":1052,"items_purged":[],"score":219,"play_id":"467eea24-b019-4b57-a073-f3c50992bf48","local_time":"20201230221946","is_ascension_mode":false,"campfire_choices":[{"data":"Flame Barrier","floor":13,"key":"SMITH"},{"floor":15,"key":"REST"}],"circlet_count":0,"master_deck":["Strike_R","Strike_R","Strike_R","Strike_R","Defend_R","Defend_R","Defend_R","Defend_R","Bash","Fiend Fire","Armaments","Battle Trance","Flame Barrier+1","Intimidate","Warcry","Brutality","Burning Pact+1"],"relics":["Burning Blood","NeowsBlessing","Happy Flower","Strawberry","Bronze Scales","Omamori","Sozu","Red Mask"],"acts_visited":["Exordium","TheCity"],"potions_floor_usage":[16],"damage_taken":[{"damage":0,"enemies":"2 Louse","floor":1,"turns":1},{"damage":0,"enemies":"3 Sentries","floor":6,"turns":1},{"damage":0,"enemies":"Jaw Worm","floor":7,"turns":1},{"damage":12,"enemies":"Small Slimes","floor":8,"turns":6},{"damage":15,"enemies":"Exordium Thugs","floor":10,"turns":3},{"damage":2,"enemies":"2 Fungi Beasts","floor":11,"turns":4},{"damage":58,"enemies":"Gremlin Nob","floor":12,"turns":6},{"damage":12,"enemies":"Hexaghost","floor":16,"turns":9},{"damage":17,"enemies":"2 Thieves","floor":18,"turns":5},{"damage":39,"enemies":"Masked Bandits","floor":19,"turns":6},{"damage":16,"enemies":"Shell Parasite","floor":21,"turns":7},{"damage":40,"enemies":"Chosen and Byrds","floor":22,"turns":5}],"seed_played":"562077286640854292","potions_obtained":[{"floor":7,"key":"Swift Potion"},{"floor":8,"key":"Dexterity Potion"},{"floor":10,"key":"SmokeBomb"}],"is_trial":false,"path_per_floor":["M","?","T","?","?","E","M","M","T","M","M","E","R","?","R","B",null,"M","?","?","M","M"],"character_chosen":"IRONCLAD","items_purchased":[],"campfire_rested":1,"item_purchase_floors":[],"current_hp_per_floor":[80,80,80,73,78,91,92,86,86,77,81,29,29,29,56,50,92,81,48,48,38,0,0],"gold":578,"neow_bonus":"THREE_ENEMY_KILL","is_daily":false,"chose_seed":false,"campfire_upgraded":1,"win_rate":0.0,"timestamp":1609334386,"path_taken":["M","?","?","?","?","E","M","?","T","M","M","E","R","?","R","BOSS","M","?","?","?","M"],"items_purchased_type":[],"build_version":"2020-12-22","purchased_purges":0,"victory":false,"max_hp_per_floor":[80,80,80,80,85,92,92,92,92,92,92,92,92,92,92,92,92,92,92,92,92,92,92],"card_choices":[{"not_picked":["Cleave","Shockwave","Wild Strike"],"picked":"SKIP","floor":1},{"not_picked":["Rupture","Blood for Blood"],"picked":"Fiend Fire","floor":6},{"not_picked":["Hemokinesis","Blood for Blood"],"picked":"Armaments","floor":7},{"not_picked":["Rupture","Infernal Blade"],"picked":"Battle Trance","floor":8},{"not_picked":["Perfected Strike","Warcry"],"picked":"Flame Barrier","floor":10},{"not_picked":["Heavy Blade","Havoc"],"picked":"Intimidate","floor":11},{"not_picked":["Spot Weakness","Intimidate"],"picked":"Warcry","floor":12},{"not_picked":["Fiend Fire","Impervious"],"picked":"Brutality","floor":16},{"not_picked":["Iron Wave","True Grit"],"picked":"Burning Pact+1","floor":18},{"not_picked":["Anger","Entrench","Rupture+1"],"picked":"SKIP","floor":21}],"player_experience":22725,"relics_obtained":[{"floor":3,"key":"Happy Flower"},{"floor":6,"key":"Strawberry"},{"floor":9,"key":"Bronze Scales"},{"floor":12,"key":"Omamori"},{"floor":19,"key":"Red Mask"}],"event_choices":[{"damage_healed":0,"gold_gain":0,"player_choice":"Ignored","damage_taken":0,"max_hp_gain":0,"max_hp_loss":0,"event_name":"Liars Game","floor":2,"gold_loss":0},{"cards_removed":["Strike_R"],"damage_healed":0,"gold_gain":0,"player_choice":"Card Removal","damage_taken":7,"max_hp_gain":0,"max_hp_loss":0,"event_name":"Golden Wing","floor":4,"gold_loss":0},{"damage_healed":0,"gold_gain":0,"player_choice":"Donut","damage_taken":0,"max_hp_gain":5,"max_hp_loss":0,"event_name":"Big Fish","floor":5,"gold_loss":0},{"damage_healed":0,"gold_gain":100,"player_choice":"Pray","damage_taken":0,"max_hp_gain":0,"max_hp_loss":0,"event_name":"Golden Shrine","floor":14,"gold_loss":0},{"damage_healed":0,"gold_gain":0,"player_choice":"Fought Bandits","damage_taken":0,"max_hp_gain":0,"max_hp_loss":0,"event_name":"Masked Bandits","floor":19,"gold_loss":0},{"damage_healed":0,"gold_gain":0,"player_choice":"Bought 0 Potions","damage_taken":0,"max_hp_gain":0,"max_hp_loss":0,"event_name":"The Woman in Blue","floor":20,"gold_loss":0}],"is_beta":false,"boss_relics":[{"not_picked":["Tiny House","Runic Dome"],"picked":"Sozu"}],"items_purged_floors":[],"is_endless":false,"potions_floor_spawned":[7,8,10,11,19],"killed_by":"Chosen and Byrds","ascension_level":0}}