{"host":"d8hh7rr4yzitjeuj","time":1609320337,"event":{"mods":["2.2 Compatiblity","AchievementEnabler","BaseMod","CapriCore","Colored Map","Colored Powertips","Highlight Path","Keyboard Shortcuts","Minty Spire (QoL Compilation)","Permanent Neow","Quick Restart","StSLib","SuperFastMode"],"gold_per_floor":[116,133,145,91,91,116,130,130,130,149,149,165,165,196,196,196,196],"floor_reached":16,"playtime":470,"items_purged":[],"score":224,"play_id":"5686e423-cb5b-492f-8f04-c0e4c33eee69","local_time":"20201230182537","is_ascension_mode":true,"campfire_choices":[{"data":"Storm","floor":8.0,"key":"SMITH"},{"floor":15,"key":"REST"}],"circlet_count":0,"master_deck":["AscendersBane","Strike_B","Strike_B","Strike_B","Defend_B","Defend_B","Defend_B","Defend_B","Zap","Dualcast","Electrodynamics","Storm+1","Genetic Algorithm","Compile Driver","Turbo","Rebound","BootSequence","Cold Snap","Pain","Echo Form"],"relics":["Cracked Core","Eternal Feather","Sundial","Mummified Hand","WarpedTongs","HornCleat"],"acts_visited":["Exordium"],"potions_floor_usage":[14,14],"damage_taken":[{"damage":11.0,"enemies":"2 Louse","floor":1.0,"turns":2.0},{"damage":1.0,"enemies":"Cultist","floor":2.0,"turns":3.0},{"damage":9.0,"enemies":"Jaw Worm","floor":3.0,"turns":4.0},{"damage":17.0,"enemies":"3 Sentries","floor":6.0,"turns":3.0},{"damage":7.0,"enemies":"Looter","floor":7.0,"turns":3.0},{"damage":7.0,"enemies":"Lots of Slimes","floor":10.0,"turns":2.0},{"damage":0.0,"enemies":"Large Slime","floor":12.0,"turns":3.0},{"damage":10,"enemies":"Gremlin Nob","floor":14,"turns":3},{"damage":37,"enemies":"The Guardian","floor":16,"turns":11}],"seed_played":"-7152089895480114603","potions_obtained":[{"floor":1.0,"key":"SkillPotion"},{"floor":6.0,"key":"DuplicationPotion"},{"floor":10.0,"key":"FearPotion"}],"is_trial":false,"path_per_floor":["M","M","M","$","?","E","M","R","T","M","?","M","?","E","R","B"],"character_chosen":"DEFECT","items_purchased":["Turbo"],"campfire_rested":1,"item_purchase_floors":[4],"current_hp_per_floor":[53,52,43,43,43,26,19,28,28,21,14,14,14,4,37,0,0],"gold":196,"neow_bonus":"ONE_RANDOM_RARE_CARD","is_daily":false,"chose_seed":false,"campfire_upgraded":1,"win_rate":0.0,"timestamp":1609320337,"path_taken":["M","M","M","$","?","E","?","R","T","M","?","M","?","E","R","BOSS"],"items_purchased_type":["Card"],"build_version":"2020-12-22","purchased_purges":0,"victory":false,"max_hp_per_floor":[71,71,71,71,71,71,71,71,71,71,71,71,71,71,71,71,71],"card_choices":[{"not_picked":["Fusion","Redo"],"picked":"Storm","floor":1.0},{"not_picked":["Beam Cell","Scrape"],"picked":"Genetic Algorithm","floor":2.0},{"not_picked":["Cold Snap","Gash"],"picked":"Compile Driver","floor":3.0},{"not_picked":["Skim","Scrape"],"picked":"Rebound","floor":6.0},{"not_picked":["Stack","Fusion","Compile Driver"],"picked":"SKIP","floor":7.0},{"not_picked":["Go for the Eyes","Electrodynamics"],"picked":"BootSequence","floor":10.0},{"not_picked":["Genetic Algorithm","Conserve Battery"],"picked":"Cold Snap","floor":12.0},{"not_picked":["Compile Driver","Barrage"],"picked":"Echo Form","floor":14}],"player_experience":1390471,"relics_obtained":[{"floor":6.0,"key":"Sundial"},{"floor":9.0,"key":"Mummified Hand"},{"floor":14,"key":"HornCleat"}],"event_choices":[{"damage_healed":0.0,"max_hp_gain":0.0,"max_hp_loss":0.0,"gold_gain":0.0,"event_name":"WeMeetAgain","player_choice":"Gave Potion","floor":5.0,"gold_loss":0.0,"damage_taken":0.0,"relics_obtained":["Eternal Feather"]},{"cards_removed":["Strike_B"],"damage_healed":0.0,"max_hp_gain":0.0,"max_hp_loss":0.0,"gold_gain":0.0,"event_name":"Golden Wing","player_choice":"Card Removal","floor":11.0,"gold_loss":0.0,"damage_taken":7.0},{"damage_healed":0.0,"max_hp_gain":0.0,"max_hp_loss":0.0,"gold_gain":0.0,"event_name":"Accursed Blacksmith","player_choice":"Rummage","floor":13.0,"gold_loss":0.0,"damage_taken":0.0,"relics_obtained":["WarpedTongs"],"cards_obtained":["Pain"]}],"is_beta":false,"boss_relics":[],"items_purged_floors":[],"is_endless":false,"potions_floor_spawned":[1,6,10],"killed_by":"The Guardian","ascension_level":20}}