{"host":"bf9sa99gaumonoeu","time":1609289341,"event":{"mods":["AchievementEnabler","BaseMod","Colored Map","Downfall","Friendly Minions","Marisa????????","Minty Spire (QoL Compilation)","Replay The Spire","StSLib","The Cursed","The Disciple","The Servant 0.9.4"],"gold_per_floor":[112,131,4,22,40,40,51,51,103,103,103,103,132,143,143,242,242,254,266,0,0,0,0],"floor_reached":22,"playtime":1121,"items_purged":["Defend_R"],"score":298,"play_id":"64969a5d-284d-448a-bba4-ab2a1d314e8e","local_time":"20201229224901","is_ascension_mode":true,"campfire_choices":[{"data":"Armaments","floor":6,"key":"SMITH"},{"data":"Carnage","floor":10,"key":"SMITH"},{"data":"Bash","floor":12,"key":"SMITH"},{"data":"Combust","floor":15,"key":"SMITH"}],"circlet_count":0,"master_deck":["AscendersBane","Strike_R","Strike_R","Strike_R","Strike_R","Strike_R","Defend_R","Defend_R","Defend_R","Bash+1","Combust+1","Armaments+1","ReplayTheSpireMod:Stacked+1","Carnage+1","Armaments","Reaper","Blood for Blood","Dual Wield"],"relics":["Burning Blood","ReplayTheSpireMod:Spearhead","SsserpentHead","ReplayTheSpireMod:Ninjato","Runic Cube"],"acts_visited":["Exordium","TheCity"],"potions_floor_usage":[13,16,16,19],"damage_taken":[{"damage":1,"enemies":"Cultist","floor":1,"turns":3},{"damage":7,"enemies":"2 Louse","floor":2,"turns":4},{"damage":3,"enemies":"Jaw Worm","floor":4,"turns":5},{"damage":12,"enemies":"Red Slaver","floor":5,"turns":5},{"damage":13,"enemies":"Blue Slaver","floor":7,"turns":4},{"damage":4,"enemies":"Gremlin Nob","floor":13,"turns":3},{"damage":0,"enemies":"Large Slime","floor":14,"turns":4},{"damage":45,"enemies":"The Guardian","floor":16,"turns":14},{"damage":40,"enemies":"3 Byrds","floor":18,"turns":5},{"damage":30,"enemies":"Shell Parasite","floor":19,"turns":7},{"damage":35,"enemies":"Snake Plant","floor":22,"turns":3}],"seed_played":"-3991185613098359165","potions_obtained":[{"floor":1,"key":"Dexterity Potion"},{"floor":7,"key":"SkillPotion"},{"floor":13,"key":"SteroidPotion"},{"floor":18,"key":"Weak Potion"}],"is_trial":false,"path_per_floor":["M","M","$","M","M","R","M","$","T","R","?","R","E","M","R","B",null,"M","M","?","$","M"],"character_chosen":"IRONCLAD","items_purchased":["ReplayTheSpireMod:Stacked+1"],"campfire_rested":0,"item_purchase_floors":[3],"current_hp_per_floor":[85,84,84,87,81,81,74,74,74,74,74,74,76,82,82,43,77,49,25,25,25,0,0],"gold":0,"neow_bonus":"TEN_PERCENT_HP_BONUS","is_daily":false,"chose_seed":false,"campfire_upgraded":4,"win_rate":0.0,"timestamp":1609289341,"path_taken":["M","M","?","M","?","R","M","$","T","R","?","R","E","M","R","BOSS","M","M","?","$","M"],"items_purchased_type":["Card"],"build_version":"2020-12-22","purchased_purges":1,"victory":false,"max_hp_per_floor":[88,88,88,88,88,88,88,88,88,88,88,88,88,88,88,88,88,88,88,88,88,88,88],"card_choices":[{"not_picked":["Fire Breathing","Replay:Undeath\u0027s Touch"],"picked":"Combust","floor":1},{"not_picked":["Twin Strike","Carnage"],"picked":"Armaments","floor":2},{"not_picked":["ReplayTheSpireMod:LeadingStrike","Sword Boomerang","Sentinel"],"picked":"SKIP","floor":4},{"not_picked":["Disarm","Sever Soul"],"picked":"Carnage","floor":5},{"not_picked":["Wild Strike","Sever Soul","Shockwave"],"picked":"SKIP","floor":7},{"not_picked":["Cleave","Juggernaut","Sentinel"],"picked":"SKIP","floor":13},{"not_picked":["Anger","Run Through"],"picked":"Armaments","floor":14},{"not_picked":["Replay:Many Hands","Fiend Fire"],"picked":"Reaper","floor":16},{"not_picked":["Replay:Undeath\u0027s Touch","Warcry"],"picked":"Blood for Blood","floor":18},{"not_picked":["Dual Wield","Warcry","Defy Death+1"],"picked":"SKIP","floor":19},{"not_picked":["Warcry","Defy Death+1"],"picked":"Dual Wield","floor":19}],"player_experience":576313,"relics_obtained":[{"floor":9,"key":"ReplayTheSpireMod:Spearhead"},{"floor":13,"key":"ReplayTheSpireMod:Ninjato"}],"event_choices":[{"damage_healed":0,"gold_gain":0,"player_choice":"Trade","damage_taken":0,"relics_obtained":["SsserpentHead"],"max_hp_gain":0,"max_hp_loss":0,"event_name":"FaceTrader","floor":11,"gold_loss":0},{"damage_healed":0,"gold_gain":0,"player_choice":"Paid Fearfully","damage_taken":0,"max_hp_gain":0,"max_hp_loss":0,"event_name":"Masked Bandits","floor":20,"gold_loss":316}],"is_beta":false,"boss_relics":[{"not_picked":["Replay:Drink Me","Snecko Eye"],"picked":"Runic Cube"}],"items_purged_floors":[3],"is_endless":false,"potions_floor_spawned":[1,7,13,18],"killed_by":"Snake Plant","ascension_level":12}}