{"host":"bux1pdxjwq4dkad9","time":1609294859,"event":{"mods":["Arknights The Spire","BaseMod","Colored Map","Evolution","Minty Spire (QoL Compilation)","Quick Restart","StSLib","SuperFastMode","°æ“≈ŒÔMod°øºÚµ•”Œœ∑"],"gold_per_floor":[118,130,55,72,91,104,123,153,153,53,88,88,88,88,88,190,190,201,76,94,94,113,113,142,158,158,191,191,191,207,3,3,106,106,125,141,155,170,185,185,210,210,210,244,244,260,271,303,303,303,303,303,66,98,98],"floor_reached":56,"playtime":2435,"items_purged":["ats:Strike G","ats:Defend","ats:Defend","ats:Strike V"],"score":1716,"play_id":"8ce4e24c-18ed-459e-9379-90bd46b085a3","local_time":"20201230102059","is_ascension_mode":false,"campfire_choices":[{"data":"ats:Flexible Camouflage","floor":12.0,"key":"SMITH"},{"data":"ats:Emotion Absorption","floor":15.0,"key":"SMITH"},{"data":"ats:True Silver Slash","floor":23.0,"key":"SMITH"},{"floor":28.0,"key":"RECALL"},{"data":"ats:Curse Doll","floor":32.0,"key":"SMITH"},{"data":"ats:Burning Ground","floor":40.0,"key":"SMITH"},{"data":"ats:Shadow Raid","floor":42.0,"key":"SMITH"},{"data":"ats:Sunburst","floor":45.0,"key":"SMITH"},{"data":"ats:Wolf Pack","floor":49.0,"key":"SMITH"},{"data":"ats:Armor Crushing Shot","floor":52.0,"key":"SMITH"}],"circlet_count":0,"master_deck":["ats:Strike C","ats:Armor Crushing Shot+1","ats:Defend","ats:Defend","ats:Emotion Absorption+1","ats:Flexible Camouflage+1","ats:Curse Doll+1","ats:Sunburst+1","ats:True Silver Slash+1","ats:Burning Ground+1","ats:Wolf Pack+1","ats:Burning Ground+1","ats:Shadow Raid+1"],"relics":["ats:Sanity Plus","EVO:Axolotl","ImprovedEquipment","ats:Originium","Vajra","Bag of Preparation","ats:Hidden Killer","StrikeDummy","ats:Military Tradition","The Courier","Sundial","SlaversCollar","White Beast Statue","Shuriken","Boot","Bottled Lightning","HandDrill","ats:Bonebreaker"],"acts_visited":["Exordium","TheCity","TheBeyond","TheEnding"],"potions_floor_usage":[55,55,55,55,55,55],"damage_taken":[{"damage":0.0,"enemies":"Cultist","floor":1.0,"turns":3.0},{"damage":0.0,"enemies":"2 Louse","floor":2.0,"turns":2.0},{"damage":0.0,"enemies":"Small Slimes","floor":4.0,"turns":2.0},{"damage":0.0,"enemies":"Blue Slaver","floor":5.0,"turns":2.0},{"damage":0.0,"enemies":"Lots of Slimes","floor":6.0,"turns":4.0},{"damage":0.0,"enemies":"Looter","floor":7.0,"turns":2.0},{"damage":0.0,"enemies":"Lagavulin","floor":8.0,"turns":6.0},{"damage":0.0,"enemies":"Gremlin Nob","floor":11.0,"turns":3.0},{"damage":0.0,"enemies":"Hexaghost","floor":16.0,"turns":6.0},{"damage":0.0,"enemies":"Chosen","floor":18.0,"turns":3.0},{"damage":0.0,"enemies":"3 Byrds","floor":20.0,"turns":2.0},{"damage":0.0,"enemies":"Snecko","floor":22.0,"turns":3.0},{"damage":0.0,"enemies":"Gremlin Leader","floor":24.0,"turns":4.0},{"damage":0.0,"enemies":"Snake Plant","floor":25.0,"turns":2.0},{"damage":0.0,"enemies":"Slavers","floor":27.0,"turns":3.0},{"damage":0.0,"enemies":"Cultist and Chosen","floor":30.0,"turns":2.0},{"damage":0.0,"enemies":"Collector","floor":33.0,"turns":1.0},{"damage":0.0,"enemies":"3 Darklings","floor":35.0,"turns":2.0},{"damage":0.0,"enemies":"3 Shapes","floor":36.0,"turns":2.0},{"damage":0.0,"enemies":"3 Darklings","floor":37.0,"turns":2.0},{"damage":0.0,"enemies":"4 Shapes","floor":38.0,"turns":2.0},{"damage":0.0,"enemies":"Maw","floor":39.0,"turns":2.0},{"damage":0.0,"enemies":"Nemesis","floor":41.0,"turns":1.0},{"damage":0.0,"enemies":"Reptomancer","floor":44.0,"turns":2.0},{"damage":0.0,"enemies":"Spire Growth","floor":46.0,"turns":2.0},{"damage":0.0,"enemies":"Sphere and 2 Shapes","floor":47.0,"turns":2.0},{"damage":0.0,"enemies":"Giant Head","floor":48.0,"turns":1.0},{"damage":0.0,"enemies":"Awakened One","floor":50.0,"turns":2.0},{"damage":0.0,"enemies":"Shield and Spear","floor":54.0,"turns":1.0},{"damage":0,"enemies":"The Heart","floor":55,"turns":4}],"seed_played":"6084963073763709783","potions_obtained":[{"floor":2.0,"key":"EntropicBrew"},{"floor":4.0,"key":"LiquidMemories"},{"floor":7.0,"key":"SmokeBomb"},{"floor":16.0,"key":"Weak Potion"},{"floor":39.0,"key":"PowerPotion"},{"floor":46.0,"key":"DuplicationPotion"}],"is_trial":false,"path_per_floor":["M","M","$","M","M","M","M","E","T","$","E","R","?","?","R","B",null,"M","$","M","?","M","R","E","M","T","E","R","?","M","$","R","B",null,"M","M","M","M","M","R","E","R","T","E","R","M","M","E","R","B",null,"R","$","E","B",null],"character_chosen":"DOCTOR_CLASS","items_purchased":["Sundial","HandDrill"],"campfire_rested":0,"item_purchase_floors":[31,53],"current_hp_per_floor":[79,79,79,79,79,79,79,79,79,79,79,79,76,76,76,76,79,79,79,79,64,64,64,64,64,64,64,64,64,64,64,64,64,84,84,84,84,84,84,84,84,84,84,84,84,84,84,84,84,84,84,84,84,84,84],"gold":98,"neow_bonus":"TEN_PERCENT_HP_BONUS","is_daily":false,"chose_seed":false,"campfire_upgraded":9,"win_rate":0.0,"timestamp":1609294859,"path_taken":["M","M","$","M","?","M","M","E","T","$","E","R","?","?","R","BOSS","M","$","M","?","M","R","E","M","T","E","R","?","M","$","R","BOSS","M","M","M","M","M","R","E","R","T","E","R","M","M","E","R","BOSS","R","$","E","BOSS"],"items_purchased_type":["Relic","Relic"],"build_version":"2020-12-22","purchased_purges":4,"victory":true,"max_hp_per_floor":[79,79,79,79,79,79,79,79,79,79,79,79,79,79,79,79,79,79,79,79,84,84,84,84,84,84,84,84,84,84,84,84,84,84,84,84,84,84,84,84,84,84,84,84,84,84,84,84,84,84,84,84,84,84,84],"card_choices":[{"not_picked":["ats:Explosion Area Strengthen","ats:Shadow Raid"],"picked":"ats:Flexible Camouflage","floor":1.0},{"not_picked":["ats:Automatic Cover","ats:Shell Defense","ats:Revitalization"],"picked":"SKIP","floor":2.0},{"not_picked":["ats:Childhood Dance","ats:Revitalization"],"picked":"ats:Curse Doll","floor":4.0},{"not_picked":["ats:Leaping Hammer","ats:Flexible Camouflage","ats:Ignite"],"picked":"SKIP","floor":5.0},{"not_picked":["ats:Directed Diagnosis","ats:Collapsing Strike"],"picked":"ats:Sunburst","floor":6.0},{"not_picked":["ats:Revitalization","ats:Sword Rain","ats:Charging Defense"],"picked":"SKIP","floor":7.0},{"not_picked":["ats:Counter Healing Mode","ats:Explosion Area Strengthen","ats:Beaten Up"],"picked":"SKIP","floor":8.0},{"not_picked":["ats:Apocalypse","ats:Flexible Camouflage","ats:Soul Absorption"],"picked":"SKIP","floor":11.0},{"not_picked":["ats:Volcano","ats:Soul Rend"],"picked":"ats:True Silver Slash","floor":16.0},{"not_picked":["ats:Childhood Dance+1","ats:Apocalypse+1","ats:Curse Doll"],"picked":"SKIP","floor":18.0},{"not_picked":["ats:Childhood Dance","ats:Spore Proliferation","ats:Defend Order"],"picked":"SKIP","floor":20.0},{"not_picked":["ats:Song Of Battle","ats:Leaping Hammer+1"],"picked":"ats:Burning Ground+1","floor":22.0},{"not_picked":["ats:Chain Hook","ats:Powerful Strike","ats:Assault Order"],"picked":"SKIP","floor":24.0},{"not_picked":["ats:Shell Defense+1","ats:Explosion Area Strengthen","ats:Composite Medical Shells"],"picked":"SKIP","floor":25.0},{"not_picked":["ats:Consecutive Shot Auto","ats:Leaping Hammer","ats:Burning Ground"],"picked":"SKIP","floor":27.0},{"not_picked":["ats:Dogmatic Field","ats:Poison Spread","ats:Ignite"],"picked":"SKIP","floor":30.0},{"not_picked":["ats:Volcano","ats:Nebulous Foxfire"],"picked":"ats:Wolf Pack","floor":33.0},{"not_picked":["ats:Mental Burst+1","ats:Flexible Camouflage","ats:Cat Scratch"],"picked":"SKIP","floor":35.0},{"not_picked":["ats:Sword Rain","ats:Magnetic Hammer+1"],"picked":"ats:Burning Ground","floor":36.0},{"not_picked":["ats:Ignite+1","ats:Curse Doll+1","ats:Assault Order+1"],"picked":"SKIP","floor":37.0},{"not_picked":["ats:Defend Order+1","ats:Wolf Pack","ats:Assault Order+1"],"picked":"SKIP","floor":38.0},{"not_picked":["ats:Explosion Area Strengthen","ats:Very Hot Blade+1","ats:Support Order+1"],"picked":"SKIP","floor":39.0},{"not_picked":["ats:Soul Rend","ats:Very Hot Blade"],"picked":"ats:Shadow Raid","floor":41.0},{"not_picked":["ats:Hook Shot","ats:Part Time Job","ats:Revitalization"],"picked":"SKIP","floor":44.0},{"not_picked":["ats:Curse Doll+1","ats:Overload","ats:Rapid Magazine"],"picked":"SKIP","floor":46.0},{"not_picked":["ats:Explosion Area Strengthen+1","ats:Revitalization","ats:Hook Shot"],"picked":"SKIP","floor":47.0},{"not_picked":["ats:Magnetic Hammer+1","ats:Curse Doll","ats:Demon Strength"],"picked":"SKIP","floor":48.0},{"not_picked":["ats:Steam Pump","ats:Overload+1","ats:Leaping Hammer"],"picked":"SKIP","floor":54.0}],"player_experience":2323283,"relics_obtained":[{"floor":8.0,"key":"ats:Originium"},{"floor":8.0,"key":"Vajra"},{"floor":11.0,"key":"ats:Originium"},{"floor":11.0,"key":"Bag of Preparation"},{"floor":24.0,"key":"ats:Originium"},{"floor":24.0,"key":"StrikeDummy"},{"floor":26.0,"key":"ats:Military Tradition"},{"floor":27.0,"key":"ats:Originium"},{"floor":27.0,"key":"The Courier"},{"floor":41.0,"key":"White Beast Statue"},{"floor":43.0,"key":"Shuriken"},{"floor":44.0,"key":"Boot"},{"floor":48.0,"key":"Bottled Lightning"},{"floor":54.0,"key":"ats:Bonebreaker"}],"event_choices":[{"damage_healed":0.0,"max_hp_gain":0.0,"max_hp_loss":0.0,"gold_gain":0.0,"event_name":"Scrap Ooze","player_choice":"Success","floor":13.0,"gold_loss":0.0,"damage_taken":3.0,"relics_obtained":["ats:Hidden Killer"]},{"damage_healed":0.0,"max_hp_gain":0.0,"max_hp_loss":0.0,"gold_gain":0.0,"event_name":"Liars Game","player_choice":"Ignored","floor":14.0,"gold_loss":0.0,"damage_taken":0.0},{"damage_healed":0.0,"max_hp_gain":5.0,"max_hp_loss":0.0,"gold_gain":0.0,"event_name":"Forgotten Altar","player_choice":"Shed Blood","floor":21.0,"gold_loss":0.0,"damage_taken":20.0},{"cards_removed":["ats:Strike S"],"damage_healed":0.0,"max_hp_gain":0.0,"max_hp_loss":0.0,"gold_gain":0.0,"event_name":"Bonfire Elementals","player_choice":"Offered Basic","floor":29.0,"gold_loss":0.0,"damage_taken":0.0}],"is_beta":false,"boss_relics":[{"not_picked":["Pandora\u0027s Box","Runic Dome"],"picked":"ats:Sanity Plus"},{"not_picked":["Velvet Choker","Astrolabe"],"picked":"SlaversCollar"}],"items_purged_floors":[3,10,19,53],"is_endless":false,"potions_floor_spawned":[2,4,7,16,18,22,24,37,39,44,46,47,48,54],"ascension_level":0}}