{"host":"wbdly04l9mkn9nrc","time":1609308296,"event":{"mods":["AchievementEnabler","BaseMod","BetterRewards","Minty Spire (QoL Compilation)","StSLib","[IsaacMod]ÒÔÈö¼âËþ"],"gold_per_floor":[112,124,124,4,64,96,96,113,190,71,346,377,377,397,397,498,498,512,512,372,385,396,396,154,154,154,154,165,165,11,36,36,132,132,145,163,217,234,246,246,264,264,264,22,22,22,57,76,76,76],"floor_reached":51,"playtime":2446,"items_purged":["Strike_G","Defend_G","Regret","Strike_G","Defend_G"],"score":1421,"play_id":"61d86432-7562-4c6c-bc7d-e5fdd2d22fec","local_time":"20201230140456","is_ascension_mode":true,"campfire_choices":[{"floor":7.0,"key":"REST"},{"floor":13.0,"key":"REST"},{"floor":15.0,"key":"REST"},{"data":"Catalyst","floor":23.0,"key":"SMITH"},{"data":"Bullet Time","floor":25.0,"key":"SMITH"},{"data":"Catalyst","floor":32.0,"key":"SMITH"},{"data":"Adrenaline","floor":40.0,"key":"SMITH"},{"data":"Neutralize","floor":46,"key":"SMITH"},{"data":"Wraith Form v2","floor":49,"key":"SMITH"}],"circlet_count":0,"master_deck":["Defend_G","Survivor","Neutralize+1","Deadly Poison","Catalyst+1","Bouncing Flask","Expertise","Die Die Die","Apotheosis+1","Crippling Poison+1","Poisoned Stab+1","Bullet Time+1","Cloak And Dagger+1","Sucker Punch+1","Leg Sweep","Wraith Form v2+1","Blur+1","Catalyst+1","Adrenaline+1","Acrobatics+1","Backflip+1","Bullet Time+1"],"relics":["Ring of the Snake","HushsDoor","GuppysTail","Snake Skull","SteamSale","Blood Vial","InkBottle","Chaos","Empty Cage","War Paint","UnicornStump","Pear","Happy Flower","White Beast Statue","Succubus","Bag of Marbles","Omamori","Whetstone","Leech","Self Forming Clay","Du-Vu Doll","Calipers"],"acts_visited":["Exordium","TheCity","TheBeyond"],"potions_floor_usage":[50],"damage_taken":[{"damage":0.0,"enemies":"2 Louse","floor":1.0,"turns":2.0},{"damage":0.0,"enemies":"Cultist","floor":2.0,"turns":2.0},{"damage":17.0,"enemies":"Lagavulin","floor":6.0,"turns":5.0},{"damage":2.0,"enemies":"Small Slimes","floor":8.0,"turns":2.0},{"damage":25.0,"enemies":"3 Sentries","floor":12.0,"turns":5.0},{"damage":3.0,"enemies":"Looter","floor":14.0,"turns":3.0},{"damage":26.0,"enemies":"Hexaghost","floor":16.0,"turns":4.0},{"damage":2.0,"enemies":"Shell Parasite","floor":18.0,"turns":3.0},{"damage":2.0,"enemies":"3 Byrds","floor":21.0,"turns":4.0},{"damage":9.0,"enemies":"Centurion and Healer","floor":22.0,"turns":6.0},{"damage":1.0,"enemies":"Snecko","floor":28.0,"turns":3.0},{"damage":3.0,"enemies":"Slavers","floor":31.0,"turns":4.0},{"damage":0.0,"enemies":"Collector","floor":33.0,"turns":4.0},{"damage":0.0,"enemies":"Orb Walker","floor":35.0,"turns":2.0},{"damage":0.0,"enemies":"3 Shapes","floor":36.0,"turns":1.0},{"damage":0.0,"enemies":"2 Orb Walkers","floor":37.0,"turns":1.0},{"damage":13.0,"enemies":"Writhing Mass","floor":38.0,"turns":4.0},{"damage":1.0,"enemies":"Maw","floor":39.0,"turns":3.0},{"damage":1,"enemies":"Spire Growth","floor":41,"turns":3},{"damage":2,"enemies":"Reptomancer","floor":47,"turns":4},{"damage":4,"enemies":"Sphere and 2 Shapes","floor":48,"turns":3},{"damage":30,"enemies":"Awakened One","floor":50,"turns":9}],"seed_played":"-7705303886870074627","potions_obtained":[{"floor":6.0,"key":"Swift Potion"},{"floor":12.0,"key":"Block Potion"},{"floor":14.0,"key":"SteroidPotion"},{"floor":16.0,"key":"Ancient Potion"},{"floor":21.0,"key":"CunningPotion"},{"floor":22.0,"key":"LiquidMemories"},{"floor":33.0,"key":"Ancient Potion"},{"floor":35.0,"key":"Weak Potion"},{"floor":38.0,"key":"SneckoOil"},{"floor":39.0,"key":"Energy Potion"}],"is_trial":false,"path_per_floor":["M","M","?","$","?","E","R","M","T","$","?","E","R","M","R","B",null,"M","?","$","M","M","R","$","R","T","?","M","?","$","E","R","B",null,"M","M","?","M","M","R","M","$","T","$","?","R","E","M","R","B",null],"character_chosen":"THE_SILENT","items_purchased":["Snake Skull","Deadly Poison","Catalyst","SteamSale","Backflip","Blood Vial","Bouncing Flask","InkBottle","Chaos","Apotheosis","Crippling Poison","Pear","Wraith Form v2","Succubus","Catalyst","Omamori","Du-Vu Doll"],"campfire_rested":3,"item_purchase_floors":[0,0,0,0,0,0,0,0,0,4,4,10,20,24,24,30,44],"current_hp_per_floor":[23,25,25,25,25,10,31,31,31,41,41,18,42,41,65,41,70,70,70,70,70,63,63,63,63,63,63,64,64,64,63,63,65,76,80,80,80,69,73,73,77,77,77,77,77,77,79,79,79,51],"gold":76,"neow_bonus":"","is_daily":false,"chose_seed":false,"campfire_upgraded":6,"win_rate":0.0,"timestamp":1609308296,"path_taken":["M","M","?","$","?","E","R","M","T","$","?","E","R","M","R","BOSS","M","?","$","M","?","R","$","R","T","?","M","?","$","E","R","BOSS","M","?","?","?","M","R","M","$","T","$","?","R","E","M","R","BOSS"],"items_purchased_type":["Relic","Card","Card","Relic","Card","Relic","Card","Relic","Card","Card","Card","Relic","Card","Relic","Card","Relic","Relic"],"build_version":"2020-12-22","purchased_purges":5,"victory":true,"max_hp_per_floor":[70,70,70,70,70,70,70,70,70,80,80,80,80,80,80,80,80,80,80,80,80,80,80,80,80,80,80,80,80,80,80,80,80,80,80,80,80,80,80,80,80,80,80,80,80,80,80,80,80,80],"card_choices":[{"not_picked":[],"picked":"Bomb","floor":0.0},{"not_picked":["Blade Dance","Backflip"],"picked":"Expertise","floor":1.0},{"not_picked":["Dagger Spray","Footwork"],"picked":"Die Die Die","floor":2.0},{"not_picked":["Corpse Explosion","Endless Agony"],"picked":"Poisoned Stab","floor":6.0},{"not_picked":["Dagger Spray","Sucker Punch","Predator"],"picked":"SKIP","floor":8.0},{"not_picked":["Eviscerate","Grand Finale","Dagger Spray"],"picked":"SKIP","floor":12.0},{"not_picked":["Blade Dance","Prepared","Dagger Spray"],"picked":"SKIP","floor":14.0},{"not_picked":["Corpse Explosion","After Image"],"picked":"Bullet Time","floor":16.0},{"not_picked":["Leg Sweep+1","Blade Dance"],"picked":"Cloak And Dagger+1","floor":18.0},{"not_picked":["Finisher","Blade Dance"],"picked":"Blur+1","floor":21.0},{"not_picked":["Sucker Punch+1","Quick Slash","Dash+1"],"picked":"SKIP","floor":22.0},{"not_picked":["Dodge and Roll","Footwork","Poisoned Stab"],"picked":"SKIP","floor":28.0},{"not_picked":["Prepared","Flying Knee","Venomology"],"picked":"SKIP","floor":31.0},{"not_picked":["A Thousand Cuts","Storm of Steel"],"picked":"Adrenaline","floor":33.0},{"not_picked":["Deadly Poison+1","Poisoned Stab+1"],"picked":"Acrobatics+1","floor":35.0},{"not_picked":["Outmaneuver","Deflect","Prepared+1"],"picked":"SKIP","floor":36.0},{"not_picked":["Deadly Poison","Dagger Spray+1"],"picked":"Backflip+1","floor":38.0},{"not_picked":["Caltrops","Expertise","Malaise"],"picked":"SKIP","floor":39.0},{"not_picked":["Poisoned Stab+1","Slice+1","Underhanded Strike"],"picked":"SKIP","floor":41},{"not_picked":["Setup+1","Leg Sweep","Underhanded Strike"],"picked":"SKIP","floor":47},{"not_picked":["Dagger Throw","Caltrops+1","PiercingWail"],"picked":"SKIP","floor":48}],"player_experience":157161,"relics_obtained":[{"floor":6.0,"key":"War Paint"},{"floor":9.0,"key":"UnicornStump"},{"floor":12.0,"key":"Happy Flower"},{"floor":26.0,"key":"Bag of Marbles"},{"floor":31.0,"key":"Whetstone"},{"floor":43,"key":"Self Forming Clay"},{"floor":47,"key":"Calipers"}],"event_choices":[{"cards_removed":["Backflip"],"damage_healed":0.0,"max_hp_gain":0.0,"max_hp_loss":0.0,"gold_gain":0.0,"event_name":"WeMeetAgain","player_choice":"Gave Card","floor":3.0,"gold_loss":0.0,"damage_taken":0.0,"relics_obtained":["Empty Cage"]},{"damage_healed":0.0,"max_hp_gain":0.0,"max_hp_loss":0.0,"gold_gain":60.0,"event_name":"Golden Wing","player_choice":"Gained Gold","floor":5.0,"gold_loss":0.0,"damage_taken":0.0},{"damage_healed":0.0,"max_hp_gain":0.0,"max_hp_loss":0.0,"gold_gain":275.0,"event_name":"Golden Shrine","player_choice":"Desecrate","floor":11.0,"gold_loss":0.0,"damage_taken":0.0,"cards_obtained":["Regret"]},{"damage_healed":0.0,"max_hp_gain":0.0,"max_hp_loss":0.0,"gold_gain":0.0,"cards_transformed":["Defend_G","Strike_G"],"event_name":"Drug Dealer","player_choice":"Became Test Subject","floor":19.0,"gold_loss":0.0,"damage_taken":0.0,"cards_obtained":["Sucker Punch","Leg Sweep"]},{"cards_removed":["Strike_G"],"damage_healed":0.0,"max_hp_gain":0.0,"max_hp_loss":0.0,"gold_gain":0.0,"event_name":"Purifier","player_choice":"Purged","floor":27.0,"gold_loss":0.0,"damage_taken":0.0},{"damage_healed":0.0,"max_hp_gain":0.0,"max_hp_loss":0.0,"gold_gain":0.0,"event_name":"Vampires","player_choice":"Ignored","floor":29.0,"gold_loss":0.0,"damage_taken":0.0},{"damage_healed":0.0,"max_hp_gain":0.0,"max_hp_loss":0.0,"gold_gain":0.0,"event_name":"Mysterious Sphere","player_choice":"Fight","floor":37.0,"gold_loss":0.0,"damage_taken":0.0},{"damage_healed":0,"gold_gain":0,"player_choice":"Copied","damage_taken":0,"max_hp_gain":0,"max_hp_loss":0,"event_name":"Duplicator","floor":45,"gold_loss":0,"cards_obtained":["Bullet Time"]}],"is_beta":false,"boss_relics":[{"not_picked":["Mercury Hourglass","Charon\u0027s Ashes"],"picked":"White Beast Statue"},{"not_picked":[]},{"not_picked":["Runic Pyramid","Ancient Tea Set"],"picked":"Leech"},{"not_picked":[]}],"items_purged_floors":[0,0,20,30,44],"is_endless":false,"potions_floor_spawned":[6,12,14,16,18,21,22,28,31,33,35,36,37,38,39,41,47,48],"ascension_level":9}}