{"host":"d8hh7rr4yzitjeuj","time":1609319853,"event":{"mods":["2.2 Compatiblity","AchievementEnabler","BaseMod","CapriCore","Colored Map","Colored Powertips","Highlight Path","Keyboard Shortcuts","Minty Spire (QoL Compilation)","Permanent Neow","Quick Restart","StSLib","SuperFastMode"],"gold_per_floor":[112,130,148,148,161,161,188,188,214,225,225,225,285,197,197,273,273,287,62,78,97,97,97,97],"floor_reached":23,"playtime":640,"items_purged":[],"score":382,"play_id":"f5937d13-cd12-498b-a5d6-dcb206fde2b3","local_time":"20201230181733","is_ascension_mode":true,"campfire_choices":[{"data":"Defragment","floor":6,"key":"SMITH"},{"data":"Sunder","floor":8,"key":"SMITH"},{"data":"Rainbow","floor":12,"key":"SMITH"},{"data":"Coolheaded","floor":15,"key":"SMITH"}],"circlet_count":0,"master_deck":["AscendersBane","Strike_B","Strike_B","Strike_B","Strike_B","Defend_B","Defend_B","Defend_B","Defend_B","Zap","Dualcast","Rainbow+1","Compile Driver","Sunder+1","Rebound","Defragment+1","FTL","Barrage","Parasite","Coolheaded+1","Compile Driver","Stack","Core Surge","Turbo","Fusion","Turbo"],"relics":["Cracked Core","Nunchaku","Akabeko","MealTicket","Snecko Eye","ClockworkSouvenir","MutagenicStrength"],"acts_visited":["Exordium","TheCity"],"potions_floor_usage":[13,23],"damage_taken":[{"damage":8,"enemies":"2 Louse","floor":1,"turns":3},{"damage":0,"enemies":"Small Slimes","floor":2,"turns":3},{"damage":4,"enemies":"Jaw Worm","floor":3,"turns":3},{"damage":9,"enemies":"Lots of Slimes","floor":5,"turns":3},{"damage":25,"enemies":"3 Sentries","floor":7,"turns":9},{"damage":1,"enemies":"2 Fungi Beasts","floor":10,"turns":3},{"damage":8,"enemies":"Gremlin Nob","floor":13,"turns":3},{"damage":9,"enemies":"The Guardian","floor":16,"turns":12},{"damage":0,"enemies":"Chosen","floor":18,"turns":4},{"damage":20,"enemies":"3 Byrds","floor":20,"turns":4},{"damage":22,"enemies":"Sentry and Sphere","floor":21,"turns":4},{"damage":35,"enemies":"Gremlin Leader","floor":23,"turns":2}],"seed_played":"254189072034097147","potions_obtained":[{"floor":1,"key":"PowerPotion"},{"floor":5,"key":"Dexterity Potion"},{"floor":16,"key":"LiquidBronze"},{"floor":20,"key":"PotionOfCapacity"}],"is_trial":false,"path_per_floor":["M","M","M","?","M","R","E","R","T","M","?","R","?","$","R","B",null,"M","$","M","M","?","E"],"character_chosen":"DEFECT","items_purchased":["Compile Driver","Stack","ClockworkSouvenir","Turbo"],"campfire_rested":0,"item_purchase_floors":[14,14,19,19],"current_hp_per_floor":[56,56,52,52,43,43,18,18,18,17,34,34,26,41,41,32,61,61,71,51,29,29,0,0],"gold":97,"neow_bonus":"ONE_RANDOM_RARE_CARD","is_daily":false,"chose_seed":false,"campfire_upgraded":4,"win_rate":0.0,"timestamp":1609319853,"path_taken":["M","M","M","?","M","R","E","R","T","M","?","R","?","?","R","BOSS","M","$","M","?","?","E"],"items_purchased_type":["Card","Card","Relic","Card"],"build_version":"2020-12-22","purchased_purges":0,"victory":false,"max_hp_per_floor":[71,71,71,71,71,71,71,71,71,71,71,71,71,71,71,71,71,71,71,71,71,71,71,71],"card_choices":[{"not_picked":["Reprogram","Darkness"],"picked":"Compile Driver","floor":1},{"not_picked":["Turbo","Conserve Battery"],"picked":"Sunder","floor":2},{"not_picked":["Coolheaded","Redo"],"picked":"Rebound","floor":3},{"not_picked":["Ball Lightning","Chaos"],"picked":"Defragment","floor":5},{"not_picked":["Double Energy","Cold Snap"],"picked":"FTL","floor":7},{"not_picked":["Gash","Leap"],"picked":"Barrage","floor":10},{"not_picked":["Ball Lightning","Beam Cell"],"picked":"Coolheaded","floor":13},{"not_picked":["Rainbow","Seek"],"picked":"Core Surge","floor":16},{"not_picked":["Leap","Steam","Double Energy+1"],"picked":"SKIP","floor":18},{"not_picked":["Storm","Cold Snap"],"picked":"Fusion","floor":20},{"not_picked":["Cold Snap","White Noise"],"picked":"Turbo","floor":21}],"player_experience":1390471,"relics_obtained":[{"floor":7,"key":"Nunchaku"},{"floor":9,"key":"Akabeko"},{"floor":13,"key":"MealTicket"}],"event_choices":[{"damage_healed":0,"gold_gain":0,"player_choice":"Leave","damage_taken":0,"max_hp_gain":0,"max_hp_loss":0,"event_name":"The Cleric","floor":4,"gold_loss":0},{"damage_healed":17,"gold_gain":0,"player_choice":"Healed and dodged fight","damage_taken":0,"max_hp_gain":0,"max_hp_loss":0,"event_name":"Mushrooms","floor":11,"gold_loss":0,"cards_obtained":["Parasite"]},{"damage_healed":0,"gold_gain":0,"player_choice":"Searched \u00271\u0027 times","damage_taken":0,"max_hp_gain":0,"max_hp_loss":0,"event_name":"Dead Adventurer","floor":13,"gold_loss":0},{"damage_healed":0,"gold_gain":0,"player_choice":"Inject Mutagens","damage_taken":0,"relics_obtained":["MutagenicStrength"],"max_hp_gain":0,"max_hp_loss":0,"event_name":"Drug Dealer","floor":22,"gold_loss":0}],"is_beta":false,"boss_relics":[{"not_picked":["Coffee Dripper","Velvet Choker"],"picked":"Snecko Eye"}],"items_purged_floors":[],"is_endless":false,"potions_floor_spawned":[1,5,16,18,20],"killed_by":"Gremlin Leader","ascension_level":20}}