{"host":"ayfskbcma8jzdviw","time":1609301719,"event":{"mods":["BaseMod","Downfall","Minty Spire (QoL Compilation)","Replay The Spire","StSLib"],"gold_per_floor":[99,117,133,150,180,197,197,197,197,215,235,53,53,153,163,262,262,262,273,273,285,296,331,399,399,399,399,399],"floor_reached":26,"playtime":2204,"items_purged":[],"score":220,"play_id":"3a7f67d8-6aa6-4288-80c2-68581e44a23c","local_time":"20201229201519","is_ascension_mode":false,"campfire_choices":[{"floor":1,"key":"DIG"},{"data":"Slimebound:GrowthPunch","floor":8,"key":"SMITH"},{"data":"Slimebound:SplitLeeching","floor":13,"key":"SMITH"},{"data":"Slimebound:GoopTackle","floor":18,"key":"SMITH"}],"circlet_count":0,"master_deck":["Slimebound:Tackle+1","Slimebound:Defend_Slimebound+1","Slimebound:Defend_Slimebound","Slimebound:Defend_Slimebound","Slimebound:Defend_Slimebound","Slimebound:Split","Slimebound:CorrosiveSpit+1","Slimebound:GoopTackle+1","Slimebound:SplitLeeching+1","Slimebound:PressTheAttack","Slimebound:GrowthPunch+1","Regret","Slimebound:LeadByExample+1","Slimebound:TongueLash","Slimebound:HauntingLick","Slimebound:AcidTongue+1","Slimebound:MegaLick","Slimebound:SamplingLick","Slimebound:Repurpose","Slimebound:OozeBath","Slimebound:SlimeSpikes+1","Slimebound:Tackle+1","Slimebound:Tackle+1","Slimebound:Tackle+1","Slimebound:RollThrough","Slimebound:FinishingTackle+1","Slimebound:ForwardTackle"],"relics":["Slimebound:AbsorbEndCombatUpgraded","Frozen Egg 2","Replay:Accelerometer","Orichalcum","Replay:Wax Seal","Bottled Tornado"],"acts_visited":["Exordium","TheCity"],"potions_floor_usage":[23],"damage_taken":[{"damage":13,"enemies":"Jaw Worm","floor":2,"turns":3},{"damage":10,"enemies":"Small Slimes","floor":3,"turns":2},{"damage":11,"enemies":"2 Louse","floor":4,"turns":3},{"damage":20,"enemies":"Large Slime","floor":6,"turns":5},{"damage":20,"enemies":"Exordium Thugs","floor":10,"turns":4},{"damage":16,"enemies":"Blue Slaver","floor":11,"turns":3},{"damage":11,"enemies":"downfall:FleeingMerchant","floor":12,"turns":4},{"damage":15,"enemies":"3 Louse","floor":15,"turns":4},{"damage":43,"enemies":"downfall:Ironclad","floor":16,"turns":8},{"damage":40,"enemies":"3 Byrds","floor":19,"turns":5},{"damage":27,"enemies":"Shell Parasite","floor":21,"turns":5},{"damage":38,"enemies":"Snake Plant","floor":22,"turns":4},{"damage":42,"enemies":"Book of Stabbing","floor":23,"turns":5},{"damage":39,"enemies":"3 Cultists","floor":26,"turns":3}],"seed_played":"9110953275407388091","potions_obtained":[{"floor":2,"key":"PowerPotion"},{"floor":10,"key":"LifebloodPotion"},{"floor":15,"key":"Slimebound:SlimedPotion"}],"is_trial":false,"path_per_floor":["R","M","M","M","?","M","T","R","?","M","M","$","R","?","M","B",null,"R","M","?","M","M","E","T","?","M"],"character_chosen":"SLIMEBOUND","items_purchased":["Slimebound:AcidTongue+1","Slimebound:MegaLick","Slimebound:SamplingLick"],"campfire_rested":0,"item_purchase_floors":[12,12,12],"current_hp_per_floor":[66,61,59,60,60,56,56,56,56,56,56,66,66,66,66,53,66,66,60,60,55,33,25,25,25,0,0,0],"gold":399,"neow_bonus":"TEN_PERCENT_HP_BONUS","is_daily":false,"chose_seed":false,"campfire_upgraded":3,"win_rate":0.0,"timestamp":1609301719,"path_taken":["R","M","M","M","?","M","T","R","?","M","M","$","R","?","M","BOSS","R","M","?","M","M","E","T","?","M"],"items_purchased_type":["Card","Card","Card"],"build_version":"2020-12-22","purchased_purges":0,"victory":false,"max_hp_per_floor":[66,66,66,66,66,66,66,66,66,66,66,66,66,66,66,66,66,66,66,66,66,66,66,66,66,66,66,66],"card_choices":[{"not_picked":["Slimebound:RainOfGoop","Slimebound:Schlurp"],"picked":"Slimebound:GoopTackle","floor":2},{"not_picked":["Slimebound:PressTheAttack","Slimebound:FlameTackle"],"picked":"Slimebound:SplitLeeching","floor":3},{"not_picked":["Slimebound:ComboTackle","Slimebound:Chomp"],"picked":"Slimebound:PressTheAttack","floor":4},{"not_picked":["Slimebound:LevelUp+1","Slimebound:Equalize"],"picked":"Slimebound:GrowthPunch","floor":6},{"not_picked":["Slimebound:HauntingLick","Slimebound:SlimeSpikes"],"picked":"Slimebound:LeadByExample+1","floor":10},{"not_picked":["Slimebound:Dissolve","Slimebound:LeechingTouch"],"picked":"Slimebound:TongueLash","floor":11},{"not_picked":["Slimebound:Teamwork","Slimebound:SplitAcid"],"picked":"Slimebound:HauntingLick","floor":12},{"not_picked":["Slimebound:LeechingTouch","Slimebound:SplitMire"],"picked":"Slimebound:Repurpose","floor":15},{"not_picked":["Slimebound:LeechLife","Slimebound:SelfFormingGoo+1"],"picked":"Slimebound:OozeBath","floor":16},{"not_picked":["Slimebound:ViciousTackle+1","Slimebound:Grow+1"],"picked":"Slimebound:SlimeSpikes+1","floor":19},{"not_picked":["Slimebound:SpikyOuterGoop+1","Slimebound:SplitLeeching"],"picked":"Slimebound:RollThrough","floor":21},{"not_picked":["Slimebound:LeechEnergy","Slimebound:Nibble"],"picked":"Slimebound:FinishingTackle+1","floor":22},{"not_picked":["Slimebound:LeechEnergy","Slimebound:FinishingTackle"],"picked":"Slimebound:ForwardTackle","floor":23}],"player_experience":17912,"relics_obtained":[{"floor":1,"key":"Frozen Egg 2"},{"floor":7,"key":"Orichalcum"},{"floor":23,"key":"Replay:Wax Seal"},{"floor":24,"key":"Bottled Tornado"}],"event_choices":[],"is_beta":false,"boss_relics":[{"not_picked":["Replay:Bronze Core","ChewingGum"],"picked":"Slimebound:AbsorbEndCombatUpgraded"}],"items_purged_floors":[],"is_endless":false,"potions_floor_spawned":[2,10,15,16],"killed_by":"3 Cultists","ascension_level":0}}