{"host":"xazfs2cmso1lkipw","time":1609341069,"event":{"mods":["Arknights The Spire","BaseMod","Bestiary","Better Third Choice","Colored Powertips","Custom Start","Highlight Path","Mad Scientist","Marisa????????","Minty Spire (QoL Compilation)","Quick Restart","Railgun Mod","Relic Stats","Remilia??????","Shop Mod","StSLib","The Alterego","The Elementalist","The Servant 0.9.4","TheSwordswoman"],"gold_per_floor":[147,147,201,246,276,381,489,489,489,573,573,666,711,759,759,1071,1071,1128,1128,1167,1227,1281,1281,1356,1401,1401,1401,1494,1527,1605,1665,1665,1962,1962,1995,2043,2076,2115,2115,2205,2205,2301,2324,2411,2444,2483,2621,2660,2660,2660],"floor_reached":51,"playtime":3934,"items_purged":[],"score":1400,"play_id":"a3391392-0a83-4982-8078-1df6218b927d","local_time":"20201230231109","daily_mods":["Hoarder","Time Dilation","Flight","Elite Swarm","Lethality","Midas"],"is_ascension_mode":false,"campfire_choices":[{"floor":8,"key":"REST"},{"floor":15,"key":"REST"},{"floor":23,"key":"REST"},{"floor":32,"key":"DIG"},{"floor":41,"key":"DIG"},{"floor":49,"key":"DIG"}],"circlet_count":0,"master_deck":["Demon Form","Wraith Form v2","Echo Form","DevaForm","TheRailgun:Level_6","BatForm","FlawlessForm","Strike_S+1","Strike_S+1","Strike_S+1","Strike_S+1","Defend_S+1","Defend_S+1","Defend_S+1","Defend_S+1","KidneyShot","Exchange","BestPractice","BestPractice+1","BestPractice","ShiftingGears","ShiftingGears","ShiftingGears","TimeWarp","TimeWarp","TimeWarp","ReturningBlade","ReturningBlade","ReturningBlade","TheWorld","TheWorld","TheWorld","Rearm+1","Rearm","Rearm","KillingDoll","KillingDoll","KillingDoll","TheWorld","TheWorld","TheWorld","Ricochet","Ricochet","Ricochet","Rewind","Rewind+1","Rewind","Deny","Deny+1","Deny","InstantArmor+1","InstantArmor+1","InstantArmor+1","BestPractice","BestPractice","BestPractice","TimeTheft","TimeTheft","TimeTheft","PendulumOfEternity","PendulumOfEternity","Rearm+1","Rearm+1","Rearm+1","Duplication","Duplication","Duplication","Luminosity","Luminosity","Luminosity","TheWorld+1","TheWorld+1","TheWorld+1","Shuttle+1","Shuttle+1","Shuttle+1","BottledTime+1","BottledTime+1","BottledTime+1","ForgedInTime+1","ForgedInTime+1","ForgedInTime+1","SilverBlades+1","SilverBlades+1","SilverBlades+1"],"relics":["Uniform","KneeBrace","MysterySword","Pan","PocketWatch","SplendidAttire","StoneMask","Question Card","Letter Opener","Ornamental Fan","StrikeDummy","Fusion Hammer","Anchor","Centennial Puzzle","Potion Belt","Shovel","Toxic Egg 2","Philosopher\u0027s Stone","Bag of Marbles","War Paint","Mercury Hourglass","Nunchaku","Gambling Chip","Bag of Preparation"],"acts_visited":["Exordium","TheCity","TheBeyond"],"potions_floor_usage":[],"damage_taken":[{"damage":0,"enemies":"Small Slimes","floor":1,"turns":2},{"damage":0,"enemies":"2 Louse","floor":3,"turns":1},{"damage":15,"enemies":"Jaw Worm","floor":4,"turns":1},{"damage":9,"enemies":"Looter","floor":5,"turns":2},{"damage":50,"enemies":"3 Sentries","floor":6,"turns":6},{"damage":29,"enemies":"Lagavulin Event","floor":7,"turns":5},{"damage":0,"enemies":"Gremlin Nob","floor":10,"turns":1},{"damage":0,"enemies":"3 Sentries","floor":12,"turns":1},{"damage":0,"enemies":"Blue Slaver","floor":13,"turns":1},{"damage":0,"enemies":"Gremlin Gang","floor":14,"turns":1},{"damage":0,"enemies":"Slime Boss","floor":16,"turns":6},{"damage":16,"enemies":"2 Thieves","floor":18,"turns":2},{"damage":34,"enemies":"Shell Parasite","floor":20,"turns":3},{"damage":45,"enemies":"Snake Plant","floor":21,"turns":2},{"damage":0,"enemies":"Cultist and Chosen","floor":22,"turns":3},{"damage":0,"enemies":"Gremlin Leader","floor":24,"turns":1},{"damage":10,"enemies":"Chosen and Byrds","floor":25,"turns":2},{"damage":0,"enemies":"Book of Stabbing","floor":28,"turns":2},{"damage":0,"enemies":"Centurion and Healer","floor":29,"turns":3},{"damage":0,"enemies":"Gremlin Leader","floor":30,"turns":3},{"damage":0,"enemies":"Snecko","floor":31,"turns":2},{"damage":0,"enemies":"Collector","floor":33,"turns":5},{"damage":0,"enemies":"Orb Walker","floor":35,"turns":2},{"damage":0,"enemies":"3 Darklings","floor":36,"turns":3},{"damage":0,"enemies":"Maw","floor":37,"turns":3},{"damage":0,"enemies":"4 Shapes","floor":38,"turns":1},{"damage":0,"enemies":"Giant Head","floor":40,"turns":6},{"damage":0,"enemies":"Reptomancer","floor":42,"turns":2},{"damage":0,"enemies":"Nemesis","floor":44,"turns":1},{"damage":0,"enemies":"Transient","floor":45,"turns":2},{"damage":0,"enemies":"3 Darklings","floor":46,"turns":1},{"damage":0,"enemies":"2 Orb Walkers","floor":47,"turns":1},{"damage":0,"enemies":"4 Shapes","floor":48,"turns":1},{"damage":0,"enemies":"Awakened One","floor":50,"turns":4}],"seed_played":"-1668964751163471659","potions_obtained":[{"floor":4,"key":"Block Potion"},{"floor":5,"key":"ColorlessPotion"},{"floor":6,"key":"LiquidBronze"},{"floor":12,"key":"SkillPotion"},{"floor":16,"key":"SkillPotion"},{"floor":21,"key":"BlessingOfTheForge"},{"floor":28,"key":"SkillPotion"},{"floor":30,"key":"Swift Potion"}],"is_trial":true,"path_per_floor":["M","?","M","M","M","E","?","R","T","E","?","E","M","M","R","B",null,"M","?","M","M","M","R","E","M","T","?","E","M","E","M","R","B",null,"M","M","M","M","?","E","R","E","T","E","M","M","?","M","R","B",null],"character_chosen":"THE_SERVANT","items_purchased":[],"campfire_rested":3,"item_purchase_floors":[],"current_hp_per_floor":[67,72,74,62,56,45,49,73,73,76,60,69,72,84,89,90,90,92,92,79,37,61,89,92,88,88,88,91,102,103,104,104,105,105,106,107,108,112,122,123,123,124,124,125,126,127,129,133,133,137],"gold":2660,"neow_bonus":"","is_daily":false,"chose_seed":false,"campfire_upgraded":0,"win_rate":0.0,"timestamp":1609341069,"path_taken":["M","?","M","M","M","E","?","R","T","E","?","E","M","M","R","BOSS","M","?","M","M","M","R","E","M","T","?","E","M","E","M","R","BOSS","M","M","M","M","?","E","R","E","T","E","?","M","?","M","R","BOSS"],"items_purchased_type":[],"build_version":"2020-12-22","purchased_purges":0,"victory":true,"max_hp_per_floor":[67,72,74,75,76,79,80,80,80,81,81,84,85,89,89,90,90,92,92,93,94,96,96,97,99,99,99,100,102,103,104,104,105,105,106,107,108,112,122,123,123,124,124,125,126,127,129,133,133,137],"relic_stats":{"Centennial Puzzle":[0],"Nunchaku":[1],"Shovel":3,"counters":[34,82],"Ornamental Fan":[48],"Gambling Chip":[0],"Bag of Preparation":[2],"Letter Opener":[595],"War Paint":["Deny","Rewind"],"Question Card":27,"obtain_stats":[{"Potion Belt":28,"SplendidAttire":0,"KneeBrace":0,"StoneMask":0,"Uniform":0,"Bag of Preparation":49,"Letter Opener":9,"War Paint":41,"Question Card":7,"Mercury Hourglass":42,"Anchor":24,"Centennial Puzzle":26,"Nunchaku":44,"Shovel":30,"Ornamental Fan":10,"MysterySword":0,"Gambling Chip":47,"Philosopher\u0027s Stone":34,"Fusion Hammer":17,"PocketWatch":0,"Bag of Marbles":40,"Pan":0,"Toxic Egg 2":32,"StrikeDummy":12},{"Potion Belt":18,"SplendidAttire":0,"KneeBrace":0,"StoneMask":0,"Uniform":0,"Bag of Preparation":33,"Letter Opener":6,"War Paint":27,"Question Card":6,"Mercury Hourglass":28,"Anchor":16,"Centennial Puzzle":17,"Nunchaku":29,"Shovel":20,"Ornamental Fan":7,"MysterySword":0,"Gambling Chip":32,"Philosopher\u0027s Stone":22,"Fusion Hammer":11,"PocketWatch":0,"Bag of Marbles":27,"Pan":0,"Toxic Egg 2":21,"StrikeDummy":8},{"Potion Belt":42,"SplendidAttire":0,"KneeBrace":0,"StoneMask":0,"Uniform":0,"Bag of Preparation":78,"Letter Opener":17,"War Paint":70,"Question Card":17,"Mercury Hourglass":72,"Anchor":38,"Centennial Puzzle":40,"Nunchaku":73,"Shovel":48,"Ornamental Fan":18,"MysterySword":0,"Gambling Chip":77,"Philosopher\u0027s Stone":55,"Fusion Hammer":27,"PocketWatch":0,"Bag of Marbles":70,"Pan":0,"Toxic Egg 2":50,"StrikeDummy":19}],"Mercury Hourglass":[99]},"card_choices":[{"not_picked":["FastForward","Rearm"],"picked":"BestPractice","floor":1},{"not_picked":["DoubleEdge","Potential"],"picked":"ShiftingGears","floor":3},{"not_picked":["Revamp","Rewind"],"picked":"TimeWarp","floor":4},{"not_picked":["Alleviate","TimeWarp"],"picked":"ReturningBlade","floor":5},{"not_picked":["Embodiment","SoulSculpture"],"picked":"TheWorld","floor":6},{"not_picked":["Read","Defy"],"picked":"Rearm","floor":7},{"not_picked":["PendulumOfEternity","FlawlessForm","Duplication"],"picked":"KillingDoll","floor":10},{"not_picked":["ForgedInTime","TrueSight","FlawlessForm"],"picked":"TheWorld","floor":12},{"not_picked":["Unruled","Potential","DoubleEdge"],"picked":"Ricochet","floor":13},{"not_picked":["Alleviate","Unruled","Starlight"],"picked":"Rewind","floor":14},{"not_picked":["Embodiment","SoulSculpture","TrueSight"],"picked":"Deny","floor":16},{"not_picked":["Unruled+1","Revamp","TimeWarp","Spin"],"picked":"SKIP","floor":18},{"not_picked":["Defy+1","Spin+1","FastForward"],"picked":"InstantArmor+1","floor":20},{"not_picked":["PendulumOfEternity","DoubleEdge","Ricochet"],"picked":"BestPractice","floor":21},{"not_picked":["TimeWarp","Replace","Spin"],"picked":"TimeTheft","floor":22},{"not_picked":["KillingDoll","Sunlight","FloweringNight"],"picked":"PendulumOfEternity","floor":24},{"not_picked":["BestPractice","DoubleEdge","Starlight","Rewind"],"picked":"SKIP","floor":25},{"not_picked":["PendulumOfEternity","Deny","KillingDoll","FlawlessForm"],"picked":"SKIP","floor":28},{"not_picked":["Manipulate","Hightail+1","Replace"],"picked":"Rearm+1","floor":29},{"not_picked":["ForgedInTime","LightFlow","PendulumOfEternity"],"picked":"Duplication","floor":30},{"not_picked":["DualDimension","Alleviate","Potential+1"],"picked":"Luminosity","floor":31},{"not_picked":["SoulSculpture","KillingDoll","TrueSight"],"picked":"TheWorld+1","floor":33},{"not_picked":["FastForward+1","StarChef","InstantArmor+1","Misdirection+1"],"picked":"SKIP","floor":35},{"not_picked":["Reset+1","Replace+1","FanOfKnives+1"],"picked":"Shuttle+1","floor":36},{"not_picked":["FastForward+1","Potential+1","DoubleEdge"],"picked":"BottledTime+1","floor":37},{"not_picked":["Manipulate+1","Collapse+1","Spin+1","Defy+1"],"picked":"SKIP","floor":38},{"not_picked":["TheWorld+1","Deny+1","PendulumOfEternity","FloweringNight"],"picked":"SKIP","floor":40},{"not_picked":["Deny+1","SoulSculpture","LightFlow"],"picked":"ForgedInTime+1","floor":42},{"not_picked":["LightFlow","KillingDoll","FlawlessForm","Initiator"],"picked":"SKIP","floor":44},{"not_picked":["FanOfKnives+1","MoonPhase+1","Defy+1","Shuttle+1"],"picked":"SKIP","floor":45},{"not_picked":["BottledTime+1","Spin","Moonlight+1","Starlight"],"picked":"SKIP","floor":46},{"not_picked":["BottledTime+1","Unruled","Shuttle+1"],"picked":"SilverBlades+1","floor":48}],"player_experience":11465,"relics_obtained":[{"floor":7,"key":"Question Card"},{"floor":9,"key":"Letter Opener"},{"floor":10,"key":"Ornamental Fan"},{"floor":12,"key":"StrikeDummy"},{"floor":24,"key":"Anchor"},{"floor":26,"key":"Centennial Puzzle"},{"floor":28,"key":"Potion Belt"},{"floor":30,"key":"Shovel"},{"floor":32,"key":"Toxic Egg 2"},{"floor":40,"key":"Bag of Marbles"},{"floor":41,"key":"War Paint"},{"floor":42,"key":"Mercury Hourglass"},{"floor":44,"key":"Nunchaku"},{"floor":47,"key":"Gambling Chip"},{"floor":49,"key":"Bag of Preparation"}],"event_choices":[{"damage_healed":0,"gold_gain":0,"player_choice":"Donut","damage_taken":0,"max_hp_gain":5,"max_hp_loss":0,"event_name":"Big Fish","floor":2,"gold_loss":0},{"damage_healed":0,"gold_gain":30,"player_choice":"Searched \u00272\u0027 times","damage_taken":0,"max_hp_gain":0,"max_hp_loss":0,"event_name":"Dead Adventurer","floor":7,"gold_loss":0},{"damage_healed":76,"gold_gain":0,"player_choice":"Upgrade","damage_taken":16,"max_hp_gain":0,"max_hp_loss":81,"event_name":"betterThird:BetterShining","floor":11,"gold_loss":0,"cards_upgraded":["BestPractice","Rearm"]},{"damage_healed":0,"gold_gain":0,"player_choice":"Simplicity","damage_taken":0,"max_hp_gain":0,"max_hp_loss":8,"event_name":"betterThird:BetterWriting","floor":19,"gold_loss":0},{"damage_healed":0,"gold_gain":0,"player_choice":"Ignored","damage_taken":0,"max_hp_gain":0,"max_hp_loss":0,"event_name":"Vampires","floor":27,"gold_loss":0},{"cards_removed":["PendulumOfEternity"],"damage_healed":0,"gold_gain":0,"player_choice":"Offered Rare","damage_taken":0,"max_hp_gain":10,"max_hp_loss":0,"event_name":"Bonfire Elementals","floor":39,"gold_loss":0},{"damage_healed":0,"gold_gain":0,"player_choice":"Fight","damage_taken":0,"max_hp_gain":0,"max_hp_loss":0,"event_name":"Mysterious Sphere","floor":47,"gold_loss":0}],"is_beta":false,"boss_relics":[{"not_picked":["Astrolabe","Busted Crown"],"picked":"Fusion Hammer"},{"not_picked":["Snecko Eye","Coffee Dripper"],"picked":"Philosopher\u0027s Stone"}],"items_purged_floors":[],"is_endless":false,"potions_floor_spawned":[4,5,6,12,16,18,21,25,28,30,35,36,37,47],"ascension_level":0}}