{"host":"uonldg9uriwfhjjx","time":1609311376,"event":{"mods":["AchievementEnabler","BaseMod","Minty Spire (QoL Compilation)","Relic Stats"],"gold_per_floor":[113,113,113,13,13,13,188,211,237,89,164,179,31,64,64,64,64],"floor_reached":16,"playtime":1675,"items_purged":["Defend_P"],"score":125,"play_id":"c41275f4-64b6-444e-acb3-f30f3853edae","local_time":"20201230015616","is_ascension_mode":true,"campfire_choices":[{"data":"Eruption","floor":6,"key":"SMITH"},{"data":"Prostrate","floor":15,"key":"SMITH"}],"circlet_count":0,"master_deck":["Strike_P","Strike_P","Strike_P","Defend_P","Defend_P","Eruption+1","Vigilance","Worship+1","Protect","Doubt","CutThroughFate","Worship","DevaForm","Consecrate","Prostrate+1","ClearTheMind","ClearTheMind","FollowUp"],"relics":["PureWater","Golden Idol","Blood Vial","PreservedInsect","Orrery","Juzu Bracelet"],"acts_visited":["Exordium"],"potions_floor_usage":[16],"damage_taken":[{"damage":0,"enemies":"Small Slimes","floor":1,"turns":2},{"damage":2,"enemies":"2 Louse","floor":8,"turns":3},{"damage":0,"enemies":"Cultist","floor":12,"turns":3},{"damage":12,"enemies":"Gremlin Nob","floor":14,"turns":3},{"damage":56,"enemies":"Slime Boss","floor":16,"turns":6}],"seed_played":"-5385459715251261021","potions_obtained":[{"floor":1,"key":"Explosive Potion"}],"is_trial":false,"path_per_floor":["M","?","?","$","?","R","?","M","T","$","?","M","$","E","R","B"],"character_chosen":"WATCHER","items_purchased":["Protect","PreservedInsect","Orrery"],"campfire_rested":0,"item_purchase_floors":[4,10,13],"current_hp_per_floor":[65,58,58,58,58,58,58,56,56,56,50,52,52,42,42,0,0],"gold":64,"neow_bonus":"REMOVE_CARD","is_daily":false,"chose_seed":false,"campfire_upgraded":2,"win_rate":0.0,"timestamp":1609311376,"path_taken":["M","?","?","$","?","R","?","M","T","$","?","?","$","E","R","BOSS"],"items_purchased_type":["Card","Relic","Relic"],"build_version":"2020-12-22","purchased_purges":1,"victory":false,"max_hp_per_floor":[72,72,67,67,67,67,67,67,67,67,67,67,67,67,67,67,67],"relic_stats":{"Blood Vial":6,"counters":[5,17],"Golden Idol":15,"PreservedInsect":21,"Juzu Bracelet":0,"obtain_stats":[{"Blood Vial":9,"Golden Idol":3,"Orrery":13,"PreservedInsect":10,"Juzu Bracelet":14,"PureWater":0},{"Blood Vial":2,"Golden Idol":1,"Orrery":3,"PreservedInsect":2,"Juzu Bracelet":4,"PureWater":0},{"Blood Vial":5,"Golden Idol":2,"Orrery":8,"PreservedInsect":5,"Juzu Bracelet":11,"PureWater":0}]},"card_choices":[{"not_picked":["SandsOfTime","Sanctity"],"picked":"Worship","floor":1},{"not_picked":["SignatureMove","BowlingBash"],"picked":"CutThroughFate","floor":8},{"not_picked":["WaveOfTheHand","Indignation"],"picked":"Worship","floor":12},{"not_picked":["WheelKick","Consecrate"],"picked":"DevaForm","floor":13},{"not_picked":["Meditate","ThirdEye"],"picked":"Consecrate","floor":13},{"not_picked":["Crescendo","PathToVictory"],"picked":"Prostrate","floor":13},{"not_picked":["FlyingSleeves","LessonLearned"],"picked":"ClearTheMind","floor":13},{"not_picked":["Consecrate","PathToVictory"],"picked":"ClearTheMind","floor":13},{"not_picked":["Crescendo","EmptyBody"],"picked":"FollowUp","floor":14}],"player_experience":683365,"relics_obtained":[{"floor":9,"key":"Blood Vial"},{"floor":14,"key":"Juzu Bracelet"}],"event_choices":[{"cards_removed":["Defend_P"],"damage_healed":0,"gold_gain":0,"player_choice":"Card Removal","damage_taken":7,"max_hp_gain":0,"max_hp_loss":0,"event_name":"Golden Wing","floor":2,"gold_loss":0},{"damage_healed":0,"gold_gain":0,"player_choice":"Lose Max HP","damage_taken":0,"relics_obtained":["Golden Idol"],"max_hp_gain":0,"max_hp_loss":5,"event_name":"Golden Idol","floor":3,"gold_loss":0},{"damage_healed":0,"gold_gain":0,"player_choice":"Grow","damage_taken":0,"max_hp_gain":0,"max_hp_loss":0,"event_name":"Living Wall","floor":5,"gold_loss":0,"cards_upgraded":["Worship"]},{"damage_healed":0,"gold_gain":175,"player_choice":"AGREE","damage_taken":0,"max_hp_gain":0,"max_hp_loss":0,"event_name":"Liars Game","floor":7,"gold_loss":0,"cards_obtained":["Doubt"]},{"damage_healed":0,"gold_gain":75,"player_choice":"Touch","damage_taken":6,"max_hp_gain":0,"max_hp_loss":0,"event_name":"FaceTrader","floor":11,"gold_loss":0}],"is_beta":false,"boss_relics":[],"items_purged_floors":[4],"is_endless":false,"potions_floor_spawned":[1],"killed_by":"Slime Boss","ascension_level":6}}