{"host":"fxgsgr3e13htip8z","time":1609370512,"event":{"mods":["Arknights The Spire","Aspiration","BaseMod","Dota2Spire","Hubris","Hyrulean Relics","Minty Spire (QoL Compilation)","Relic Stats","Replay The Spire","Robot Space Explorer","StSLib","The Cursed","The Marked","Trackpad","Wandering Minibosses","vexMod"],"gold_per_floor":[119,119,119,138,63,63,96,271,323,342,342,362,374,374,374,374,374],"floor_reached":16,"playtime":2827,"items_purged":["Injury"],"score":125,"play_id":"3c7be45d-012c-4b49-8d55-e490d0af3719","local_time":"20201230172152","is_ascension_mode":false,"campfire_choices":[{"data":"ats:Revitalization","floor":6,"key":"SMITH"},{"data":"ats:Emotion Absorption","floor":11,"key":"SMITH"},{"data":"ats:Armor Crushing Shot","floor":15,"key":"SMITH"}],"circlet_count":0,"master_deck":["ats:Strike C","ats:Strike G","ats:Strike S","ats:Strike V","ats:Armor Crushing Shot+1","ats:Defend","ats:Defend","ats:Defend","ats:Defend","ats:Emotion Absorption+1","ats:Revitalization+1","ats:Dogmatic Field+1","ats:Apocalypse","ats:Shell Defense","ats:Shadow Raid","ats:Shell Defense"],"relics":["ats:Sanity","NeowsBlessing","trackpad:AdjectivePendant","Frozen Egg 2","ats:Originium","Dota2Spire:PhaseBoots","trackpad:SappingStone"],"acts_visited":["Exordium"],"potions_floor_usage":[10,16],"damage_taken":[{"damage":0,"enemies":"Small Slimes","floor":1,"turns":2},{"damage":0,"enemies":"Jaw Worm","floor":4,"turns":1},{"damage":0,"enemies":"Gremlin Nob","floor":7,"turns":1},{"damage":50,"enemies":"Cultist","floor":10,"turns":7},{"damage":48,"enemies":"Large Slime","floor":12,"turns":14},{"damage":126,"enemies":"Exordium Thugs","floor":13,"turns":14},{"damage":596,"enemies":"Hexaghost","floor":16,"turns":37}],"seed_played":"958832646919545863","potions_obtained":[{"floor":4,"key":"DistilledChaos"},{"floor":13,"key":"ColorlessPotion"}],"is_trial":false,"path_per_floor":["M","?","?","M","$","R","E","?","T","M","R","M","M","?","R","B"],"character_chosen":"DOCTOR_CLASS","items_purchased":[],"campfire_rested":0,"item_purchase_floors":[],"current_hp_per_floor":[72,65,65,65,65,65,65,65,65,47,47,72,62,62,62,0,0],"gold":374,"neow_bonus":"THREE_ENEMY_KILL","is_daily":false,"chose_seed":false,"campfire_upgraded":3,"win_rate":0.0,"timestamp":1609370512,"path_taken":["M","?","?","M","$","R","E","?","T","M","R","M","M","?","R","BOSS"],"items_purchased_type":[],"build_version":"2020-12-22","purchased_purges":1,"victory":false,"max_hp_per_floor":[72,72,72,72,72,72,72,72,72,72,72,72,72,72,72,72,72],"relic_stats":{"counters":[7,76],"obtain_stats":[{"NeowsBlessing":0,"ats:Originium":7,"trackpad:SappingStone":9,"ats:Sanity":0,"trackpad:AdjectivePendant":2,"Frozen Egg 2":3,"Dota2Spire:PhaseBoots":7},{"NeowsBlessing":0,"ats:Originium":3,"trackpad:SappingStone":3,"ats:Sanity":0,"trackpad:AdjectivePendant":1,"Frozen Egg 2":1,"Dota2Spire:PhaseBoots":3},{"NeowsBlessing":0,"ats:Originium":4,"trackpad:SappingStone":4,"ats:Sanity":0,"trackpad:AdjectivePendant":2,"Frozen Egg 2":2,"Dota2Spire:PhaseBoots":4}]},"card_choices":[{"not_picked":["ats:Poison Spread","ats:LN2 Cannon"],"picked":"ats:Revitalization","floor":1},{"not_picked":["ats:Revitalization","ats:Hammer On"],"picked":"ats:Dogmatic Field+1","floor":4},{"not_picked":["ats:Spore Proliferation","ats:Rapid Magazine+1"],"picked":"ats:Apocalypse","floor":7},{"not_picked":["ats:Encircling Forest","ats:Sunburst"],"picked":"ats:Shell Defense","floor":10},{"not_picked":["ats:Ignite","ats:Curse Doll"],"picked":"ats:Shadow Raid","floor":12},{"not_picked":["ats:Curse Doll","ats:Very Hot Blade"],"picked":"ats:Shell Defense","floor":13}],"player_experience":1514792,"relics_obtained":[{"floor":7,"key":"ats:Originium"},{"floor":7,"key":"Dota2Spire:PhaseBoots"},{"floor":9,"key":"trackpad:SappingStone"}],"event_choices":[{"damage_healed":0,"gold_gain":0,"player_choice":"Success","damage_taken":7,"relics_obtained":["trackpad:AdjectivePendant"],"max_hp_gain":0,"max_hp_loss":0,"event_name":"Scrap Ooze","floor":2,"gold_loss":0},{"damage_healed":0,"gold_gain":175,"player_choice":"AGREE","damage_taken":0,"max_hp_gain":0,"max_hp_loss":0,"event_name":"Liars Game","floor":8,"gold_loss":0,"cards_obtained":["Doubt"]},{"cards_removed":["Doubt"],"damage_healed":0,"gold_gain":0,"player_choice":"Purged","damage_taken":0,"max_hp_gain":0,"max_hp_loss":0,"event_name":"Purifier","floor":14,"gold_loss":0}],"is_beta":false,"boss_relics":[],"items_purged_floors":[5],"is_endless":false,"potions_floor_spawned":[4,13],"killed_by":"Hexaghost","ascension_level":0}}