{"host":"f6tqpspb2ou2a4h5","time":1609326826,"event":{"mods":["2.2 Compatiblity","Ascension Unlocker","BaseMod","Colored Map","DeckTracker","Hermit","Highlight Path","KOR Keyword Fix","Keyboard Shortcuts","Minty Spire (QoL Compilation)","Permanent Neow","Quick Restart","Random Character Button","StSLib","SuperFastMode","The Poker Player","everything is the same but u backflip on backflip"],"gold_per_floor":[112,127,141,141,161,161,194,194,218,238,272,272,272,291,291,291,291],"floor_reached":16,"playtime":657,"items_purged":[],"score":171,"play_id":"a08104e5-dbd2-45b1-8053-680b52956d8c","local_time":"20201230201346","is_ascension_mode":true,"campfire_choices":[{"data":"Loop","floor":6,"key":"SMITH"},{"data":"Zap","floor":8,"key":"SMITH"},{"floor":13,"key":"REST"},{"data":"Sunder","floor":15,"key":"SMITH"}],"circlet_count":0,"master_deck":["AscendersBane","Strike_B","Strike_B","Strike_B","Defend_B","Defend_B","Defend_B","Defend_B","Zap+1","Dualcast","Core Surge","Sweeping Beam","Loop+1","Conserve Battery","Compile Driver","Buffer","Barrage","Sunder+1"],"relics":["Cracked Core","Lantern","Anchor","Odd Mushroom","Ancient Tea Set","Toxic Egg 2"],"acts_visited":["Exordium"],"potions_floor_usage":[7,7,11,16],"damage_taken":[{"damage":4,"enemies":"Jaw Worm","floor":1,"turns":3},{"damage":1,"enemies":"Cultist","floor":2,"turns":3},{"damage":0,"enemies":"Small Slimes","floor":3,"turns":2},{"damage":1,"enemies":"2 Fungi Beasts","floor":5,"turns":3},{"damage":26,"enemies":"Lagavulin","floor":7,"turns":6},{"damage":16,"enemies":"The Mushroom Lair","floor":10,"turns":4},{"damage":8,"enemies":"3 Sentries","floor":11,"turns":5},{"damage":5,"enemies":"Gremlin Gang","floor":14,"turns":5},{"damage":33,"enemies":"The Guardian","floor":16,"turns":10}],"seed_played":"7277120631657834955","potions_obtained":[{"floor":2,"key":"SkillPotion"},{"floor":5,"key":"SteroidPotion"},{"floor":7,"key":"LiquidMemories"},{"floor":10,"key":"DistilledChaos"},{"floor":14,"key":"EntropicBrew"}],"is_trial":false,"path_per_floor":["M","M","M","?","M","R","E","R","T","?","E","?","R","M","R","B"],"character_chosen":"DEFECT","items_purchased":[],"campfire_rested":1,"item_purchase_floors":[],"current_hp_per_floor":[64,63,63,63,62,62,36,36,36,20,12,12,34,29,29,0,0],"gold":291,"neow_bonus":"TRANSFORM_CARD","is_daily":false,"chose_seed":false,"campfire_upgraded":3,"win_rate":0.0,"timestamp":1609326826,"path_taken":["M","M","M","?","?","R","E","R","T","?","E","?","R","M","R","BOSS"],"items_purchased_type":[],"build_version":"2020-12-22","purchased_purges":0,"victory":false,"max_hp_per_floor":[75,75,75,75,75,75,75,75,75,75,75,75,75,75,75,75,75],"card_choices":[{"not_picked":["Go for the Eyes","Streamline"],"picked":"Sweeping Beam","floor":1},{"not_picked":["Tempest","Sweeping Beam"],"picked":"Loop","floor":2},{"not_picked":["Heatsinks","Stack"],"picked":"Conserve Battery","floor":3},{"not_picked":["Leap","Stack"],"picked":"Compile Driver","floor":5},{"not_picked":["Beam Cell","BootSequence"],"picked":"Buffer","floor":7},{"not_picked":["Compile Driver","Beam Cell"],"picked":"Barrage","floor":10},{"not_picked":["Ball Lightning","Steam Power"],"picked":"Sunder","floor":11},{"not_picked":["Stack+1","Redo+1","Compile Driver"],"picked":"SKIP","floor":14}],"player_experience":104856,"relics_obtained":[{"floor":7,"key":"Lantern"},{"floor":9,"key":"Anchor"},{"floor":10,"key":"Odd Mushroom"},{"floor":11,"key":"Ancient Tea Set"},{"floor":12,"key":"Toxic Egg 2"}],"event_choices":[{"damage_healed":0,"gold_gain":0,"player_choice":"Ignored","damage_taken":0,"max_hp_gain":0,"max_hp_loss":0,"event_name":"NoteForYourself","floor":4,"gold_loss":0},{"damage_healed":0,"gold_gain":0,"player_choice":"Fought Mushrooms","damage_taken":0,"max_hp_gain":0,"max_hp_loss":0,"event_name":"Mushrooms","floor":10,"gold_loss":0},{"damage_healed":0,"gold_gain":0,"player_choice":"Relic","damage_taken":0,"max_hp_gain":0,"max_hp_loss":0,"event_name":"Wheel of Change","floor":12,"gold_loss":0}],"is_beta":false,"boss_relics":[],"items_purged_floors":[],"is_endless":false,"potions_floor_spawned":[2,5,7,10,14],"killed_by":"The Guardian","ascension_level":11}}