{"host":"8by3m8mve9y2rhh4","time":1609295528,"event":{"mods":["BaseMod","Minty Spire (QoL Compilation)","Quick Restart"],"gold_per_floor":[118,24,24,37,37,67,67,95,95,122,140,41,61,72,72,167,167,187,187,35,52,64,64,75,107,107,133,233,251,251,281,281,378,378,393,439,439,458,476,487,502,581,581,608,608,621,621,621,621,621,621,621,24,54,54,54],"floor_reached":55,"playtime":2252,"items_purged":["Strike_G","Strike_G"],"score":841,"play_id":"16dad534-7959-48fb-a965-e33e485c5199","local_time":"20201230023208","is_ascension_mode":true,"campfire_choices":[{"floor":7,"key":"REST"},{"floor":15,"key":"REST"},{"floor":23,"key":"REST"},{"floor":32,"key":"REST"},{"floor":47,"key":"RECALL"},{"floor":49,"key":"REST"},{"data":"Burst","floor":52,"key":"SMITH"}],"circlet_count":0,"master_deck":["Strike_G","Defend_G","Defend_G","Defend_G","Defend_G","Defend_G+1","Survivor","Neutralize","Blade Dance","Cloak And Dagger","Cloak And Dagger","Dagger Spray","Accuracy","Blade Dance","Blade Dance","PiercingWail","Burst+1","Terror","Accuracy","Well Laid Plans","Flying Knee","Prepared","Die Die Die","Dodge and Roll+1","Phantasmal Killer","Accuracy+1","Choke+1","Die Die Die","Finesse","Apotheosis","Footwork","Infinite Blades"],"relics":["SlaversCollar","Incense Burner","Pen Nib","Mango","Tiny Chest","SacredBark","DollysMirror","Oddly Smooth Stone","Strawberry","Thread and Needle","Tingsha","Bottled Lightning","Shuriken","Anchor","Black Star","Du-Vu Doll","Art of War","Snake Skull","Ornamental Fan","Medical Kit","Bottled Tornado","Kunai"],"acts_visited":["Exordium","TheCity","TheBeyond","TheEnding"],"potions_floor_usage":[6,8,10,21,24,25,28,31,33,39,41,44,50,55,55],"damage_taken":[{"damage":0,"enemies":"Cultist","floor":1,"turns":5},{"damage":2,"enemies":"Jaw Worm","floor":4,"turns":3},{"damage":18,"enemies":"Gremlin Nob","floor":6,"turns":4},{"damage":11,"enemies":"Lagavulin","floor":8,"turns":6},{"damage":11,"enemies":"3 Sentries","floor":10,"turns":5},{"damage":0,"enemies":"2 Louse","floor":11,"turns":2},{"damage":2,"enemies":"Looter","floor":13,"turns":2},{"damage":0,"enemies":"Exordium Thugs","floor":14,"turns":2},{"damage":19,"enemies":"Slime Boss","floor":16,"turns":4},{"damage":16,"enemies":"Chosen","floor":18,"turns":5},{"damage":0,"enemies":"2 Thieves","floor":21,"turns":4},{"damage":7,"enemies":"Snake Plant","floor":22,"turns":3},{"damage":5,"enemies":"Centurion and Healer","floor":24,"turns":5},{"damage":7,"enemies":"Book of Stabbing","floor":25,"turns":5},{"damage":27,"enemies":"Gremlin Leader","floor":27,"turns":6},{"damage":3,"enemies":"Colosseum Slavers","floor":28,"turns":4},{"damage":3,"enemies":"Colosseum Nobs","floor":28,"turns":3},{"damage":17,"enemies":"Sentry and Sphere","floor":29,"turns":8},{"damage":4,"enemies":"Book of Stabbing","floor":31,"turns":4},{"damage":26,"enemies":"Automaton","floor":33,"turns":8},{"damage":0,"enemies":"3 Darklings","floor":35,"turns":3},{"damage":69,"enemies":"2 Orb Walkers","floor":36,"turns":6},{"damage":0,"enemies":"Orb Walker","floor":38,"turns":2},{"damage":18,"enemies":"Transient","floor":39,"turns":5},{"damage":17,"enemies":"Jaw Worm Horde","floor":40,"turns":5},{"damage":0,"enemies":"Sphere and 2 Shapes","floor":41,"turns":7},{"damage":15,"enemies":"Giant Head","floor":44,"turns":7},{"damage":20,"enemies":"Transient","floor":46,"turns":5},{"damage":53,"enemies":"Time Eater","floor":50,"turns":8},{"damage":0,"enemies":"Shield and Spear","floor":54,"turns":3},{"damage":153,"enemies":"The Heart","floor":55,"turns":9}],"seed_played":"221895431141407331","potions_obtained":[{"floor":4,"key":"LiquidBronze"},{"floor":6,"key":"AttackPotion"},{"floor":10,"key":"EssenceOfSteel"},{"floor":16,"key":"PowerPotion"},{"floor":21,"key":"SkillPotion"},{"floor":22,"key":"Dexterity Potion"},{"floor":29,"key":"Poison Potion"},{"floor":31,"key":"Ancient Potion"},{"floor":33,"key":"Fruit Juice"},{"floor":36,"key":"FairyPotion"},{"floor":38,"key":"SneckoOil"},{"floor":41,"key":"Regen Potion"},{"floor":46,"key":"Strength Potion"},{"floor":54,"key":"Weak Potion"}],"is_trial":false,"path_per_floor":["M","$","?","M","?","E","R","E","T","E","M","$","M","M","R","B",null,"M","?","$","M","M","R","M","E","T","E","?","M","T","E","R","B",null,"M","?","?","M","M","M","M","T","T","E","?","M","R","?","R","B",null,"R","$","E","B"],"character_chosen":"THE_SILENT","items_purchased":["Cloak And Dagger","Strength Potion","Blade Dance","DollysMirror","Apotheosis","Footwork","Medical Kit","Ancient Potion"],"campfire_rested":5,"item_purchase_floors":[2,2,12,20,53,53,53,53],"current_hp_per_floor":[70,70,56,54,54,36,57,46,60,49,49,49,47,47,72,53,84,68,52,52,52,45,71,66,59,66,39,33,16,16,12,40,24,106,106,37,37,37,19,2,2,2,2,32,93,73,73,73,93,40,93,93,93,93,0,0],"gold":54,"neow_bonus":"BOSS_RELIC","is_daily":false,"chose_seed":false,"campfire_upgraded":1,"win_rate":0.0,"timestamp":1609295528,"path_taken":["M","$","?","M","?","E","R","E","T","E","?","$","M","M","R","BOSS","M","?","$","M","M","R","M","E","T","E","?","M","?","E","R","BOSS","M","?","?","?","M","M","M","?","T","E","?","M","R","?","R","BOSS","R","$","E","BOSS"],"items_purchased_type":["Card","Potion","Card","Relic","Card","Card","Relic","Potion"],"build_version":"2020-12-22","purchased_purges":2,"victory":false,"max_hp_per_floor":[70,70,70,70,70,70,70,70,84,84,84,84,84,84,84,84,84,84,89,89,89,89,89,89,89,96,96,96,96,96,96,96,106,106,106,106,106,106,106,106,106,106,106,106,93,93,93,93,93,93,93,93,93,93,93,93],"card_choices":[{"not_picked":["Slice","Deflect"],"picked":"Blade Dance","floor":1},{"not_picked":["Masterful Stab","Prepared"],"picked":"Cloak And Dagger","floor":4},{"not_picked":["Masterful Stab","Acrobatics"],"picked":"Dagger Spray","floor":6},{"not_picked":["PiercingWail","Deadly Poison"],"picked":"Accuracy","floor":8},{"not_picked":["Underhanded Strike","Slice","Reflex"],"picked":"SKIP","floor":10},{"not_picked":["Eviscerate","PiercingWail"],"picked":"Blade Dance","floor":11},{"not_picked":["Poisoned Stab","Skewer","Bouncing Flask"],"picked":"SKIP","floor":13},{"not_picked":["All Out Attack","Deadly Poison"],"picked":"PiercingWail","floor":14},{"not_picked":["Tools of the Trade","Die Die Die"],"picked":"Burst","floor":16},{"not_picked":["Crippling Poison+1","Dagger Throw"],"picked":"Terror","floor":18},{"not_picked":["Dagger Throw","Riddle With Holes"],"picked":"Well Laid Plans","floor":21},{"not_picked":["Underhanded Strike","Finisher"],"picked":"Flying Knee","floor":22},{"not_picked":["Skewer","Deadly Poison","Masterful Stab"],"picked":"SKIP","floor":24},{"not_picked":["Endless Agony","Poisoned Stab"],"picked":"Prepared","floor":25},{"not_picked":["Finisher","Choke"],"picked":"Die Die Die","floor":27},{"not_picked":["Sucker Punch+1","Outmaneuver+1"],"picked":"Dodge and Roll+1","floor":28},{"not_picked":["Prepared+1","Cloak And Dagger","Sucker Punch"],"picked":"SKIP","floor":29},{"not_picked":["Endless Agony","Riddle With Holes","Acrobatics"],"picked":"SKIP","floor":31},{"not_picked":["Wraith Form v2","Doppelganger"],"picked":"Phantasmal Killer","floor":33},{"not_picked":["Dagger Throw","Deadly Poison","Calculated Gamble+1"],"picked":"SKIP","floor":35},{"not_picked":["Dagger Throw","Quick Slash","Slice"],"picked":"SKIP","floor":38},{"not_picked":["Backstab+1","Reflex"],"picked":"Accuracy+1","floor":39},{"not_picked":["Caltrops+1","Predator+1","Dagger Spray"],"picked":"SKIP","floor":40},{"not_picked":["Sucker Punch","Wraith Form v2"],"picked":"Choke+1","floor":41},{"not_picked":["Deadly Poison+1","PiercingWail+1","Predator+1"],"picked":"SKIP","floor":44},{"not_picked":["Sucker Punch+1","Prepared","Quick Slash+1"],"picked":"SKIP","floor":46},{"not_picked":["Bane+1","PiercingWail+1"],"picked":"Infinite Blades","floor":54}],"player_experience":623367,"relics_obtained":[{"floor":6,"key":"Incense Burner"},{"floor":8,"key":"Pen Nib"},{"floor":9,"key":"Mango"},{"floor":10,"key":"Tiny Chest"},{"floor":25,"key":"Oddly Smooth Stone"},{"floor":26,"key":"Strawberry"},{"floor":27,"key":"Thread and Needle"},{"floor":28,"key":"Tingsha"},{"floor":28,"key":"Bottled Lightning"},{"floor":30,"key":"Shuriken"},{"floor":31,"key":"Anchor"},{"floor":36,"key":"Du-Vu Doll"},{"floor":43,"key":"Art of War"},{"floor":44,"key":"Snake Skull"},{"floor":44,"key":"Ornamental Fan"},{"floor":54,"key":"Bottled Tornado"},{"floor":54,"key":"Kunai"}],"event_choices":[{"damage_healed":0,"gold_gain":0,"player_choice":"Entered Light","damage_taken":14,"max_hp_gain":0,"max_hp_loss":0,"event_name":"Shining Light","floor":3,"gold_loss":0,"cards_upgraded":["Strike_G","Defend_G"]},{"cards_removed":["Strike_G"],"damage_healed":0,"gold_gain":0,"player_choice":"Purged","damage_taken":0,"max_hp_gain":0,"max_hp_loss":0,"event_name":"Purifier","floor":5,"gold_loss":0},{"damage_healed":0,"gold_gain":0,"player_choice":"Shed Blood","damage_taken":21,"max_hp_gain":5,"max_hp_loss":0,"event_name":"Forgotten Altar","floor":19,"gold_loss":0},{"damage_healed":0,"gold_gain":0,"player_choice":"Fight","damage_taken":0,"max_hp_gain":0,"max_hp_loss":0,"event_name":"Colosseum","floor":28,"gold_loss":0},{"damage_healed":0,"gold_gain":0,"player_choice":"Fought Nobs","damage_taken":0,"max_hp_gain":0,"max_hp_loss":0,"event_name":"Colosseum","floor":28,"gold_loss":0},{"damage_healed":0,"gold_gain":0,"player_choice":"Fight","damage_taken":0,"max_hp_gain":0,"max_hp_loss":0,"event_name":"Mysterious Sphere","floor":36,"gold_loss":0},{"cards_removed":["Strike_G"],"damage_healed":0,"gold_gain":0,"player_choice":"Removed Attack","damage_taken":0,"max_hp_gain":0,"max_hp_loss":0,"event_name":"Falling","floor":37,"gold_loss":0},{"damage_healed":93,"gold_gain":0,"player_choice":"Heal","damage_taken":0,"max_hp_gain":0,"max_hp_loss":13,"event_name":"The Moai Head","floor":45,"gold_loss":0},{"damage_healed":0,"gold_gain":0,"player_choice":"2 cards matched","damage_taken":0,"max_hp_gain":0,"max_hp_loss":0,"event_name":"Match and Keep!","floor":48,"gold_loss":0,"cards_obtained":["Die Die Die","Finesse"]}],"is_beta":false,"boss_relics":[{"not_picked":["Runic Dome","Pandora\u0027s Box"],"picked":"SacredBark"},{"not_picked":["Snecko Eye","Coffee Dripper"],"picked":"Black Star"}],"items_purged_floors":[12,53],"is_endless":false,"potions_floor_spawned":[4,6,10,16,21,22,29,31,33,36,38,41,46,54],"killed_by":"The Heart","ascension_level":1}}