{"host":"0ydzwspkajt4brzd","time":1609321629,"event":{"mods":["AchievementEnabler","BaseMod","Colored Map","DeckTracker","Googly Eyes","Highlight Path","Minty Spire (QoL Compilation)","Quick Restart","Random Character Button","Rare Cards Sparkle"],"gold_per_floor":[111,127,127,139,37,37,71,71,71,71,71,103,127,144,144,248,248,264,276,14,113,141,168,168,60,60,76,109,126,141,176,176,275,275,292,292,22,22,33,33,45,45,45,45,59,59,84,103,103,103,103,103,3,29,29,29],"floor_reached":55,"playtime":5356,"items_purged":["Strike_G","Strike_G"],"score":1035,"play_id":"287da038-ded5-4b67-8ed5-e29904b5e8e0","local_time":"20201230014709","is_ascension_mode":true,"campfire_choices":[{"data":"Adrenaline","floor":6.0,"key":"SMITH"},{"data":"Sucker Punch","floor":10.0,"key":"SMITH"},{"data":"Burst","floor":15.0,"key":"SMITH"},{"data":"A Thousand Cuts","floor":24.0,"key":"SMITH"},{"floor":32.0,"key":"REST"},{"data":"Doppelganger","floor":40.0,"key":"SMITH"},{"data":"Predator","floor":42.0,"key":"SMITH"},{"floor":46.0,"key":"RECALL"},{"floor":49.0,"key":"REST"},{"data":"Noxious Fumes","floor":52,"key":"SMITH"}],"circlet_count":0,"master_deck":["Strike_G+1","Strike_G+1","Defend_G","Defend_G","Defend_G","Defend_G","Defend_G","Survivor","Neutralize","Underhanded Strike","Sucker Punch+1","Adrenaline+1","Dagger Throw","Backflip","Burst+1","Bouncing Flask","A Thousand Cuts+1","Blade Dance","Calculated Gamble","Noxious Fumes+1","Expertise","Die Die Die","Crippling Poison","Footwork","Deadly Poison+1","Backflip+1","Predator+1","Doppelganger+1","Flying Knee","Dash","Mayhem","Blade Dance","Mind Blast","Mind Blast","Parasite"],"relics":["Ring of the Snake","Vajra","Pantograph","Gremlin Horn","Ninja Scroll","Odd Mushroom","Sozu","Snake Skull","Red Mask","Bottled Lightning","Mummified Hand","Potion Belt","Mercury Hourglass","Snecko Eye","Bronze Scales","InkBottle"],"acts_visited":["Exordium","TheCity","TheBeyond","TheEnding"],"potions_floor_usage":[],"damage_taken":[{"damage":2.0,"enemies":"Jaw Worm","floor":1.0,"turns":7.0},{"damage":0.0,"enemies":"Small Slimes","floor":2.0,"turns":3.0},{"damage":0.0,"enemies":"2 Louse","floor":4.0,"turns":1.0},{"damage":17.0,"enemies":"Lagavulin","floor":7.0,"turns":6.0},{"damage":4.0,"enemies":"3 Sentries","floor":12.0,"turns":7.0},{"damage":0.0,"enemies":"The Mushroom Lair","floor":13.0,"turns":2.0},{"damage":0.0,"enemies":"Blue Slaver","floor":14.0,"turns":2.0},{"damage":0.0,"enemies":"Slime Boss","floor":16.0,"turns":6.0},{"damage":0.0,"enemies":"2 Thieves","floor":18.0,"turns":3.0},{"damage":0.0,"enemies":"3 Byrds","floor":19.0,"turns":3.0},{"damage":13.0,"enemies":"Masked Bandits","floor":22.0,"turns":4.0},{"damage":6.0,"enemies":"Gremlin Leader","floor":23.0,"turns":4.0},{"damage":0.0,"enemies":"3 Cultists","floor":27.0,"turns":2.0},{"damage":35.0,"enemies":"Book of Stabbing","floor":28.0,"turns":5.0},{"damage":6.0,"enemies":"Centurion and Healer","floor":29.0,"turns":3.0},{"damage":6.0,"enemies":"Snake Plant","floor":30.0,"turns":3.0},{"damage":0.0,"enemies":"Gremlin Leader","floor":31.0,"turns":4.0},{"damage":8.0,"enemies":"Automaton","floor":33.0,"turns":6.0},{"damage":3.0,"enemies":"3 Shapes","floor":35.0,"turns":2.0},{"damage":0.0,"enemies":"Orb Walker","floor":39.0,"turns":2.0},{"damage":20.0,"enemies":"3 Darklings","floor":41.0,"turns":3.0},{"damage":0.0,"enemies":"Sphere and 2 Shapes","floor":45.0,"turns":2.0},{"damage":6.0,"enemies":"Writhing Mass","floor":48.0,"turns":4.0},{"damage":52,"enemies":"Donu and Deca","floor":50,"turns":6},{"damage":0,"enemies":"Shield and Spear","floor":54,"turns":4},{"damage":66,"enemies":"The Heart","floor":55,"turns":3}],"seed_played":"4950208631583200577","potions_obtained":[{"floor":2.0,"key":"Ancient Potion"},{"floor":4.0,"key":"DuplicationPotion"},{"floor":14.0,"key":"Fire Potion"},{"floor":16.0,"key":"Poison Potion"}],"is_trial":false,"path_per_floor":["M","M","?","M","$","R","E","?","T","R","?","E","?","M","R","B",null,"M","M","$","?","?","E","R","$","T","M","E","M","M","E","R","B",null,"M","?","$","?","M","R","M","R","T","?","M","R","T","M","R","B",null,"R","$","E","B"],"character_chosen":"THE_SILENT","items_purchased":["Dagger Throw","Noxious Fumes","Expertise","Snake Skull","Footwork","Choke","Dash","Mayhem","Blade Dance"],"campfire_rested":2,"item_purchase_floors":[5,20,20,20,25,25,37,37,37],"current_hp_per_floor":[68,68,54,54,54,54,37,60,60,60,53,49,49,49,49,70,70,70,70,70,70,57,51,51,51,51,51,16,10,4,4,25,42,63,60,60,60,50,50,50,30,30,30,30,30,30,30,24,43,14,53,53,53,53,0,0],"gold":29,"neow_bonus":"RANDOM_COMMON_RELIC","is_daily":false,"chose_seed":false,"campfire_upgraded":7,"win_rate":0.0,"timestamp":1609321629,"path_taken":["M","M","?","M","$","R","E","?","T","R","?","E","?","M","R","BOSS","M","M","$","?","?","E","R","$","T","M","E","M","M","E","R","BOSS","M","?","$","?","M","R","M","R","T","?","M","R","?","M","R","BOSS","R","$","E","BOSS"],"items_purchased_type":["Card","Card","Card","Relic","Card","Card","Card","Card","Card"],"build_version":"2020-12-22","purchased_purges":2,"victory":false,"max_hp_per_floor":[70,70,70,70,70,70,70,70,70,70,70,70,70,70,70,70,70,70,70,70,70,70,70,70,70,70,70,70,70,70,70,70,70,70,70,70,70,70,70,70,70,70,70,66,66,66,66,66,66,66,66,66,66,66,66,66],"card_choices":[{"not_picked":["Dodge and Roll","Caltrops"],"picked":"Underhanded Strike","floor":1.0},{"not_picked":["Riddle With Holes","Bane"],"picked":"Sucker Punch","floor":2.0},{"not_picked":["Deadly Poison","Sucker Punch"],"picked":"Adrenaline","floor":4.0},{"not_picked":["Outmaneuver","PiercingWail"],"picked":"Backflip","floor":7.0},{"not_picked":["Quick Slash","Heel Hook","Backflip"],"picked":"SKIP","floor":12.0},{"not_picked":["Underhanded Strike","Cloak And Dagger"],"picked":"Burst","floor":13.0},{"not_picked":["Flying Knee","Dagger Spray"],"picked":"Bouncing Flask","floor":14.0},{"not_picked":["Malaise","Grand Finale"],"picked":"A Thousand Cuts","floor":16.0},{"not_picked":["Sucker Punch","PiercingWail+1"],"picked":"Blade Dance","floor":18.0},{"not_picked":["Slice","Sucker Punch"],"picked":"Calculated Gamble","floor":19.0},{"not_picked":["Flying Knee","Prepared"],"picked":"Die Die Die","floor":22.0},{"not_picked":["Flying Knee","Heel Hook+1"],"picked":"Crippling Poison","floor":23.0},{"not_picked":["Setup","Outmaneuver"],"picked":"Deadly Poison+1","floor":27.0},{"not_picked":["Poisoned Stab","Quick Slash"],"picked":"Backflip+1","floor":28.0},{"not_picked":["Flechettes+1","Deflect","Riddle With Holes"],"picked":"SKIP","floor":29.0},{"not_picked":["Dagger Spray+1","Masterful Stab"],"picked":"Predator","floor":30.0},{"not_picked":["Setup","Eviscerate","Poisoned Stab"],"picked":"SKIP","floor":31.0},{"not_picked":["Venomology","Malaise"],"picked":"Doppelganger","floor":33.0},{"not_picked":["PiercingWail","Deadly Poison+1"],"picked":"Flying Knee","floor":35.0},{"not_picked":["Chrysalis","Violence"],"picked":"Mind Blast","floor":38.0},{"not_picked":["Swift Strike","Forethought"],"picked":"Mind Blast","floor":38.0},{"not_picked":["Dodge and Roll+1","Deadly Poison+1","Masterful Stab"],"picked":"SKIP","floor":39.0},{"not_picked":["PiercingWail","Caltrops","Dodge and Roll"],"picked":"SKIP","floor":41.0},{"not_picked":["Dagger Throw","PiercingWail","Sucker Punch"],"picked":"SKIP","floor":45.0},{"not_picked":["PiercingWail","Blur+1","Expertise"],"picked":"SKIP","floor":48.0},{"not_picked":["Backstab","Expertise","Deadly Poison"],"picked":"SKIP","floor":54}],"player_experience":403579,"relics_obtained":[{"floor":7.0,"key":"Pantograph"},{"floor":9.0,"key":"Gremlin Horn"},{"floor":12.0,"key":"Ninja Scroll"},{"floor":13.0,"key":"Odd Mushroom"},{"floor":22.0,"key":"Red Mask"},{"floor":23.0,"key":"Bottled Lightning"},{"floor":26.0,"key":"Mummified Hand"},{"floor":28.0,"key":"Potion Belt"},{"floor":31.0,"key":"Mercury Hourglass"},{"floor":47.0,"key":"Bronze Scales"},{"floor":54,"key":"InkBottle"}],"event_choices":[{"damage_healed":0.0,"max_hp_gain":0.0,"max_hp_loss":0.0,"gold_gain":0.0,"event_name":"Shining Light","player_choice":"Entered Light","floor":3.0,"gold_loss":0.0,"damage_taken":14.0,"cards_upgraded":["Strike_G","Strike_G"]},{"damage_healed":23.0,"max_hp_gain":0.0,"max_hp_loss":0.0,"gold_gain":0.0,"event_name":"Big Fish","player_choice":"Banana","floor":8.0,"gold_loss":0.0,"damage_taken":0.0},{"cards_removed":["Strike_G"],"damage_healed":0.0,"max_hp_gain":0.0,"max_hp_loss":0.0,"gold_gain":0.0,"event_name":"Golden Wing","player_choice":"Card Removal","floor":11.0,"gold_loss":0.0,"damage_taken":7.0},{"damage_healed":0.0,"max_hp_gain":0.0,"max_hp_loss":0.0,"gold_gain":0.0,"event_name":"Mushrooms","player_choice":"Fought Mushrooms","floor":13.0,"gold_loss":0.0,"damage_taken":0.0},{"damage_healed":0.0,"max_hp_gain":0.0,"max_hp_loss":0.0,"gold_gain":99.0,"event_name":"Nest","player_choice":"Stole From Cult","floor":21.0,"gold_loss":0.0,"damage_taken":0.0},{"damage_healed":0.0,"max_hp_gain":0.0,"max_hp_loss":0.0,"gold_gain":0.0,"event_name":"Masked Bandits","player_choice":"Fought Bandits","floor":22.0,"gold_loss":0.0,"damage_taken":0.0},{"cards_removed":["Choke"],"damage_healed":0.0,"max_hp_gain":0.0,"max_hp_loss":0.0,"gold_gain":0.0,"event_name":"Falling","player_choice":"Removed Attack","floor":36.0,"gold_loss":0.0,"damage_taken":0.0},{"damage_healed":0.0,"max_hp_gain":0.0,"max_hp_loss":0.0,"gold_gain":0.0,"event_name":"SensoryStone","player_choice":"Memory 3","floor":38.0,"gold_loss":0.0,"damage_taken":10.0},{"damage_healed":0.0,"max_hp_gain":0.0,"max_hp_loss":4.0,"gold_gain":0.0,"event_name":"Winding Halls","player_choice":"Max HP","floor":44.0,"gold_loss":0.0,"damage_taken":0.0}],"is_beta":false,"boss_relics":[{"not_picked":["Ectoplasm","Cursed Key"],"picked":"Sozu"},{"not_picked":["SacredBark","Velvet Choker"],"picked":"Snecko Eye"}],"items_purged_floors":[5,53],"is_endless":false,"potions_floor_spawned":[2,4,14,16,22,23,28,31,39,45],"killed_by":"The Heart","ascension_level":5}}