{"host":"uikxj58mzlixykyi","time":1609363555,"event":{"mods":["AchievementEnabler","BaseMod","BetterRewards","Colored Map","Colored Powertips","Downfall","Highlight Path","Minty Spire (QoL Compilation)","Rare Cards Sparkle","Replay The Spire","Shop Mod","StSLib"],"gold_per_floor":[99,154,154,329,329,213,258,258,258,258],"floor_reached":8,"playtime":160,"items_purged":["Doubt"],"score":46,"play_id":"1d8d0386-afe1-4a6a-a67d-77f27072d86a","local_time":"20201230232555","is_ascension_mode":true,"campfire_choices":[{"floor":1,"key":"DIG"}],"circlet_count":0,"master_deck":["Slimebound:Strike_Slimebound+1","Slimebound:Strike_Slimebound+1","Slimebound:Strike_Slimebound","Slimebound:Tackle","Slimebound:Defend_Slimebound","Slimebound:Defend_Slimebound","Slimebound:Defend_Slimebound","Slimebound:Defend_Slimebound","Slimebound:Split","Slimebound:CorrosiveSpit","Slimebound:SplitLeeching","Slimebound:SplitLeeching","Slimebound:ServeAndProtect+1","Slimebound:LeechLife","Doubt","Slimebound:WasteNot+1","Slimebound:RejuvenatingLick+1"],"relics":["Slimebound:AbsorbEndCombat","downfall:HeartsMalice","Whetstone","Quantum Egg","ReplayTheSpireMod:CursedCoin","War Paint"],"acts_visited":["Exordium"],"potions_floor_usage":[],"damage_taken":[{"damage":0,"enemies":"Cultist","floor":3,"turns":1},{"damage":0,"enemies":"Jaw Worm","floor":5,"turns":1},{"damage":0,"enemies":"downfall:FleeingMerchant","floor":6,"turns":1},{"damage":4,"enemies":"Lagavulin","floor":8,"turns":2}],"seed_played":"4576019756927108074","potions_obtained":[],"is_trial":false,"path_per_floor":["R_BF","?","M","?","M","$","T","E"],"character_chosen":"SLIMEBOUND","items_purchased":["ReplayTheSpireMod:CursedCoin","Slimebound:WasteNot+1","Slimebound:RejuvenatingLick"],"campfire_rested":0,"item_purchase_floors":[6,6,6],"current_hp_per_floor":[60,45,45,45,45,45,45,43,43,43],"gold":258,"neow_bonus":"THREE_ENEMY_KILL","is_daily":false,"chose_seed":false,"campfire_upgraded":0,"win_rate":0.0,"timestamp":1609363555,"path_taken":["R_BF","?","?","?","M","?","T","E"],"items_purchased_type":["Relic","Card","Card"],"build_version":"2020-12-22","purchased_purges":1,"victory":false,"max_hp_per_floor":[60,60,60,60,60,60,60,60,60,60],"card_choices":[{"not_picked":["Slimebound:SamplingLick","Slimebound:LeechEnergy"],"picked":"Slimebound:SplitLeeching","floor":2},{"not_picked":["Slimebound:LeechEnergy","Slimebound:ViciousTackle"],"picked":"Slimebound:SplitLeeching","floor":2},{"not_picked":["Slimebound:ForwardTackle","Slimebound:FlameTackle"],"picked":"Slimebound:ServeAndProtect","floor":3},{"not_picked":["Slimebound:SlimeBarrage","Slimebound:SlimeSpikes"],"picked":"Slimebound:LeechLife","floor":5},{"not_picked":["Slimebound:PressTheAttack","Slimebound:Recollect","Slimebound:AcidTongue"],"picked":"SKIP","floor":6}],"player_experience":73804,"relics_obtained":[{"floor":1,"key":"Whetstone"},{"floor":2,"key":"Quantum Egg"},{"floor":7,"key":"War Paint"}],"event_choices":[],"is_beta":false,"boss_relics":[],"items_purged_floors":[6],"is_endless":false,"potions_floor_spawned":[],"killed_by":"Lagavulin","ascension_level":3}}