{"host":"zpql4quw4g2j1hsh","time":1609319212,"event":{"mods":["Act Like it!","BaseMod","Better-Laid Plans","Challenge The Spire","Decade(王小明)","Highlight Path","Lobotomy","LobotomyExtend","Minty Spire (QoL Compilation)","Permanent Neow","Quick Restart","Relic Stats","Shop Mod","Spicy Shops","StSLib","SuperFastMode","Waifu the Spire","【遗物卡牌】REMEMod","篝火指南"],"gold_per_floor":[373,388,399,399,413,413,443,454,478,478,478,478,497,510,510,615,615,631,643,643,663,681,681,691,691,714,732,732,732,732,732],"floor_reached":28,"playtime":1358,"items_purged":[],"score":251,"play_id":"5287129d-b2a8-45c2-b21a-3b3f8f9e65c6","local_time":"20201230170652","is_ascension_mode":false,"campfire_choices":[],"circlet_count":0,"master_deck":["SpecialBullet","SpecialBullet","SpecialBullet","SpecialBullet","SpecialBullet","SpecialBullet","SpecialBullet","SpecialBullet","InformationCode","ExtractionCode","TrainingCode","Moonlight","GreenStem","Bloodbath","Scorched","OldLady","FieryBird","FeatherOfHonor+1","ScreamingWedge","PunishingBird","CentralCode","ParadiseLost","Adoration","Logging","BlackSwan_ego","SpecialBullet","LongBird","Lamp+3","Mimicry","SpecialBullet","DisciplinaryCode","Twilight","Rudolta","SecurityCode","REME_CRH"],"relics":["CogitoBucket","REME_ComplimentaryCards","LetterFromLob","Anchor","FleshIdol","Strawberry","ResearcherNote","Bag of Preparation"],"acts_visited":[],"potions_floor_usage":[],"damage_taken":[{"damage":11.0,"enemies":"Jaw Worm","floor":1.0,"turns":3.0},{"damage":0.0,"enemies":"Cultist","floor":2.0,"turns":4.0},{"damage":0.0,"enemies":"2 Louse","floor":3.0,"turns":3.0},{"damage":13.0,"enemies":"Red Slaver","floor":5.0,"turns":5.0},{"damage":36.0,"enemies":"Lagavulin","floor":7.0,"turns":6.0},{"damage":82.0,"enemies":"Looter","floor":8.0,"turns":10.0},{"damage":0.0,"enemies":"Exordium Wildlife","floor":13.0,"turns":5.0},{"damage":0.0,"enemies":"Large Slime","floor":14.0,"turns":6.0},{"damage":47.0,"enemies":"The Guardian","floor":16.0,"turns":11.0},{"damage":6.0,"enemies":"Chosen","floor":18.0,"turns":6.0},{"damage":218.0,"enemies":"Shell Parasite","floor":19.0,"turns":12.0},{"damage":24.0,"enemies":"Snake Plant","floor":21.0,"turns":5.0},{"damage":7.0,"enemies":"Centurion and Healer","floor":22.0,"turns":7.0},{"damage":30.0,"enemies":"Shelled Parasite and Fungi","floor":24.0,"turns":7.0},{"damage":55.0,"enemies":"Snecko","floor":27.0,"turns":6.0},{"damage":32,"enemies":"Snake Plant","floor":28,"turns":4},{"damage":132,"enemies":"Snake Plant","floor":28,"turns":4}],"seed_played":"456403707273899895","potions_obtained":[{"floor":3.0,"key":"SkillPotion"},{"floor":5.0,"key":"GamblersBrew"}],"is_trial":false,"path_per_floor":["M","M","M","?","M","R","E","M","T","R","?","R","M","M","R","B",null,"M","M","?","M","M","R","M","R","T","M","M"],"character_chosen":"Angela","items_purchased":[],"campfire_rested":0,"item_purchase_floors":[],"current_hp_per_floor":[59,59,70,70,70,70,70,70,77,77,77,77,77,77,77,77,77,77,77,77,53,77,77,47,47,47,77,38,0,0,0],"gold":732,"neow_bonus":"HUNDRED_GOLD","is_daily":false,"chose_seed":false,"campfire_upgraded":0,"win_rate":0.0,"timestamp":1609319212,"path_taken":["M","M","M","?","?","R","E","M","T","R","?","R","M","?","R","BOSS","M","M","?","M","M","R","M","R","T","M","M"],"items_purchased_type":[],"build_version":"2020-12-22","purchased_purges":0,"victory":false,"max_hp_per_floor":[70,70,70,70,70,70,70,70,77,77,77,77,77,77,77,77,77,77,77,77,77,77,77,77,77,77,77,77,77,77,77],"relic_stats":{"counters":[19,72],"Bag of Preparation":[4],"obtain_stats":[{"CogitoBucket":0,"Anchor":7,"Strawberry":9,"FleshIdol":8,"ResearcherNote":19,"LetterFromLob":1,"Bag of Preparation":26,"REME_ComplimentaryCards":0},{"CogitoBucket":0,"Anchor":5,"Strawberry":7,"FleshIdol":7,"ResearcherNote":13,"LetterFromLob":1,"Bag of Preparation":16,"REME_ComplimentaryCards":0},{"CogitoBucket":0,"Anchor":12,"Strawberry":21,"FleshIdol":21,"ResearcherNote":52,"LetterFromLob":2,"Bag of Preparation":65,"REME_ComplimentaryCards":0}]},"card_choices":[{"not_picked":["Tough"],"picked":"Moonlight","floor":1.0},{"not_picked":["Tough","Horn"],"picked":"SKIP","floor":1.0},{"not_picked":["Lantern"],"picked":"GreenStem","floor":2.0},{"not_picked":["MeatLantern","FairyFestival"],"picked":"Bloodbath","floor":2.0},{"not_picked":["Loneliness","Regret_ego"],"picked":"SKIP","floor":2.0},{"not_picked":["LittlePrince","OSAHOGD"],"picked":"Scorched","floor":3.0},{"not_picked":["Beak"],"picked":"Wingbeat","floor":3.0},{"not_picked":["Murderer","OSAHOGD"],"picked":"OldLady","floor":5.0},{"not_picked":["Lantern","RapturousDream"],"picked":"SKIP","floor":5.0},{"not_picked":["Funeral","SpiderBud"],"picked":"FieryBird","floor":7.0},{"not_picked":["Heaven"],"picked":"FeatherOfHonor","floor":7.0},{"not_picked":["Tough","GreenStem"],"picked":"SKIP","floor":7.0},{"not_picked":["WristCuter"],"picked":"ScreamingWedge","floor":8.0},{"not_picked":["RapturousDream","WristCuter"],"picked":"SKIP","floor":8.0},{"not_picked":["WallGazer","UniverseFragment","SingingMachine"],"picked":"Singing Bowl","floor":13.0},{"not_picked":["Tough","CUTE","Laetitia_ego"],"picked":"SKIP","floor":13.0},{"not_picked":["FairyFestival","Wellcheers"],"picked":"PunishingBird","floor":14.0},{"not_picked":["Wingbeat","TodaysExpression","RapturousDream"],"picked":"SKIP","floor":14.0},{"not_picked":["SomewhereSpear","Heaven","Lantern"],"picked":"SKIP","floor":14.0},{"not_picked":["HeroicMonk","Yin","CherryBlossoms"],"picked":"Singing Bowl","floor":16.0},{"not_picked":["Mimicry","Justitia"],"picked":"ParadiseLost","floor":16.0},{"not_picked":["SoundOfStar","Mimicry"],"picked":"Adoration","floor":16.0},{"not_picked":["BeautyBeast","FairyFestival","LaLuna"],"picked":"Singing Bowl","floor":18.0},{"not_picked":["Lantern","BloodyDesire+1"],"picked":"Logging","floor":18.0},{"not_picked":["FourthMatchFlame","Harmony","CUTE"],"picked":"SKIP","floor":18.0},{"not_picked":["CUTE","Beak"],"picked":"BlackSwan_ego","floor":19.0},{"not_picked":["Funeral","BeautyBeast","CrumblingArmor"],"picked":"Singing Bowl","floor":19.0},{"not_picked":["WhitesApple","CrumblingArmor"],"picked":"LongBird","floor":19.0},{"not_picked":["GrinderMk4","Noise"],"picked":"Lamp","floor":19.0},{"not_picked":["Regret_ego","Loneliness"],"picked":"Mimicry","floor":21.0},{"not_picked":["TheSmile","WristCuter","ShedSkin"],"picked":"SKIP","floor":21.0},{"not_picked":["Funeral","QueenBee","SpiderBud"],"picked":"Singing Bowl","floor":22.0},{"not_picked":["CherryBlossom+1","Lantern+1","Diffraction"],"picked":"SKIP","floor":22.0},{"not_picked":["SomewhereSpear","ShedSkin","Beak+1"],"picked":"SKIP","floor":22.0},{"not_picked":["Regret_ego+1","Horn"],"picked":"Twilight","floor":24.0},{"not_picked":["WallGazer","NakedNest"],"picked":"Rudolta","floor":24.0},{"not_picked":["Tough+1","TodaysExpression","ScreamingWedge+1"],"picked":"SKIP","floor":24.0},{"not_picked":["Yin","Woodsman","Alriune"],"picked":"Singing Bowl","floor":27.0},{"not_picked":["TodaysExpression+1","Penitence","GreenStem"],"picked":"SKIP","floor":27.0},{"not_picked":["Gaze+1","Tough+1","Loneliness"],"picked":"SKIP","floor":27.0}],"player_experience":35057,"relics_obtained":[{"floor":1.0,"key":"LetterFromLob"},{"floor":7.0,"key":"Anchor"},{"floor":9.0,"key":"Strawberry"},{"floor":26.0,"key":"Bag of Preparation"}],"event_choices":[{"cards_removed":["Wingbeat"],"damage_healed":0.0,"max_hp_gain":0.0,"max_hp_loss":0.0,"gold_gain":0.0,"event_name":"Purifier","player_choice":"Purged","floor":4.0,"gold_loss":0.0,"damage_taken":0.0},{"damage_healed":0.0,"max_hp_gain":0.0,"max_hp_loss":0.0,"gold_gain":0.0,"event_name":"Upgrade Shrine","player_choice":"Upgraded","floor":11.0,"gold_loss":0.0,"damage_taken":0.0,"cards_upgraded":["FeatherOfHonor"]},{"damage_healed":0.0,"max_hp_gain":0.0,"max_hp_loss":0.0,"gold_gain":0.0,"event_name":"Vampires","player_choice":"Ignored","floor":20.0,"gold_loss":0.0,"damage_taken":0.0}],"is_beta":false,"boss_relics":[{"not_picked":["Fusion Hammer","Astrolabe","REME_DemonsWealth"]}],"items_purged_floors":[],"is_endless":false,"potions_floor_spawned":[3,5],"killed_by":"Snake Plant","ascension_level":0}}