{"host":"cz3p2o9n3b1gdmkz","time":1609310127,"event":{"mods":["AchievementEnabler","BaseMod","CapriCore","GungeonMod","Hermit","Lobotomy","Minty Spire (QoL Compilation)","Replay The Spire","Shop Mod","StSLib","SuperFastMode","The Cursed","The Dragon Tamer","The Gatherer","The Jungle","The Poker Player","The Runesmith"],"gold_per_floor":[113,130,130,130,55,55,86,86,86,96,96,96,21,33,33,33,33,33],"floor_reached":16,"playtime":333,"items_purged":["Gatherer:Defend_Gatherer"],"score":191,"play_id":"c82f10ac-f1e9-49c6-8724-a0bb491c4631","local_time":"20201230153527","is_ascension_mode":true,"metric_token":1117,"campfire_choices":[{"data":"Gatherer:FlowerWhip+1","floor":6,"key":"SMITH"},{"floor":8,"key":"REST"},{"floor":15,"key":"REST"}],"circlet_count":0,"master_deck":["AscendersBane","Gatherer:Strike_Gatherer","Gatherer:Strike_Gatherer","Gatherer:Strike_Gatherer","Gatherer:Strike_Gatherer","Gatherer:Defend_Gatherer","Gatherer:Defend_Gatherer","Gatherer:Defend_Gatherer","Gatherer:Centralize","Gatherer:FlowerWhip+2","Gatherer:Photoscythe+1","Gatherer:QuickSynthesis"],"relics":["Gatherer:AlchemyBag","Mirror","ReplayFunnel","Lantern"],"acts_visited":["Exordium"],"potions_floor_usage":[7,16],"damage_taken":[{"damage":4.0,"enemies":"Jaw Worm","floor":1.0,"turns":4.0},{"damage":0.0,"enemies":"Small Slimes","floor":2.0,"turns":3.0},{"damage":41,"enemies":"Gremlin Nob","floor":7,"turns":6},{"damage":0,"enemies":"2 Louse","floor":10,"turns":2},{"damage":0,"enemies":"Gremlin Gang","floor":14,"turns":2},{"damage":44,"enemies":"Slime Boss","floor":16,"turns":6}],"seed_played":"4058863382351135757","potions_obtained":[{"floor":1.0,"key":"DemoMod:BlankPotion"},{"floor":10,"key":"LiquidBronze"}],"is_trial":false,"path_per_floor":["M","M","?","?","?","R","E","R","T","M","?","?","$","M","R","B"],"character_chosen":"THE_GATHERER","items_purchased":[],"campfire_rested":2,"item_purchase_floors":[],"current_hp_per_floor":[56,56,49,49,49,49,8,28,28,28,23,23,23,23,43,0,0,0],"gold":33,"neow_bonus":"RANDOM_EVENT","is_daily":false,"chose_seed":false,"campfire_upgraded":1,"win_rate":0.0,"timestamp":1609310127,"path_taken":["M","M","?","?","?","R","E","R","T","M","?","?","$","?","R","BOSS"],"items_purchased_type":[],"build_version":"2020-12-22","purchased_purges":1,"victory":false,"max_hp_per_floor":[67,67,67,67,67,67,67,67,67,67,67,67,67,67,67,67,67,67],"card_choices":[{"not_picked":["Gatherer:SmartManeuver","Gatherer:ScentOfRosmari","Gatherer:SaveValuables"],"picked":"SKIP","floor":1.0},{"not_picked":["Gatherer:FragileHammer","Gatherer:AcidicSpray","Gatherer:RottenStipe"],"picked":"SKIP","floor":2.0},{"not_picked":["Gatherer:WoolGloves","Gatherer:FlowerPower"],"picked":"Gatherer:Photoscythe","floor":7},{"not_picked":["Gatherer:WitheringStrike","Gatherer:BambuSword","Gatherer:TreeGrowth"],"picked":"SKIP","floor":10},{"not_picked":["Gatherer:Misfortune","Gatherer:EnergyBasket"],"picked":"Gatherer:QuickSynthesis","floor":14}],"player_experience":1060183,"relics_obtained":[{"floor":7,"key":"Mirror"},{"floor":9,"key":"ReplayFunnel"}],"event_choices":[{"damage_healed":0.0,"max_hp_gain":0.0,"max_hp_loss":0.0,"gold_gain":0.0,"event_name":"Living Wall","player_choice":"Grow","floor":0.0,"gold_loss":0.0,"damage_taken":0.0,"cards_upgraded":["Gatherer:FlowerWhip"]},{"cards_removed":["Gatherer:Defend_Gatherer"],"damage_healed":0.0,"max_hp_gain":0.0,"max_hp_loss":0.0,"gold_gain":0.0,"event_name":"Golden Wing","player_choice":"Card Removal","floor":3.0,"gold_loss":0.0,"damage_taken":7.0},{"cards_removed":["Gatherer:Strike_Gatherer"],"damage_healed":0,"gold_gain":0,"player_choice":"Card Removal","damage_taken":0,"max_hp_gain":0,"max_hp_loss":0,"event_name":"The Cleric","floor":5,"gold_loss":75},{"damage_healed":0,"gold_gain":0,"player_choice":"Success","damage_taken":5,"relics_obtained":["Lantern"],"max_hp_gain":0,"max_hp_loss":0,"event_name":"Scrap Ooze","floor":11,"gold_loss":0},{"damage_healed":0,"gold_gain":0,"player_choice":"Upgraded","damage_taken":0,"max_hp_gain":0,"max_hp_loss":0,"event_name":"Upgrade Shrine","floor":12,"gold_loss":0,"cards_upgraded":["Gatherer:Photoscythe"]}],"is_beta":false,"boss_relics":[],"items_purged_floors":[13],"is_endless":false,"potions_floor_spawned":[1,10],"killed_by":"Slime Boss","ascension_level":19}}