{"host":"3jpwrwmmgyabjceh","time":1609354445,"event":{"mods":["AchievementEnabler","BaseMod","Colored Map","Colored Powertips","Highlight Path","Minty Spire (QoL Compilation)","Quick Restart","Relic Stats","StSLib","SuperFastMode"],"gold_per_floor":[111,125,142,92,92,92,128,128,128,166,187,262,262,277,277,277,277],"floor_reached":16,"playtime":321,"items_purged":[],"score":127,"play_id":"1fe56df5-d050-4274-9661-5c9ec5a8cdc1","local_time":"20201230215405","is_ascension_mode":true,"campfire_choices":[{"data":"Bash","floor":6.0,"key":"SMITH"},{"floor":8.0,"key":"REST"},{"floor":13.0,"key":"REST"},{"data":"Sword Boomerang","floor":15,"key":"SMITH"}],"circlet_count":0,"master_deck":["Strike_R","Strike_R","Strike_R","Strike_R","Defend_R","Defend_R","Defend_R","Defend_R","Bash+1","Sword Boomerang+1","Heavy Blade","Shrug It Off","Feed","Bludgeon","Bloodletting","Shrug It Off"],"relics":["Velvet Choker","Golden Idol","Letter Opener","Mummified Hand"],"acts_visited":["Exordium"],"potions_floor_usage":[],"damage_taken":[{"damage":7.0,"enemies":"Jaw Worm","floor":1.0,"turns":3.0},{"damage":5.0,"enemies":"2 Louse","floor":2.0,"turns":3.0},{"damage":0.0,"enemies":"Small Slimes","floor":3.0,"turns":2.0},{"damage":22.0,"enemies":"Gremlin Nob","floor":7.0,"turns":4.0},{"damage":17.0,"enemies":"Lagavulin","floor":10.0,"turns":5.0},{"damage":7.0,"enemies":"Exordium Wildlife","floor":11.0,"turns":4.0},{"damage":6,"enemies":"Looter","floor":14,"turns":2},{"damage":51,"enemies":"Slime Boss","floor":16,"turns":6}],"seed_played":"-656446241951523681","potions_obtained":[{"floor":1.0,"key":"CultistPotion"},{"floor":10.0,"key":"ColorlessPotion"},{"floor":14,"key":"Weak Potion"}],"is_trial":false,"path_per_floor":["M","M","M","?","?","R","E","R","T","E","M","?","R","M","R","B"],"character_chosen":"IRONCLAD","items_purchased":[],"campfire_rested":2,"item_purchase_floors":[],"current_hp_per_floor":[73,68,68,68,68,68,46,68,68,51,44,33,55,49,49,0,0],"gold":277,"neow_bonus":"BOSS_RELIC","is_daily":false,"chose_seed":false,"campfire_upgraded":2,"win_rate":0.0,"timestamp":1609354445,"path_taken":["M","M","M","?","?","R","E","R","T","E","M","?","R","M","R","BOSS"],"items_purchased_type":[],"build_version":"2020-12-22","purchased_purges":0,"victory":false,"max_hp_per_floor":[80,80,80,80,74,74,74,74,74,74,74,74,74,74,74,74,74],"relic_stats":{"counters":[8,29],"Golden Idol":22,"Mummified Hand":[0],"Letter Opener":[0],"obtain_stats":[{"Golden Idol":5,"Mummified Hand":10,"Velvet Choker":0,"Letter Opener":7,"Burning Blood":0},{"Golden Idol":3,"Mummified Hand":5,"Velvet Choker":0,"Letter Opener":4,"Burning Blood":0},{"Golden Idol":8,"Mummified Hand":17,"Velvet Choker":0,"Letter Opener":12,"Burning Blood":0}]},"card_choices":[{"not_picked":["Combust","Dual Wield"],"picked":"Sword Boomerang","floor":1.0},{"not_picked":["Twin Strike","Anger"],"picked":"Heavy Blade","floor":2.0},{"not_picked":["Havoc","Warcry"],"picked":"Shrug It Off","floor":3.0},{"not_picked":["Second Wind","Anger"],"picked":"Feed","floor":7.0},{"not_picked":["Hemokinesis","Perfected Strike"],"picked":"Bludgeon","floor":10.0},{"not_picked":["Perfected Strike","Iron Wave"],"picked":"Bloodletting","floor":11.0},{"not_picked":["Cleave","Metallicize"],"picked":"Shrug It Off","floor":14}],"player_experience":228707,"relics_obtained":[{"floor":7.0,"key":"Letter Opener"},{"floor":10.0,"key":"Mummified Hand"}],"event_choices":[{"cards_removed":["Strike_R"],"damage_healed":0.0,"max_hp_gain":0.0,"max_hp_loss":0.0,"gold_gain":0.0,"event_name":"The Cleric","player_choice":"Card Removal","floor":4.0,"gold_loss":50.0,"damage_taken":0.0},{"damage_healed":0.0,"max_hp_gain":0.0,"max_hp_loss":6.0,"gold_gain":0.0,"event_name":"Golden Idol","player_choice":"Lose Max HP","floor":5.0,"gold_loss":0.0,"damage_taken":0.0,"relics_obtained":["Golden Idol"]},{"damage_healed":0.0,"max_hp_gain":0.0,"max_hp_loss":0.0,"gold_gain":75.0,"event_name":"World of Goop","player_choice":"Gather Gold","floor":12.0,"gold_loss":0.0,"damage_taken":11.0}],"is_beta":false,"boss_relics":[],"items_purged_floors":[],"is_endless":false,"potions_floor_spawned":[1,10,14],"killed_by":"Slime Boss","ascension_level":3}}