{"host":"2lrkmsuh7nz013qb","time":1609311497,"event":{"mods":["BaseMod","Colored Map","DeckTracker","Minty Spire (QoL Compilation)","SuperFastMode","everything is the same but u backflip on backflip"],"gold_per_floor":[217,217,267,280,296,296,327,327,375,375,525,536,265,276,276,347,347,359,359,379,279,279,279,304,304,304,91,103,135,145,70,70,148,148,168,178,178,20,20,20,36,36,36],"floor_reached":42,"playtime":1643,"items_purged":["Doubt","Defend_G","Strike_G+1"],"score":1218,"play_id":"87728c1a-6b23-4da6-8612-3fab8a70787b","local_time":"20201230155817","is_ascension_mode":true,"campfire_choices":[{"data":"Deadly Poison","floor":6,"key":"SMITH"},{"data":"Neutralize","floor":8,"key":"SMITH"},{"floor":10,"key":"REST"},{"data":"Deadly Poison","floor":15,"key":"SMITH"},{"floor":23,"key":"REST"},{"floor":25,"key":"REST"},{"floor":32,"key":"REST"},{"data":"Tactician","floor":40,"key":"SMITH"}],"circlet_count":0,"master_deck":["AscendersBane","Defend_G+1","Defend_G+1","Defend_G+1","Defend_G+1","Survivor","Neutralize+1","Deadly Poison+1","Deadly Poison+1","PiercingWail","Prepared","Corpse Explosion","Outmaneuver","Tools of the Trade","Tools of the Trade","Reflex","Outmaneuver","Tactician+1","After Image","Acrobatics","PiercingWail","Acrobatics","Burst","Madness","Madness","Acrobatics"],"relics":["Ring of the Snake","Regal Pillow","Dream Catcher","Art of War","Black Star","Blood Vial","Snake Skull","Bag of Preparation","Juzu Bracelet","Sundial","Coffee Dripper","MealTicket"],"acts_visited":["Exordium","TheCity","TheBeyond"],"potions_floor_usage":[7,24,33,36],"damage_taken":[{"damage":8,"enemies":"Small Slimes","floor":1,"turns":4},{"damage":0,"enemies":"Cultist","floor":4,"turns":4},{"damage":0,"enemies":"2 Louse","floor":5,"turns":2},{"damage":25,"enemies":"Lagavulin","floor":7,"turns":5},{"damage":6,"enemies":"2 Fungi Beasts","floor":12,"turns":3},{"damage":20,"enemies":"Exordium Thugs","floor":14,"turns":6},{"damage":18,"enemies":"The Guardian","floor":16,"turns":9},{"damage":15,"enemies":"3 Byrds","floor":18,"turns":4},{"damage":12,"enemies":"2 Thieves","floor":20,"turns":3},{"damage":56,"enemies":"Gremlin Leader","floor":24,"turns":8},{"damage":0,"enemies":"Snake Plant","floor":28,"turns":5},{"damage":24,"enemies":"Book of Stabbing","floor":29,"turns":8},{"damage":0,"enemies":"Snecko","floor":30,"turns":6},{"damage":37,"enemies":"Champ","floor":33,"turns":12},{"damage":24,"enemies":"3 Darklings","floor":35,"turns":6},{"damage":5,"enemies":"3 Shapes","floor":36,"turns":4},{"damage":5,"enemies":"Spire Growth","floor":41,"turns":7},{"damage":29,"enemies":"Nemesis","floor":42,"turns":3}],"seed_played":"-4968253934850961652","potions_obtained":[{"floor":4,"key":"AttackPotion"},{"floor":14,"key":"AttackPotion"},{"floor":20,"key":"LiquidMemories"},{"floor":29,"key":"SteroidPotion"},{"floor":33,"key":"Explosive Potion"},{"floor":36,"key":"FearPotion"}],"is_trial":false,"path_per_floor":["M","?","?","M","M","R","E","R","T","R","?","M","$","M","R","B",null,"M","?","M","$","?","R","E","R","T","$","M","E","M","?","R","B",null,"M","M","?","$","?","R","M","E"],"character_chosen":"THE_SILENT","items_purchased":["Art of War","Prepared","Tactician","MealTicket"],"campfire_rested":4,"item_purchase_floors":[13,13,27,38],"current_hp_per_floor":[51,44,44,44,44,44,19,19,19,53,53,47,47,27,27,9,52,37,37,25,25,25,59,3,37,37,37,39,17,19,19,53,18,54,32,29,17,17,17,17,14,0,0],"gold":36,"neow_bonus":"HUNDRED_GOLD","is_daily":false,"chose_seed":false,"campfire_upgraded":4,"win_rate":0.0,"timestamp":1609311497,"path_taken":["M","?","?","M","?","R","E","R","T","R","?","M","$","M","R","BOSS","M","?","M","$","?","R","E","R","T","$","M","E","M","?","R","BOSS","M","M","?","$","?","R","M","E"],"items_purchased_type":["Relic","Card","Card","Relic"],"build_version":"2020-12-22","purchased_purges":3,"victory":false,"max_hp_per_floor":[66,66,66,66,66,66,66,66,66,66,66,66,66,66,66,66,66,66,66,66,66,66,66,66,66,66,66,66,66,66,66,66,66,66,66,66,66,66,66,66,66,66,66],"card_choices":[{"not_picked":["Flying Knee","Accuracy"],"picked":"Dagger Throw","floor":1},{"not_picked":["Sucker Punch","Slice"],"picked":"Deadly Poison","floor":4},{"not_picked":["Accuracy","Predator","Cloak And Dagger"],"picked":"SKIP","floor":5},{"not_picked":["Accuracy","Predator","Cloak And Dagger"],"picked":"SKIP","floor":5},{"not_picked":["Cloak And Dagger","Quick Slash","Envenom"],"picked":"SKIP","floor":7},{"not_picked":["Blade Dance","Backflip"],"picked":"Deadly Poison","floor":10},{"not_picked":["Deadly Poison","Flying Knee"],"picked":"PiercingWail","floor":12},{"not_picked":["Slice","Sucker Punch","Predator"],"picked":"SKIP","floor":14},{"not_picked":["Bullet Time","Night Terror"],"picked":"Corpse Explosion","floor":16},{"not_picked":["Dagger Throw","Deadly Poison"],"picked":"Outmaneuver","floor":18},{"not_picked":["Blade Dance","Dagger Spray","Flying Knee"],"picked":"SKIP","floor":20},{"not_picked":["Deadly Poison","Prepared"],"picked":"Reflex","floor":23},{"not_picked":["Endless Agony","Underhanded Strike"],"picked":"Outmaneuver","floor":24},{"not_picked":["Acrobatics","Concentrate+1"],"picked":"After Image","floor":28},{"not_picked":["Quick Slash","Leg Sweep"],"picked":"Acrobatics","floor":29},{"not_picked":["Escape Plan","Bane"],"picked":"PiercingWail","floor":30},{"not_picked":["PiercingWail+1","Flying Knee"],"picked":"Acrobatics","floor":32},{"not_picked":["Bullet Time","Unload"],"picked":"Burst","floor":33},{"not_picked":["Deflect","All Out Attack","Prepared"],"picked":"SKIP","floor":35},{"not_picked":["Poisoned Stab","Tools of the Trade","Blade Dance"],"picked":"SKIP","floor":36},{"not_picked":["Backflip","Sucker Punch+1"],"picked":"Acrobatics","floor":41}],"player_experience":705100,"relics_obtained":[{"floor":7,"key":"Regal Pillow"},{"floor":9,"key":"Dream Catcher"},{"floor":24,"key":"Blood Vial"},{"floor":24,"key":"Snake Skull"},{"floor":26,"key":"Bag of Preparation"},{"floor":29,"key":"Juzu Bracelet"},{"floor":29,"key":"Sundial"}],"event_choices":[{"cards_removed":["Strike_G"],"damage_healed":0,"gold_gain":0,"player_choice":"Card Removal","damage_taken":7,"max_hp_gain":0,"max_hp_loss":0,"event_name":"Golden Wing","floor":2,"gold_loss":0},{"damage_healed":0,"gold_gain":50,"player_choice":"Pray","damage_taken":0,"max_hp_gain":0,"max_hp_loss":0,"event_name":"Golden Shrine","floor":3,"gold_loss":0},{"damage_healed":0,"gold_gain":150,"player_choice":"AGREE","damage_taken":0,"max_hp_gain":0,"max_hp_loss":0,"event_name":"Liars Game","floor":11,"gold_loss":0,"cards_obtained":["Doubt"]},{"damage_healed":0,"gold_gain":0,"cards_transformed":["Strike_G","Strike_G"],"player_choice":"Became Test Subject","damage_taken":0,"max_hp_gain":0,"max_hp_loss":0,"event_name":"Drug Dealer","floor":19,"gold_loss":0,"cards_obtained":["Tools of the Trade","Tools of the Trade"]},{"damage_healed":0,"gold_gain":0,"player_choice":"Simplicity","damage_taken":0,"max_hp_gain":0,"max_hp_loss":0,"event_name":"Back to Basics","floor":22,"gold_loss":0,"cards_upgraded":["Strike_G","Strike_G","Defend_G","Defend_G","Defend_G","Defend_G"]},{"cards_removed":["Strike_G"],"damage_healed":0,"gold_gain":0,"player_choice":"Gave Gold","damage_taken":0,"max_hp_gain":0,"max_hp_loss":0,"event_name":"Beggar","floor":31,"gold_loss":75},{"damage_healed":0,"gold_gain":0,"player_choice":"Embrace Madness","damage_taken":12,"max_hp_gain":0,"max_hp_loss":0,"event_name":"Winding Halls","floor":37,"gold_loss":0,"cards_obtained":["Madness","Madness"]},{"cards_removed":["Dagger Throw"],"damage_healed":0,"gold_gain":0,"player_choice":"Removed Attack","damage_taken":0,"max_hp_gain":0,"max_hp_loss":0,"event_name":"Falling","floor":39,"gold_loss":0}],"is_beta":false,"boss_relics":[{"not_picked":["Runic Pyramid","Philosopher\u0027s Stone"],"picked":"Black Star"},{"not_picked":["Busted Crown","WristBlade"],"picked":"Coffee Dripper"}],"items_purged_floors":[13,21,27],"is_endless":false,"potions_floor_spawned":[4,14,20,29,33,36],"killed_by":"Nemesis","ascension_level":20}}