{"host":"kpyoctgc7jne3jiy","time":1609337818,"event":{"mods":["AchievementEnabler","BaseMod","Minty Spire (QoL Compilation)","Relic Stats"],"gold_per_floor":[111,124,138,153,163,163,176,190,190,204,204,239,239,189,189,286,286,298,298,314,326,66,97,97,113,113,126,126,126,126],"floor_reached":29,"playtime":1089,"items_purged":[],"score":391,"play_id":"9cfdbcfa-7f21-41b3-bf7e-0367fffaaae1","local_time":"20201230151658","is_ascension_mode":true,"campfire_choices":[{"data":"Carnage","floor":6,"key":"SMITH"},{"data":"Flame Barrier","floor":11,"key":"SMITH"},{"data":"Spot Weakness","floor":13,"key":"SMITH"},{"data":"Impervious","floor":15,"key":"SMITH"},{"data":"Corruption","floor":24,"key":"SMITH"},{"data":"Flame Barrier","floor":28,"key":"SMITH"}],"circlet_count":0,"master_deck":["Strike_R","Strike_R","Defend_R","Defend_R","Defend_R","Defend_R","Bash","Heavy Blade","Clothesline","Spot Weakness+1","Carnage+1","Flame Barrier+1","Impervious+1","Anger","Corruption+1","Corruption+1","Dropkick+1","Thunderclap+1","Metallicize","Cleave","Havoc","Sentinel","Demon Form","Dark Embrace","Flame Barrier+1"],"relics":["Coffee Dripper","Happy Flower","Orichalcum","Astrolabe","Kunai","Mummified Hand","Molten Egg 2"],"acts_visited":["Exordium","TheCity"],"potions_floor_usage":[12,16,23,23],"damage_taken":[{"damage":0,"enemies":"Cultist","floor":1,"turns":3},{"damage":2,"enemies":"Jaw Worm","floor":2,"turns":3},{"damage":2,"enemies":"Small Slimes","floor":3,"turns":3},{"damage":22,"enemies":"Exordium Wildlife","floor":4,"turns":5},{"damage":12,"enemies":"3 Louse","floor":5,"turns":4},{"damage":35,"enemies":"Gremlin Gang","floor":7,"turns":3},{"damage":2,"enemies":"2 Fungi Beasts","floor":8,"turns":3},{"damage":0,"enemies":"Red Slaver","floor":10,"turns":3},{"damage":0,"enemies":"Lagavulin","floor":12,"turns":5},{"damage":0,"enemies":"Slime Boss","floor":16,"turns":9},{"damage":7,"enemies":"3 Byrds","floor":18,"turns":4},{"damage":16,"enemies":"Spheric Guardian","floor":20,"turns":4},{"damage":11,"enemies":"3 Cultists","floor":21,"turns":4},{"damage":27,"enemies":"Slavers","floor":23,"turns":5},{"damage":12,"enemies":"Shelled Parasite and Fungi","floor":25,"turns":6},{"damage":6,"enemies":"Snake Plant","floor":27,"turns":3},{"damage":5,"enemies":"Sentry and Sphere","floor":29,"turns":3}],"seed_played":"8668054595236717555","potions_obtained":[{"floor":2,"key":"Energy Potion"},{"floor":4,"key":"Dexterity Potion"},{"floor":7,"key":"SkillPotion"},{"floor":16,"key":"ElixirPotion"},{"floor":18,"key":"BlessingOfTheForge"},{"floor":21,"key":"Strength Potion"},{"floor":25,"key":"FearPotion"},{"floor":27,"key":"Explosive Potion"}],"is_trial":false,"path_per_floor":["M","M","M","M","M","R","M","M","T","M","R","E","R","?","R","B",null,"M","?","M","M","$","E","R","M","T","M","R","M"],"character_chosen":"IRONCLAD","items_purchased":["Kunai"],"campfire_rested":0,"item_purchase_floors":[22],"current_hp_per_floor":[80,78,76,54,42,42,7,5,5,5,5,5,5,5,5,5,80,73,73,57,46,46,19,19,7,7,1,1,0,0],"gold":126,"neow_bonus":"BOSS_RELIC","is_daily":false,"chose_seed":false,"campfire_upgraded":6,"win_rate":0.0,"timestamp":1609337818,"path_taken":["M","?","M","M","M","R","M","M","T","M","R","E","R","?","R","BOSS","M","?","M","M","$","E","R","M","T","M","R","?"],"items_purchased_type":["Relic"],"build_version":"2020-12-22","purchased_purges":0,"victory":false,"max_hp_per_floor":[80,80,80,80,80,80,80,80,80,80,80,80,80,80,80,80,80,80,80,80,80,80,80,80,80,80,80,80,80,80],"relic_stats":{"Happy Flower":[15],"counters":[17,70],"Mummified Hand":[12],"Astrolabe":["Corruption","Dropkick","Thunderclap"],"Kunai":[6],"Orichalcum":[42],"obtain_stats":[{"Happy Flower":9,"Mummified Hand":23,"Astrolabe":17,"Molten Egg 2":26,"Coffee Dripper":0,"Kunai":22,"Orichalcum":12,"Burning Blood":0},{"Happy Flower":7,"Mummified Hand":14,"Astrolabe":10,"Molten Egg 2":15,"Coffee Dripper":0,"Kunai":13,"Orichalcum":9,"Burning Blood":0},{"Happy Flower":24,"Mummified Hand":58,"Astrolabe":41,"Molten Egg 2":64,"Coffee Dripper":0,"Kunai":53,"Orichalcum":32,"Burning Blood":0}]},"card_choices":[{"not_picked":["Combust","Anger"],"picked":"Heavy Blade","floor":1},{"not_picked":["Twin Strike","Seeing Red","Combust"],"picked":"SKIP","floor":2},{"not_picked":["Shrug It Off","Burning Pact"],"picked":"Clothesline","floor":3},{"not_picked":["Dark Embrace","Twin Strike"],"picked":"Spot Weakness","floor":4},{"not_picked":["Pummel","Armaments"],"picked":"Carnage","floor":5},{"not_picked":["Perfected Strike","Heavy Blade"],"picked":"Flame Barrier","floor":7},{"not_picked":["Reckless Charge","Entrench"],"picked":"Impervious","floor":8},{"not_picked":["Carnage","Heavy Blade","Searing Blow"],"picked":"SKIP","floor":10},{"not_picked":["Thunderclap","Warcry"],"picked":"Anger","floor":12},{"not_picked":["Fiend Fire","Offering"],"picked":"Corruption","floor":16},{"not_picked":["Warcry","Inflame"],"picked":"Metallicize","floor":18},{"not_picked":["Wild Strike","Twin Strike+1"],"picked":"Havoc","floor":20},{"not_picked":["Twin Strike","Clothesline"],"picked":"Sentinel","floor":21},{"not_picked":["Armaments","Infernal Blade"],"picked":"Demon Form","floor":23},{"not_picked":["Twin Strike","Havoc+1"],"picked":"Dark Embrace","floor":25},{"not_picked":["Perfected Strike+1","Pommel Strike+1"],"picked":"Flame Barrier","floor":27}],"player_experience":262924,"relics_obtained":[{"floor":9,"key":"Happy Flower"},{"floor":12,"key":"Orichalcum"},{"floor":23,"key":"Mummified Hand"},{"floor":26,"key":"Molten Egg 2"}],"event_choices":[{"damage_healed":0,"gold_gain":0,"player_choice":"Left Gold","damage_taken":0,"max_hp_gain":0,"max_hp_loss":0,"event_name":"World of Goop","floor":14,"gold_loss":50},{"damage_healed":0,"gold_gain":0,"player_choice":"1 cards matched","damage_taken":0,"max_hp_gain":0,"max_hp_loss":0,"event_name":"Match and Keep!","floor":19,"gold_loss":0,"cards_obtained":["Cleave"]}],"is_beta":false,"boss_relics":[{"not_picked":["Black Star","SlaversCollar"],"picked":"Astrolabe"}],"items_purged_floors":[],"is_endless":false,"potions_floor_spawned":[2,4,7,10,16,18,21,25,27],"killed_by":"Sentry and Sphere","ascension_level":4}}