{"host":"er8s5flrc5z1a07t","time":1609289418,"event":{"mods":["2.2 Compatiblity","Act Like it!","Bard","BaseMod","Better Note","Better Third Choice","Downfall","Duelist Mod","Elementarium","Energized Spire","GifTheSpireLib","Hermit","Hubris","Infinite Spire","Minty Spire (QoL Compilation)","Relic Stats","Replay The Spire","Shop Mod","StSLib","Stuff the Spire","Synergy Search","The Cursed","The Disciple","The Mystic"],"gold_per_floor":[114,114,124,138,138,138,173,40,66,66,88,247,247,2,2,2,2],"floor_reached":16,"playtime":358,"items_purged":[],"score":196,"play_id":"432f9565-5118-4f0f-86f6-de9e7a56f0a1","local_time":"20201229195018","is_ascension_mode":true,"campfire_choices":[{"data":"TheCursedMod:CursedWand","floor":6,"key":"SMITH"},{"floor":10,"key":"REST"},{"floor":13,"key":"REST"},{"data":"TheCursedMod:LuckyCharm","floor":15,"key":"SMITH"}],"circlet_count":0,"master_deck":["AscendersBane","TheCursedMod:Strike_TheCursed","TheCursedMod:Strike_TheCursed","TheCursedMod:Strike_TheCursed","TheCursedMod:Strike_TheCursed","TheCursedMod:Defend_TheCursed","TheCursedMod:Defend_TheCursed","TheCursedMod:Defend_TheCursed+1","TheCursedMod:Defend_TheCursed","TheCursedMod:CursedWand+1","TheCursedMod:CleanUpWorkshop","TheCursedMod:Dregs","Guardian:Aged","TheCursedMod:WearCloak","TheCursedMod:FleshFromBone","TheCursedMod:CursedShiv","TheCursedMod:CursedMace","TheCursedMod:LuckyCharm+1","TheCursedMod:ReleasedStrength+1","TheCursedMod:TacticalStrike","Doubt","TheCursedMod:SpitefulPlan","TheCursedMod:Obscuration"],"relics":["TheCursedMod:BlackMagic101","StuffTheSpire:Nightcore","StuffTheSpire:GrapeVine","CeramicFish","Oddly Smooth Stone","Strawberry"],"acts_visited":["Exordium"],"potions_floor_usage":[],"damage_taken":[{"damage":9,"enemies":"2 Louse","floor":1,"turns":2},{"damage":1,"enemies":"Jaw Worm","floor":3,"turns":3},{"damage":0,"enemies":"Small Slimes","floor":4,"turns":4},{"damage":44,"enemies":"Lagavulin","floor":7,"turns":9},{"damage":2,"enemies":"Blue Slaver","floor":11,"turns":3},{"damage":57,"enemies":"Slime Boss","floor":16,"turns":6}],"seed_played":"8182037573827907090","potions_obtained":[{"floor":7,"key":"Ancient Potion"},{"floor":11,"key":"sneckomod:MuddlingPotion"}],"is_trial":false,"path_per_floor":["M","?","M","M","T","R","E","$","T","R","M","?","R","$","R","B"],"character_chosen":"THE_CURSED","items_purchased":["TheCursedMod:LuckyCharm","TheCursedMod:ReleasedStrength+1","TheCursedMod:SpitefulPlan","TheCursedMod:Obscuration","Strawberry"],"campfire_rested":2,"item_purchase_floors":[8,8,14,14,14],"current_hp_per_floor":[55,55,54,54,54,54,10,10,10,31,29,29,50,57,57,0,0],"gold":2,"neow_bonus":"ONE_RARE_RELIC","is_daily":false,"chose_seed":false,"campfire_upgraded":2,"win_rate":0.0,"timestamp":1609289418,"path_taken":["M","?","M","M","?","R","E","?","T","R","M","?","R","$","R","BOSS"],"items_purchased_type":["Card","Card","Card","Card","Relic"],"build_version":"2020-12-22","purchased_purges":0,"victory":false,"max_hp_per_floor":[71,71,71,71,71,71,71,71,71,71,71,71,71,78,78,78,78],"relic_stats":{"counters":[6,27],"CeramicFish":63,"obtain_stats":[{"TheCursedMod:BlackMagic101":0,"CeramicFish":7,"Strawberry":14,"Oddly Smooth Stone":9,"StuffTheSpire:GrapeVine":5,"StuffTheSpire:Nightcore":0},{"TheCursedMod:BlackMagic101":0,"CeramicFish":4,"Strawberry":5,"Oddly Smooth Stone":4,"StuffTheSpire:GrapeVine":3,"StuffTheSpire:Nightcore":0},{"TheCursedMod:BlackMagic101":0,"CeramicFish":18,"Strawberry":21,"Oddly Smooth Stone":18,"StuffTheSpire:GrapeVine":9,"StuffTheSpire:Nightcore":0}]},"card_choices":[{"not_picked":["TheCursedMod:CircleOfBlood","TheCursedMod:RavingStaff"],"picked":"TheCursedMod:WearCloak","floor":1},{"not_picked":["TheCursedMod:SurpriseAttack","TheCursedMod:ReleasedStrength"],"picked":"TheCursedMod:FleshFromBone","floor":3},{"not_picked":["TheCursedMod:SoulReap","TheCursedMod:Hemoplague"],"picked":"TheCursedMod:CursedShiv","floor":4},{"not_picked":["TheCursedMod:CircleOfWindfury","TheCursedMod:Stigma"],"picked":"TheCursedMod:CursedMace","floor":7},{"not_picked":["TheCursedMod:CursedAmulet","TheCursedMod:SpitefulStrike"],"picked":"TheCursedMod:TacticalStrike","floor":11}],"player_experience":1184513,"relics_obtained":[{"floor":5,"key":"StuffTheSpire:GrapeVine"},{"floor":7,"key":"CeramicFish"},{"floor":9,"key":"Oddly Smooth Stone"}],"event_choices":[{"damage_healed":0,"gold_gain":150,"player_choice":"AGREE","damage_taken":88,"max_hp_gain":0,"max_hp_loss":0,"event_name":"betterThird:BetterSerpent","floor":12,"gold_loss":0}],"is_beta":false,"boss_relics":[],"items_purged_floors":[],"is_endless":false,"potions_floor_spawned":[7,11],"killed_by":"Slime Boss","ascension_level":20}}