{"host":"m2106ztvmcgfoyc9","time":1609350330,"event":{"mods":["BaseMod","Minty Spire (QoL Compilation)","Relic Stats"],"gold_per_floor":[112,112,187,199,210,236,255,255,324,324,324,16,43,58,58,136,136,147,162,28,43,43,68,83,94,163,174,174,174,202,53,53,127,127,146,96,108,121,132,132,132],"floor_reached":40,"playtime":1475,"items_purged":["Strike_R","Strike_R","Perfected Strike+1"],"score":980,"play_id":"f5826d28-6308-4a07-a720-75b0e036adfc","local_time":"20201230184530","is_ascension_mode":true,"campfire_choices":[{"data":"Whirlwind","floor":8,"key":"SMITH"},{"data":"Perfected Strike","floor":11,"key":"SMITH"},{"data":"Bash","floor":15,"key":"SMITH"},{"data":"Dual Wield","floor":28,"key":"SMITH"},{"data":"Spot Weakness","floor":32,"key":"SMITH"}],"circlet_count":0,"master_deck":["AscendersBane","Strike_R","Strike_R+1","Strike_R+1","Defend_R","Defend_R","Defend_R+1","Defend_R","Bash+1","Disarm","Whirlwind+1","Hemokinesis","Spot Weakness+1","Spot Weakness","Double Tap","Shrug It Off","Pummel+1","Dual Wield+1","Whirlwind+1","Shrug It Off","Offering","Spot Weakness","Power Through","Shrug It Off"],"relics":["Burning Blood","Magic Flower","Sundial","Membership Card","Whetstone","Nunchaku","Velvet Choker","Chemical X","Regal Pillow","Letter Opener","Lee\u0027s Waffle","Philosopher\u0027s Stone"],"acts_visited":["Exordium","TheCity","TheBeyond"],"potions_floor_usage":[6,16,19,24,33,39],"damage_taken":[{"damage":3,"enemies":"Small Slimes","floor":1,"turns":4},{"damage":5,"enemies":"Jaw Worm","floor":4,"turns":5},{"damage":7,"enemies":"Cultist","floor":5,"turns":4},{"damage":27,"enemies":"Gremlin Nob","floor":6,"turns":4},{"damage":0,"enemies":"Lots of Slimes","floor":7,"turns":1},{"damage":17,"enemies":"3 Sentries","floor":13,"turns":4},{"damage":21,"enemies":"Large Slime","floor":14,"turns":4},{"damage":46,"enemies":"Slime Boss","floor":16,"turns":11},{"damage":32,"enemies":"Shell Parasite","floor":18,"turns":4},{"damage":9,"enemies":"3 Byrds","floor":19,"turns":3},{"damage":32,"enemies":"Shelled Parasite and Fungi","floor":21,"turns":3},{"damage":2,"enemies":"Gremlin Leader","floor":23,"turns":4},{"damage":4,"enemies":"Centurion and Healer","floor":24,"turns":2},{"damage":16,"enemies":"Snecko","floor":25,"turns":4},{"damage":9,"enemies":"3 Cultists","floor":27,"turns":4},{"damage":0,"enemies":"Slavers","floor":30,"turns":1},{"damage":76,"enemies":"Champ","floor":33,"turns":11},{"damage":22,"enemies":"3 Shapes","floor":35,"turns":2},{"damage":0,"enemies":"3 Darklings","floor":37,"turns":1},{"damage":37,"enemies":"Sphere and 2 Shapes","floor":38,"turns":7},{"damage":24,"enemies":"4 Shapes","floor":39,"turns":9},{"damage":31,"enemies":"Reptomancer","floor":40,"turns":2}],"seed_played":"1515517224474524076","potions_obtained":[{"floor":4,"key":"AttackPotion"},{"floor":5,"key":"FairyPotion"},{"floor":16,"key":"GamblersBrew"},{"floor":18,"key":"Ancient Potion"},{"floor":21,"key":"BloodPotion"},{"floor":24,"key":"BloodPotion"},{"floor":30,"key":"GamblersBrew"},{"floor":38,"key":"LiquidMemories"}],"is_trial":false,"path_per_floor":["M","?","?","M","M","E","M","R","T","?","R","$","E","M","R","B",null,"M","M","$","M","?","E","M","M","T","M","R","?","E","$","R","B",null,"M","?","M","M","M","E"],"character_chosen":"IRONCLAD","items_purchased":["Membership Card","Whetstone","Block Potion","Chemical X","Lee\u0027s Waffle"],"campfire_rested":0,"item_purchase_floors":[12,12,12,20,31],"current_hp_per_floor":[78,83,72,73,72,51,60,60,60,60,60,60,52,40,40,48,77,54,54,54,31,31,38,60,53,53,53,53,53,62,94,94,27,77,64,64,73,45,30,0,0],"gold":132,"neow_bonus":"TEN_PERCENT_HP_BONUS","is_daily":false,"chose_seed":false,"campfire_upgraded":5,"win_rate":0.0,"timestamp":1609350330,"path_taken":["M","?","?","M","M","E","M","R","T","?","R","?","E","M","R","BOSS","M","?","?","M","?","E","M","?","T","M","R","?","E","?","R","BOSS","M","?","M","?","M","E"],"items_purchased_type":["Relic","Relic","Potion","Relic","Relic"],"build_version":"2020-12-22","purchased_purges":3,"victory":false,"max_hp_per_floor":[82,87,87,87,87,87,87,87,87,87,87,87,87,87,87,87,87,87,87,87,87,87,87,87,87,87,87,87,87,87,94,94,94,94,94,94,94,94,94,94,94],"relic_stats":{"Nunchaku":[9],"Regal Pillow":0,"Lee\u0027s Waffle":32,"counters":[22,94],"Sundial":[8],"Magic Flower":[64],"Whetstone":["Strike_R","Strike_R"],"Chemical X":[22],"Letter Opener":[123],"obtain_stats":[{"Nunchaku":13,"Regal Pillow":23,"Lee\u0027s Waffle":31,"Sundial":9,"Magic Flower":6,"Velvet Choker":17,"Philosopher\u0027s Stone":34,"Membership Card":12,"Whetstone":12,"Chemical X":20,"Letter Opener":30,"Burning Blood":0},{"Nunchaku":6,"Regal Pillow":12,"Lee\u0027s Waffle":16,"Sundial":5,"Magic Flower":4,"Velvet Choker":8,"Philosopher\u0027s Stone":17,"Membership Card":5,"Whetstone":5,"Chemical X":10,"Letter Opener":16,"Burning Blood":0},{"Nunchaku":22,"Regal Pillow":51,"Lee\u0027s Waffle":62,"Sundial":18,"Magic Flower":17,"Velvet Choker":37,"Philosopher\u0027s Stone":73,"Membership Card":18,"Whetstone":18,"Chemical X":44,"Letter Opener":62,"Burning Blood":0}],"Burning Blood":177},"card_choices":[{"not_picked":["Wild Strike","Second Wind"],"picked":"Disarm","floor":1},{"not_picked":["Wild Strike","Ghostly Armor"],"picked":"Whirlwind","floor":4},{"not_picked":["Anger","Pummel"],"picked":"Perfected Strike","floor":5},{"not_picked":["Sever Soul","Pummel"],"picked":"Hemokinesis","floor":6},{"not_picked":["Rampage","Hemokinesis"],"picked":"Spot Weakness","floor":7},{"not_picked":["Thunderclap","Cleave","Wild Strike"],"picked":"SKIP","floor":13},{"not_picked":["Pommel Strike","Armaments"],"picked":"Spot Weakness","floor":14},{"not_picked":["Berserk","Juggernaut"],"picked":"Double Tap","floor":16},{"not_picked":["Metallicize","Twin Strike"],"picked":"Shrug It Off","floor":18},{"not_picked":["Clothesline","Feel No Pain"],"picked":"Pummel","floor":19},{"not_picked":["Armaments","Shrug It Off"],"picked":"Dual Wield","floor":21},{"not_picked":["Juggernaut","Havoc"],"picked":"Shrug It Off","floor":23},{"not_picked":["Clash","Twin Strike+1","Sentinel"],"picked":"SKIP","floor":24},{"not_picked":["Clothesline","Iron Wave","Headbutt"],"picked":"SKIP","floor":25},{"not_picked":["Thunderclap","Evolve"],"picked":"Offering","floor":27},{"not_picked":["Reckless Charge+1","Metallicize","Power Through"],"picked":"SKIP","floor":30},{"not_picked":["Perfected Strike","Metallicize"],"picked":"Spot Weakness","floor":35},{"not_picked":["Feel No Pain+1","Searing Blow"],"picked":"Power Through","floor":37},{"not_picked":["Clash","Cleave","Perfected Strike"],"picked":"SKIP","floor":38},{"not_picked":["Perfected Strike+1","Combust"],"picked":"Shrug It Off","floor":39}],"player_experience":966437,"relics_obtained":[{"floor":6,"key":"Magic Flower"},{"floor":9,"key":"Sundial"},{"floor":13,"key":"Nunchaku"},{"floor":23,"key":"Regal Pillow"},{"floor":30,"key":"Letter Opener"}],"event_choices":[{"damage_healed":0,"gold_gain":0,"player_choice":"Donut","damage_taken":0,"max_hp_gain":5,"max_hp_loss":0,"event_name":"Big Fish","floor":2,"gold_loss":0},{"damage_healed":0,"gold_gain":75,"player_choice":"Gather Gold","damage_taken":11,"max_hp_gain":0,"max_hp_loss":0,"event_name":"World of Goop","floor":3,"gold_loss":0},{"damage_healed":0,"gold_gain":0,"player_choice":"Ignored","damage_taken":0,"max_hp_gain":0,"max_hp_loss":0,"event_name":"Liars Game","floor":10,"gold_loss":0},{"damage_healed":0,"gold_gain":0,"player_choice":"Copied","damage_taken":0,"max_hp_gain":0,"max_hp_loss":0,"event_name":"Duplicator","floor":22,"gold_loss":0,"cards_obtained":["Whirlwind"]},{"damage_healed":0,"gold_gain":0,"player_choice":"Ignored","damage_taken":0,"max_hp_gain":0,"max_hp_loss":0,"event_name":"The Mausoleum","floor":29,"gold_loss":0},{"damage_healed":0,"gold_gain":0,"player_choice":"Upgraded Two","damage_taken":0,"max_hp_gain":0,"max_hp_loss":0,"event_name":"Designer","floor":36,"gold_loss":50,"cards_upgraded":["Pummel","Defend_R"]}],"is_beta":false,"boss_relics":[{"not_picked":["Black Star","Runic Pyramid"],"picked":"Velvet Choker"},{"not_picked":["Tiny House","Black Blood"],"picked":"Philosopher\u0027s Stone"}],"items_purged_floors":[12,20,31],"is_endless":false,"potions_floor_spawned":[4,5,14,16,18,21,24,30,38],"killed_by":"Reptomancer","ascension_level":20}}