{"host":"16je3t89sok2dgub","time":1609313284,"event":{"mods":["BaseMod","Better Altar","Better Match","Better Sensory Stone","Better Skull","Better Third Choice","Colored Map","Downfall","Hermit","Minty Spire (QoL Compilation)","Permanent Neow","Relic Stats","StSLib","The Mystic","The Poker Player","Trackpad"],"gold_per_floor":[99,117,117,117,117,27,27,54,54,39,69,81,81,66,86,187,187,187,203,303,319,335,335,361,136,61,79,97,111,111,128,143,238,238,238,250,266,316,329,254,254,272,307,232,232,586,586,603,620,620,620,647,358,358,358,358,358],"floor_reached":55,"playtime":3259,"items_purged":["PokerPlayerMod:Spade1","PokerPlayerMod:Spade2","PokerPlayerMod:Club2"],"score":775,"play_id":"f6b5974a-cbc3-43f3-9dc7-0bbc953f9388","local_time":"20201230012804","is_ascension_mode":true,"metric_token":1042,"campfire_choices":[{"data":"PokerPlayerMod:Mulligan","floor":1,"key":"SMITH"},{"data":"PokerPlayerMod:Diamond3","floor":9,"key":"SMITH"},{"floor":13,"key":"REST"},{"data":"PokerPlayerMod:Diamond3","floor":18,"key":"SMITH"},{"data":"PokerPlayerMod:Raise","floor":23,"key":"SMITH"},{"floor":26,"key":"REST"},{"data":"PokerPlayerMod:BadJoker","floor":30,"key":"SMITH"},{"floor":35,"key":"RECALL"},{"data":"PokerPlayerMod:Spade3","floor":40,"key":"SMITH"},{"data":"PokerPlayerMod:Configure","floor":44,"key":"SMITH"},{"data":"Apotheosis","floor":54,"key":"SMITH"}],"circlet_count":0,"master_deck":["PokerPlayerMod:Diamond4","PokerPlayerMod:Diamond4","PokerPlayerMod:Diamond5","PokerPlayerMod:Spade4","PokerPlayerMod:Spade4","PokerPlayerMod:Heart2","PokerPlayerMod:TrumpStrike","PokerPlayerMod:BadJoker+1","PokerPlayerMod:Mulligan+1","PokerPlayerMod:Diamond4","PokerPlayerMod:Diamond4","PokerPlayerMod:Raise+1","PokerPlayerMod:Configure+1","PokerPlayerMod:Heart8","PokerPlayerMod:Diamond9","PokerPlayerMod:Diamond4","Apotheosis+1","PokerPlayerMod:Sharpen+1","Apotheosis"],"relics":["PokerPlayerMod:DeckCase","Turnip","StoneCalendar","Potion Belt","Peace Pipe","Empty Cage","downfall:GremlinWheel","trackpad:ByrdCharm","PokerPlayerMod:Splitter","downfall:HeartBlessingBlue","SacredBark","Bird Faced Urn","downfall:HeartBlessingRed","PokerPlayerMod:CoolBox","trackpad:Compendium","downfall:HeartBlessingGreen","Old Coin","PokerPlayerMod:FairLicense"],"acts_visited":["Exordium","TheCity","TheBeyond","TheEnding"],"potions_floor_usage":[16,43,43,52,55,55],"damage_taken":[{"damage":2,"enemies":"Cultist","floor":2,"turns":4},{"damage":3,"enemies":"downfall:FleeingMerchant","floor":6,"turns":4},{"damage":7,"enemies":"3 Sentries","floor":8,"turns":5},{"damage":5,"enemies":"downfall:FleeingMerchant","floor":10,"turns":4},{"damage":25,"enemies":"Lagavulin","floor":11,"turns":4},{"damage":0,"enemies":"Small Slimes","floor":12,"turns":2},{"damage":16,"enemies":"downfall:FleeingMerchant","floor":14,"turns":4},{"damage":0,"enemies":"2 Louse","floor":15,"turns":2},{"damage":16,"enemies":"downfall:Defect","floor":16,"turns":4},{"damage":0,"enemies":"3 Byrds","floor":19,"turns":3},{"damage":0,"enemies":"3 Byrds","floor":20,"turns":2},{"damage":5,"enemies":"Chosen","floor":21,"turns":3},{"damage":5,"enemies":"Centurion and Healer","floor":22,"turns":3},{"damage":21,"enemies":"downfall:FleeingMerchant","floor":25,"turns":3},{"damage":12,"enemies":"Snake Plant","floor":27,"turns":3},{"damage":24,"enemies":"Snecko","floor":28,"turns":5},{"damage":9,"enemies":"Shelled Parasite and Fungi","floor":29,"turns":4},{"damage":0,"enemies":"Cultist and Chosen","floor":31,"turns":3},{"damage":0,"enemies":"Snecko","floor":32,"turns":2},{"damage":49,"enemies":"downfall:Watcher","floor":33,"turns":7},{"damage":4,"enemies":"3 Shapes","floor":36,"turns":3},{"damage":0,"enemies":"Orb Walker","floor":37,"turns":2},{"damage":18,"enemies":"Mind Bloom Boss Battle","floor":38,"turns":4},{"damage":0,"enemies":"Sphere and 2 Shapes","floor":39,"turns":3},{"damage":0,"enemies":"Maw","floor":42,"turns":5},{"damage":110,"enemies":"Giant Head","floor":43,"turns":9},{"damage":0,"enemies":"2 Orb Walkers","floor":46,"turns":3},{"damage":0,"enemies":"Transient","floor":48,"turns":5},{"damage":9,"enemies":"Spire Growth","floor":49,"turns":4},{"damage":34,"enemies":"downfall:Ironclad","floor":50,"turns":7},{"damage":3,"enemies":"downfall:CharBossMerchant","floor":52,"turns":4},{"damage":94,"enemies":"downfall:NeowBoss","floor":55,"turns":17}],"seed_played":"-6049646638957378842","potions_obtained":[{"floor":11,"key":"SpeedPotion"},{"floor":12,"key":"FairyPotion"},{"floor":15,"key":"EntropicBrew"},{"floor":38,"key":"PowerPotion"},{"floor":52,"key":"Ancient Potion"}],"is_trial":false,"path_per_floor":["R","M","T","?","?","$","T","E","R","$","E","M","R","$","M","B",null,"R","M","?","M","M","R","T","$","R","M","M","M","R","M","M","B",null,"R","M","M","?","M","R","T","M","E","R","?","?","?","M","M","B",null,"E","$","R","B"],"character_chosen":"THE_POKER_PLAYER","items_purchased":["trackpad:ByrdCharm","PokerPlayerMod:Splitter","PokerPlayerMod:Heart8","Apotheosis"],"campfire_rested":2,"item_purchase_floors":[25,25,25,53],"current_hp_per_floor":[52,50,50,50,50,49,49,44,44,42,19,21,36,23,26,14,52,52,52,52,47,42,42,42,25,53,45,38,44,44,62,62,35,62,62,58,62,59,61,61,61,61,37,37,37,47,47,62,57,45,62,59,59,59,0,0,0],"gold":358,"neow_bonus":"REMOVE_CARD","is_daily":false,"chose_seed":false,"campfire_upgraded":8,"win_rate":0.0,"timestamp":1609313284,"path_taken":["R","M","?","?","?","?","T","E","R","$","E","?","R","$","M","BOSS","R","M","?","M","M","R","T","$","R","M","?","?","R","M","M","BOSS","R","M","M","?","M","R","T","M","E","R","?","?","?","?","M","BOSS","E","$","R","BOSS"],"items_purchased_type":["Relic","Relic","Card","Card"],"build_version":"2020-12-22","purchased_purges":3,"victory":false,"max_hp_per_floor":[52,52,52,52,52,52,52,52,52,52,52,52,52,52,52,52,52,52,52,52,52,52,52,52,52,62,62,62,62,62,62,62,62,62,62,62,62,62,62,62,62,62,62,62,62,62,62,62,62,62,62,62,62,62,62,62,62],"relic_stats":{"Peace Pipe":0,"counters":[32,137],"Bird Faced Urn":[8],"StoneCalendar":[137],"Turnip":[14],"obtain_stats":[{"Potion Belt":8,"downfall:HeartBlessingRed":40,"SacredBark":34,"StoneCalendar":7,"downfall:HeartBlessingGreen":44,"Empty Cage":17,"Old Coin":46,"PokerPlayerMod:FairLicense":52,"Peace Pipe":11,"trackpad:ByrdCharm":25,"PokerPlayerMod:DeckCase":0,"downfall:GremlinWheel":20,"downfall:HeartBlessingBlue":26,"Bird Faced Urn":38,"Turnip":3,"trackpad:Compendium":43,"PokerPlayerMod:Splitter":25,"PokerPlayerMod:CoolBox":41},{"Potion Belt":3,"downfall:HeartBlessingRed":24,"SacredBark":20,"StoneCalendar":2,"downfall:HeartBlessingGreen":26,"Empty Cage":9,"Old Coin":27,"PokerPlayerMod:FairLicense":31,"Peace Pipe":5,"trackpad:ByrdCharm":14,"PokerPlayerMod:DeckCase":0,"downfall:GremlinWheel":11,"downfall:HeartBlessingBlue":14,"Bird Faced Urn":23,"Turnip":1,"trackpad:Compendium":26,"PokerPlayerMod:Splitter":14,"PokerPlayerMod:CoolBox":24},{"Potion Belt":13,"downfall:HeartBlessingRed":83,"SacredBark":71,"StoneCalendar":8,"downfall:HeartBlessingGreen":97,"Empty Cage":33,"Old Coin":100,"PokerPlayerMod:FairLicense":120,"Peace Pipe":21,"trackpad:ByrdCharm":47,"PokerPlayerMod:DeckCase":0,"downfall:GremlinWheel":38,"downfall:HeartBlessingBlue":47,"Bird Faced Urn":80,"Turnip":4,"trackpad:Compendium":97,"PokerPlayerMod:Splitter":47,"PokerPlayerMod:CoolBox":83}]},"card_choices":[{"not_picked":["PokerPlayerMod:Trickery","PokerPlayerMod:Diamond2"],"picked":"PokerPlayerMod:Diamond3","floor":2},{"not_picked":["PokerPlayerMod:ClubStrike","PokerPlayerMod:Spade3","PokerPlayerMod:Manipulation"],"picked":"SKIP","floor":6},{"not_picked":["PokerPlayerMod:Spade3","PokerPlayerMod:FlyingCard","PokerPlayerMod:SecretDealer"],"picked":"SKIP","floor":8},{"not_picked":["PokerPlayerMod:Fold","PokerPlayerMod:MagicTrick"],"picked":"PokerPlayerMod:DiamondStrike","floor":10},{"not_picked":["PokerPlayerMod:Configure","PokerPlayerMod:PoorCopy","PokerPlayerMod:Diamond3"],"picked":"SKIP","floor":11},{"not_picked":["PokerPlayerMod:CardPrinter","PokerPlayerMod:Club1"],"picked":"PokerPlayerMod:Diamond4","floor":12},{"not_picked":["PokerPlayerMod:Diamond5","PokerPlayerMod:Club3","PokerPlayerMod:DamnStraight"],"picked":"SKIP","floor":14},{"not_picked":["PokerPlayerMod:Heart3","PokerPlayerMod:Diamond1"],"picked":"PokerPlayerMod:Raise","floor":15},{"not_picked":["PokerPlayerMod:Trickery","PokerPlayerMod:CloakAndDiamond"],"picked":"PokerPlayerMod:Configure","floor":19},{"not_picked":["PokerPlayerMod:Trickery","PokerPlayerMod:Club3","PokerPlayerMod:ClubDance"],"picked":"SKIP","floor":21},{"not_picked":["PokerPlayerMod:Spade1","PokerPlayerMod:DartThrow","PokerPlayerMod:Spade2"],"picked":"SKIP","floor":22},{"not_picked":["PokerPlayerMod:Configure","PokerPlayerMod:HiddenCard","PokerPlayerMod:Extraction"],"picked":"SKIP","floor":25},{"not_picked":["PokerPlayerMod:Spade1","PokerPlayerMod:DartThrow","PokerPlayerMod:Spade2"],"picked":"SKIP","floor":27},{"not_picked":["PokerPlayerMod:Club3","PokerPlayerMod:Heart1","PokerPlayerMod:Diamond3"],"picked":"SKIP","floor":28},{"not_picked":["PokerPlayerMod:Spade1","PokerPlayerMod:DiamondStrike","PokerPlayerMod:Diamond4"],"picked":"SKIP","floor":29},{"not_picked":["PokerPlayerMod:HeartStrike","PokerPlayerMod:CloakAndDiamond+1","PokerPlayerMod:Diamond3"],"picked":"SKIP","floor":31},{"not_picked":["PokerPlayerMod:CardPrinter","PokerPlayerMod:HiddenCard+1","PokerPlayerMod:Overdeal"],"picked":"SKIP","floor":32},{"not_picked":["PokerPlayerMod:Club10+","PokerPlayerMod:Spade10+"],"picked":"PokerPlayerMod:Diamond9","floor":33},{"not_picked":["PokerPlayerMod:CloakAndDiamond+1","PokerPlayerMod:Club3"],"picked":"PokerPlayerMod:Diamond4","floor":36},{"not_picked":["PokerPlayerMod:Heart1","PokerPlayerMod:Spade3","PokerPlayerMod:DiamondStrike+1"],"picked":"SKIP","floor":37},{"not_picked":["PokerPlayerMod:Raise","PokerPlayerMod:Heart5","PokerPlayerMod:Club3"],"picked":"SKIP","floor":39},{"not_picked":["PokerPlayerMod:Extraction","PokerPlayerMod:Club1","PokerPlayerMod:Spade1"],"picked":"SKIP","floor":42},{"not_picked":["PokerPlayerMod:Club1","PokerPlayerMod:Spade3","PokerPlayerMod:Spade6"],"picked":"SKIP","floor":43},{"not_picked":["expansioncontent:FaceSlap","Finesse"],"picked":"Apotheosis","floor":47},{"not_picked":["PokerPlayerMod:Diamond2","PokerPlayerMod:HotShotCut+1"],"picked":"PokerPlayerMod:Sharpen+1","floor":48},{"not_picked":["PokerPlayerMod:Spade3","PokerPlayerMod:DiamondStrike+1","PokerPlayerMod:Diamond4"],"picked":"SKIP","floor":49},{"not_picked":["PokerPlayerMod:Club6","PokerPlayerMod:Configure+1","PokerPlayerMod:Trickery"],"picked":"SKIP","floor":52}],"player_experience":385913,"relics_obtained":[{"floor":3,"key":"Turnip"},{"floor":7,"key":"StoneCalendar"},{"floor":8,"key":"Potion Belt"},{"floor":11,"key":"Peace Pipe"},{"floor":20,"key":"downfall:GremlinWheel"},{"floor":38,"key":"Bird Faced Urn"},{"floor":41,"key":"PokerPlayerMod:CoolBox"},{"floor":43,"key":"trackpad:Compendium"},{"floor":46,"key":"Old Coin"},{"floor":52,"key":"PokerPlayerMod:FairLicense"}],"event_choices":[{"cards_removed":["PokerPlayerMod:DiamondStrike"],"damage_healed":0,"gold_gain":0,"player_choice":"Removed Attack","damage_taken":0,"max_hp_gain":0,"max_hp_loss":0,"event_name":"Falling","floor":45,"gold_loss":0},{"damage_healed":0,"gold_gain":0,"player_choice":"Fight","damage_taken":0,"max_hp_gain":0,"max_hp_loss":0,"event_name":"Mysterious Sphere","floor":46,"gold_loss":0},{"damage_healed":0,"gold_gain":3,"player_choice":"1","damage_taken":0,"max_hp_gain":0,"max_hp_loss":0,"event_name":"betterStone:BetterStone","floor":47,"gold_loss":0}],"is_beta":false,"boss_relics":[{"not_picked":["Fusion Hammer","Runic Dome"],"picked":"Empty Cage"},{"not_picked":["Velvet Choker","trackpad:Trackpad"],"picked":"SacredBark"}],"items_purged_floors":[6,25,53],"is_endless":false,"potions_floor_spawned":[11,12,15,22,31,32,33,36,38,42,52],"killed_by":"downfall:NeowBoss","ascension_level":2}}