{"host":"ws4mzzemcqsz5e2k","time":1609336106,"event":{"mods":["Act Like it!","BaseMod","Colored Powertips","Gensokyo","Minty Spire (QoL Compilation)","Reimu（博丽灵梦）","StSLib","没有小屋子和绿帽子啦"],"gold_per_floor":[119,119,135,150,150,150,163,163,217,217,248,262,262,282,282,359,359,372,252,262,512,530,557,567,567,590,590,641,443,463,463,463],"floor_reached":31,"playtime":1810,"items_purged":[],"score":584,"play_id":"7de26da2-4a42-41b6-a1d1-fa5c4289ea0b","local_time":"20201230214825","daily_mods":["SealedDeck","Heirloom"],"is_ascension_mode":true,"campfire_choices":[{"data":"MountainWay:ReiMu","floor":6.0,"key":"SMITH"},{"data":"PhosphorusFlame:ReiMu","floor":8,"key":"SMITH"},{"data":"SpreadBorder2:ReiMu","floor":10,"key":"SMITH"},{"data":"OrbThrow:ReiMu","floor":13,"key":"SMITH"},{"data":"Conquer:ReiMu","floor":15,"key":"SMITH"},{"data":"SpreadBorder2:ReiMu","floor":25,"key":"SMITH"},{"floor":27,"key":"REST"}],"circlet_count":0,"master_deck":["AscendersBane","WonderfulDomain:ReiMu","WonderfulDomain:ReiMu","OrbThrow:ReiMu+1","SpringWay:ReiMu","SpringWay:ReiMu","YinYangSange:ReiMu","YinYangSange:ReiMu","PhosphorusFlame:ReiMu+1","RainPray2:ReiMu","SpreadBorder2:ReiMu+1","MountainWay:ReiMu+1","SpreadBorder2:ReiMu+1","Conquer:ReiMu+1","Gensokyo:RustyChest","Gensokyo:TarnishedGold"],"relics":["FlyPower:ReiMu","Bird Faced Urn","Gensokyo:YoukaiFlower","Orichalcum","Black Star","Gensokyo:LionMask","Centennial Puzzle","White Beast Statue","Happy Flower","Whetstone","TheAbacus"],"acts_visited":["Exordium","Gensokyo:Gensokyo"],"potions_floor_usage":[12,23,23,31],"damage_taken":[{"damage":1.0,"enemies":"Gensokyo:Python","floor":1.0,"turns":3.0},{"damage":3.0,"enemies":"Gensokyo:3_Fairies","floor":3.0,"turns":4.0},{"damage":12.0,"enemies":"Gensokyo:2_Kodama","floor":4.0,"turns":4.0},{"damage":0,"enemies":"Gensokyo:CorruptedTreant","floor":7,"turns":4},{"damage":4,"enemies":"Gensokyo:Cirno","floor":11,"turns":11},{"damage":10,"enemies":"Gensokyo:VengefulSpirit","floor":12,"turns":7},{"damage":3,"enemies":"Gensokyo:Python_and_Kodama","floor":14,"turns":4},{"damage":0,"enemies":"Gensokyo:Yukari","floor":16,"turns":8},{"damage":14,"enemies":"Gensokyo:AngelMirror","floor":18,"turns":4},{"damage":2,"enemies":"Gensokyo:Chomper","floor":20,"turns":4},{"damage":7,"enemies":"Gensokyo:Wraith","floor":22,"turns":5},{"damage":35,"enemies":"Gensokyo:Tenshi","floor":23,"turns":5},{"damage":9,"enemies":"Gensokyo:Slime_Group","floor":24,"turns":5},{"damage":23,"enemies":"Gensokyo:Monolith_and_Dog","floor":30,"turns":6},{"damage":8,"enemies":"Gensokyo:Reisen","floor":31,"turns":2}],"seed_played":"7330652103810719009","potions_obtained":[{"floor":3.0,"key":"Block Potion"},{"floor":11,"key":"AttackPotion"},{"floor":12,"key":"DistilledChaos"},{"floor":24,"key":"Strength Potion"},{"floor":30,"key":"AttackPotion"}],"is_trial":true,"path_per_floor":["M","$","M","M","?","R","M","R","T","R","E","M","R","M","R","B",null,"M","?","M","?","M","E","M","R","T","R","T","COS","M","E"],"character_chosen":"REIMU","items_purchased":[],"campfire_rested":1,"item_purchase_floors":[],"current_hp_per_floor":[57,57,57,49,49,49,53,53,53,53,53,47,47,48,48,52,58,47,47,49,49,46,15,10,10,10,26,26,26,7,0,0],"gold":463,"neow_bonus":"","is_daily":false,"chose_seed":false,"campfire_upgraded":6,"win_rate":0.0,"timestamp":1609336105,"path_taken":["M","$","M","M","?","R","M","R","T","R","E","M","R","?","R","BOSS","M","?","M","?","?","E","M","R","T","R","?","COS","M","E"],"items_purchased_type":[],"build_version":"2020-12-22","purchased_purges":0,"victory":false,"max_hp_per_floor":[60,60,60,60,60,60,60,60,60,60,60,60,60,60,60,60,60,60,60,60,56,56,56,56,56,56,56,56,56,56,56,56],"card_choices":[{"not_picked":["OrbThrow:ReiMu","InherentArray:ReiMu"],"picked":"SpreadBorder2:ReiMu","floor":1.0},{"not_picked":["AlertArray:ReiMu","SubcavityInstant:ReiMu"],"picked":"MountainWay:ReiMu","floor":3.0},{"not_picked":["Meditation:ReiMu","PassingAway:ReiMu","EmergencyTakeOff:ReiMu"],"picked":"SKIP","floor":4.0},{"not_picked":["EmergencyTakeOff:ReiMu","PayForSelf:ReiMu"],"picked":"SpreadBorder2:ReiMu","floor":7},{"not_picked":["YinYang:ReiMu","SpreadBorder2:ReiMu","InherentArray:ReiMu"],"picked":"SKIP","floor":11},{"not_picked":["YinYang:ReiMu","SpreadBorder2:ReiMu","InherentArray:ReiMu"],"picked":"SKIP","floor":11},{"not_picked":["SpreadBorder2:ReiMu","WonderfulDomain:ReiMu","Intuition:ReiMu"],"picked":"SKIP","floor":12},{"not_picked":["SpringWay:ReiMu","AirStrike:ReiMu"],"picked":"Conquer:ReiMu","floor":14},{"not_picked":["InherentArray:ReiMu","SpreadBorder2:ReiMu","DoubleButterfly:ReiMu"],"picked":"SKIP","floor":18},{"not_picked":["SafetyPray:ReiMu","Dreaming2:ReiMu","OrbThrow:ReiMu"],"picked":"SKIP","floor":20},{"not_picked":["CareerPray:ReiMu","SpringWay:ReiMu","UpKicking:ReiMu"],"picked":"SKIP","floor":22},{"not_picked":["CareerPray:ReiMu","Amulet:ReiMu","Crusade:ReiMu"],"picked":"SKIP","floor":23},{"not_picked":["WonderfulDomain:ReiMu","Amulet:ReiMu","AirStrike:ReiMu"],"picked":"SKIP","floor":24},{"not_picked":["SafetyPray:ReiMu","MikOfLucky:ReiMu","EmergencyTakeOff:ReiMu+1"],"picked":"SKIP","floor":30}],"player_experience":1456391,"relics_obtained":[{"floor":11,"key":"Orichalcum"},{"floor":23,"key":"Centennial Puzzle"},{"floor":23,"key":"White Beast Statue"},{"floor":26,"key":"Happy Flower"},{"floor":28,"key":"Whetstone"}],"event_choices":[],"is_beta":false,"boss_relics":[{"not_picked":["Empty Cage","Runic Pyramid"],"picked":"Black Star"}],"items_purged_floors":[],"is_endless":false,"potions_floor_spawned":[3,11,12,18,24,30],"killed_by":"Gensokyo:Reisen","ascension_level":20}}