{"host":"wbdly04l9mkn9nrc","time":1609320472,"event":{"mods":["AchievementEnabler","BaseMod","BetterRewards","Minty Spire (QoL Compilation)","StSLib","[IsaacMod]ÒÔÈö¼âËþ"],"gold_per_floor":[109,122,134,84,98,131,1,1,1,28,42,58,58,92,104,218,230,259,281,293,316,339,351,397,409,421,433,445,470,514,351,351,452,452,468,166,166,177,177,207,262,289,364,364,394,404,417,124,124,124],"floor_reached":51,"playtime":2676,"items_purged":["Strike_G","Defend_G","Defend_G","Regret","Writhe","Doubt"],"score":2221,"play_id":"8f3bd225-a17e-435b-b26f-dc9f27e778c1","local_time":"20201230172752","is_ascension_mode":true,"campfire_choices":[{"data":"Infinite Blades","floor":8.0,"key":"SMITH"},{"data":"Neutralize","floor":15.0,"key":"SMITH"},{"data":"BattleHymn","floor":23.0,"key":"SMITH"},{"data":"After Image","floor":25.0,"key":"SMITH"},{"floor":32.0,"key":"REST"},{"data":"1","floor":49,"key":"LIFT"}],"circlet_count":0,"master_deck":["AscendersBane","Strike_G","Strike_G","Strike_G","Defend_G","Defend_G","Defend_G","Survivor","Neutralize+1","Infinite Blades+1","Blade Dance","Backflip","Cloak And Dagger","Accuracy","Terror+1","Finisher","Cloak And Dagger+1","Bouncing Flask+1","Blur+1","Sword Boomerang","Conserve Battery+1","Hologram+1","Turbo+1","CrushJoints","After Image+1","Necronomicurse","BattleHymn+1","Underhanded Strike","Expertise+1","CurseOfTheBell","Storm of Steel+1","Clothesline+1","Master of Strategy+1","Uppercut+1","Shame","FlyingSleeves+1","EmptyFist+1"],"relics":["Ring of the Snake","HushsDoor","Thread and Needle","SteamSale","Bag of Marbles","Ancient Tea Set","HandDrill","Meat on the Bone","Toxic Egg 2","Orichalcum","PrismaticShard","BookOfRevelations","DeathBook","Paper Crane","Bronze Scales","MawBank","Cursed Key","Necronomicon","Pen Nib","Toy Ornithopter","Sundial","Potion Belt","Vajra","Calling Bell","Kunai","HowToJump","Girya","Lee\u0027s Waffle","BlankCard","Torii","Mango","Bottled Flame","AnarchistCookbook","Bottled Tornado","Question Card","Blue Candle","Boot"],"acts_visited":["Exordium","TheCity","TheBeyond"],"potions_floor_usage":[],"damage_taken":[{"damage":0.0,"enemies":"Cultist","floor":1.0,"turns":2.0},{"damage":0.0,"enemies":"2 Louse","floor":2.0,"turns":3.0},{"damage":0.0,"enemies":"Small Slimes","floor":3.0,"turns":2.0},{"damage":0.0,"enemies":"Blue Slaver","floor":5.0,"turns":1.0},{"damage":0.0,"enemies":"Lagavulin","floor":6.0,"turns":4.0},{"damage":0.0,"enemies":"3 Sentries","floor":10.0,"turns":1.0},{"damage":0.0,"enemies":"Red Slaver","floor":11.0,"turns":2.0},{"damage":0.0,"enemies":"Looter","floor":12.0,"turns":3.0},{"damage":0.0,"enemies":"Gremlin Nob","floor":14.0,"turns":3.0},{"damage":0.0,"enemies":"Slime Boss","floor":16.0,"turns":5.0},{"damage":0.0,"enemies":"3 Byrds","floor":18.0,"turns":4.0},{"damage":0.0,"enemies":"Shell Parasite","floor":19.0,"turns":2.0},{"damage":0.0,"enemies":"Snake Plant","floor":21.0,"turns":3.0},{"damage":0.0,"enemies":"Centurion and Healer","floor":22.0,"turns":3.0},{"damage":0.0,"enemies":"Book of Stabbing","floor":24.0,"turns":4.0},{"damage":4.0,"enemies":"Shelled Parasite and Fungi","floor":29.0,"turns":3.0},{"damage":2.0,"enemies":"Gremlin Leader","floor":30.0,"turns":4.0},{"damage":0.0,"enemies":"Automaton","floor":33.0,"turns":7.0},{"damage":0.0,"enemies":"Orb Walker","floor":35.0,"turns":2.0},{"damage":7.0,"enemies":"3 Shapes","floor":38.0,"turns":3.0},{"damage":0.0,"enemies":"Reptomancer","floor":40.0,"turns":4.0},{"damage":0.0,"enemies":"2 Orb Walkers","floor":41.0,"turns":2.0},{"damage":14.0,"enemies":"Nemesis","floor":42.0,"turns":5.0},{"damage":0,"enemies":"Giant Head","floor":45,"turns":5},{"damage":0,"enemies":"Maw","floor":46,"turns":3},{"damage":0,"enemies":"Jaw Worm Horde","floor":47,"turns":4},{"damage":0,"enemies":"Awakened One","floor":50,"turns":6}],"seed_played":"-1083063916026694914","potions_obtained":[{"floor":1.0,"key":"Fruit Juice"},{"floor":3.0,"key":"DuplicationPotion"},{"floor":6.0,"key":"EssenceOfSteel"},{"floor":22.0,"key":"Poison Potion"},{"floor":24.0,"key":"CunningPotion"},{"floor":35.0,"key":"Dexterity Potion"},{"floor":40.0,"key":"LiquidBronze"},{"floor":46,"key":"LiquidMemories"}],"is_trial":false,"path_per_floor":["M","M","M","$","M","E","$","R","T","E","M","M","?","E","R","B",null,"M","M","?","M","M","R","E","R","T","?","?","M","E","$","R","B",null,"M","$","?","M","?","E","?","E","T","T","E","M","M","$","R","B",null],"character_chosen":"THE_SILENT","items_purchased":["Bag of Marbles","Ancient Tea Set","HandDrill","Infinite Blades","Blade Dance","Backflip","Cloak And Dagger","Meat on the Bone","Accuracy","Toxic Egg 2","Orichalcum","PrismaticShard","Terror+1","Finisher","Cloak And Dagger+1","Bouncing Flask+1","DeathBook","Vajra","Expertise+1","Storm of Steel+1","Lee\u0027s Waffle","BlankCard","Blue Candle","Boot"],"campfire_rested":1,"item_purchase_floors":[0,0,0,0,0,0,0,0,0,0,0,0,0,0,0,0,7,31,31,34,36,36,48,48],"current_hp_per_floor":[38,38,38,38,38,38,38,38,38,38,38,38,31,43,43,43,67,67,67,51,51,51,51,51,51,51,51,51,47,45,45,67,67,66,66,73,73,66,66,66,85,71,71,71,71,71,71,71,71,71],"gold":124,"neow_bonus":"","is_daily":false,"chose_seed":false,"campfire_upgraded":4,"win_rate":0.0,"timestamp":1609320472,"path_taken":["M","M","?","$","M","E","$","R","T","E","M","M","?","E","R","BOSS","M","M","?","M","?","R","E","R","T","?","?","?","E","$","R","BOSS","M","$","?","M","?","E","?","E","T","?","E","M","M","$","R","BOSS"],"items_purchased_type":["Relic","Relic","Relic","Card","Card","Card","Card","Relic","Card","Relic","Relic","Relic","Card","Card","Card","Card","Relic","Relic","Card","Card","Relic","Relic","Relic","Relic"],"build_version":"2020-12-22","purchased_purges":6,"victory":true,"max_hp_per_floor":[75,75,75,75,75,75,75,75,75,75,75,75,75,75,75,75,75,75,75,75,75,75,75,75,75,75,75,75,75,75,75,75,75,66,66,73,73,73,73,73,87,87,87,87,87,87,87,87,87,87],"card_choices":[{"not_picked":["Dagger Spray","Heavy Blade"],"picked":"Blur+1","floor":1.0},{"not_picked":["Reflex+1","Rampage"],"picked":"Sword Boomerang","floor":2.0},{"not_picked":["Halt+1","Backstab","Streamline"],"picked":"SKIP","floor":3.0},{"not_picked":["DoctorFetus","Outmaneuver+1"],"picked":"Conserve Battery+1","floor":5.0},{"not_picked":["Stack+1","Backflip+1"],"picked":"Hologram+1","floor":6.0},{"not_picked":["Master of Strategy+1","Reinforced Body+1"],"picked":"Turbo+1","floor":10.0},{"not_picked":["Sever Soul","Beam Cell"],"picked":"CrushJoints","floor":11.0},{"not_picked":["Burning Pact+1","Flying Knee","BowlingBash"],"picked":"SKIP","floor":12.0},{"not_picked":["Warcry+1","Sentinel+1","Body Slam"],"picked":"SKIP","floor":14.0},{"not_picked":["Judgement+1","EpicFetus"],"picked":"After Image","floor":16.0},{"not_picked":["Flying Knee","Bane","Thunderclap"],"picked":"SKIP","floor":18.0},{"not_picked":["Anger","Defragment","Hologram+1"],"picked":"SKIP","floor":19.0},{"not_picked":["Forethought+1","Go for the Eyes"],"picked":"BattleHymn","floor":21.0},{"not_picked":["Slice","Leg Sweep+1","Consume+1"],"picked":"SKIP","floor":22.0},{"not_picked":["Static Discharge","Jack Of All Trades+1","Deadly Poison+1"],"picked":"SKIP","floor":24.0},{"not_picked":["Underhanded Strike","Prostrate+1","Flex+1"],"picked":"SKIP","floor":29.0},{"not_picked":["BootSequence+1","Corruption","Warcry+1"],"picked":"SKIP","floor":30.0},{"not_picked":["Deadly Poison+1","Good Instincts+1","Consecrate+1"],"picked":"SKIP","floor":35.0},{"not_picked":["Outmaneuver+1","Conserve Battery+1"],"picked":"Clothesline+1","floor":38.0},{"not_picked":["Magnetism","Trip+1"],"picked":"Master of Strategy+1","floor":39.0},{"not_picked":["Clothesline+1","Backstab","Steam Power+1"],"picked":"SKIP","floor":40.0},{"not_picked":["Thunderclap","FlyingSleeves+1"],"picked":"Uppercut+1","floor":41.0},{"not_picked":["Beam Cell+1","Hologram+1","Prostrate+1"],"picked":"SKIP","floor":42.0},{"not_picked":["Wish+1","Protect+1"],"picked":"FlyingSleeves+1","floor":45},{"not_picked":["Dodge and Roll+1","White Noise+1","InnerPeace+1","Quick Slash"],"picked":"SKIP","floor":46},{"not_picked":["Prepared+1","Sweeping Beam+1","Adaptation+1"],"picked":"EmptyFist+1","floor":47}],"player_experience":160586,"relics_obtained":[{"floor":6.0,"key":"BookOfRevelations"},{"floor":9.0,"key":"Paper Crane"},{"floor":10.0,"key":"Bronze Scales"},{"floor":14.0,"key":"MawBank"},{"floor":20.0,"key":"Necronomicon"},{"floor":24.0,"key":"Pen Nib"},{"floor":26.0,"key":"Toy Ornithopter"},{"floor":30.0,"key":"Potion Belt"},{"floor":34.0,"key":"Kunai"},{"floor":34.0,"key":"HowToJump"},{"floor":34.0,"key":"Girya"},{"floor":40.0,"key":"Torii"},{"floor":41.0,"key":"Mango"},{"floor":42.0,"key":"Bottled Flame"},{"floor":43,"key":"AnarchistCookbook"},{"floor":44,"key":"Bottled Tornado"},{"floor":45,"key":"Question Card"}],"event_choices":[{"cards_removed":["Strike_G"],"damage_healed":0.0,"max_hp_gain":0.0,"max_hp_loss":0.0,"gold_gain":0.0,"event_name":"Golden Wing","player_choice":"Card Removal","floor":13.0,"gold_loss":0.0,"damage_taken":7.0},{"damage_healed":0.0,"max_hp_gain":0.0,"max_hp_loss":0.0,"gold_gain":0.0,"event_name":"Cursed Tome","player_choice":"Obtained Book","floor":20.0,"gold_loss":0.0,"damage_taken":16.0},{"damage_healed":0.0,"max_hp_gain":0.0,"max_hp_loss":0.0,"gold_gain":0.0,"event_name":"The Library","player_choice":"Read","floor":27.0,"gold_loss":0.0,"damage_taken":0.0,"cards_obtained":["Underhanded Strike"]},{"damage_healed":0.0,"max_hp_gain":0.0,"max_hp_loss":0.0,"gold_gain":0.0,"event_name":"The Mausoleum","player_choice":"Opened","floor":28.0,"gold_loss":0.0,"damage_taken":0.0,"relics_obtained":["Sundial"],"cards_obtained":["Writhe"]},{"damage_healed":0.0,"max_hp_gain":0.0,"max_hp_loss":0.0,"gold_gain":0.0,"event_name":"Tomb of Lord Red Mask","player_choice":"Ignored","floor":37.0,"gold_loss":0.0,"damage_taken":0.0},{"damage_healed":0.0,"max_hp_gain":0.0,"max_hp_loss":0.0,"gold_gain":0.0,"event_name":"SensoryStone","player_choice":"Memory 1","floor":39.0,"gold_loss":0.0,"damage_taken":0.0},{"damage_healed":0.0,"max_hp_gain":0.0,"max_hp_loss":0.0,"gold_gain":0.0,"event_name":"Mysterious Sphere","player_choice":"Fight","floor":41.0,"gold_loss":0.0,"damage_taken":0.0}],"is_beta":false,"boss_relics":[{"not_picked":["Ectoplasm","SlaversCollar"],"picked":"Cursed Key"},{"not_picked":[]},{"not_picked":["Pandora\u0027s Box","Philosopher\u0027s Stone"],"picked":"Calling Bell"},{"not_picked":[]}],"items_purged_floors":[0,4,31,34,36,48],"is_endless":false,"potions_floor_spawned":[1,3,6,10,16,21,22,24,35,40,46,47],"ascension_level":11}}