{"host":"i09pxcjttd31eh4q","time":1609300029,"event":{"mods":["AchievementEnabler","BaseMod","Colored Map","Keyboard Shortcuts","Minty Spire (QoL Compilation)","StSLib","SuperFastMode"],"gold_per_floor":[117,136,21,41,53,53,85,103,103,103,114,114,114,114,114,114,114],"floor_reached":16,"playtime":277,"items_purged":[],"score":204,"play_id":"0c634d94-04f5-47bd-99d4-fcc927167e79","local_time":"20201230124709","is_ascension_mode":true,"campfire_choices":[{"data":"Bouncing Flask","floor":6.0,"key":"SMITH"},{"floor":10.0,"key":"REST"},{"data":"Noxious Fumes","floor":13.0,"key":"SMITH"},{"floor":15.0,"key":"REST"}],"circlet_count":0,"master_deck":["AscendersBane","Strike_G","Strike_G","Strike_G","Strike_G","Defend_G","Defend_G","Defend_G","Defend_G","Defend_G","Survivor","Neutralize","Deadly Poison","Backstab","Noxious Fumes+1","Bouncing Flask+1","Acrobatics","Escape Plan","Acrobatics"],"relics":["Ring of the Snake","PreservedInsect","Letter Opener"],"acts_visited":[],"potions_floor_usage":[16],"damage_taken":[{"damage":12.0,"enemies":"Cultist","floor":1.0,"turns":6.0},{"damage":7.0,"enemies":"Small Slimes","floor":2.0,"turns":4.0},{"damage":0.0,"enemies":"Jaw Worm","floor":4.0,"turns":3.0},{"damage":12.0,"enemies":"Gremlin Gang","floor":5.0,"turns":4.0},{"damage":11.0,"enemies":"Gremlin Nob","floor":7.0,"turns":3.0},{"damage":12.0,"enemies":"Exordium Thugs","floor":8.0,"turns":5.0},{"damage":1.0,"enemies":"Looter","floor":11.0,"turns":3.0},{"damage":51,"enemies":"Slime Boss","floor":16,"turns":6}],"seed_played":"4070675688560473572","potions_obtained":[{"floor":2.0,"key":"Strength Potion"},{"floor":5.0,"key":"AttackPotion"},{"floor":7.0,"key":"ColorlessPotion"},{"floor":8.0,"key":"DistilledChaos"}],"is_trial":false,"path_per_floor":["M","M","$","M","M","R","E","M","T","R","M","?","R","?","R","B"],"character_chosen":"THE_SILENT","items_purchased":["Noxious Fumes","Bouncing Flask"],"campfire_rested":2,"item_purchase_floors":[3,3],"current_hp_per_floor":[47,40,40,40,28,28,17,5,5,24,23,23,23,23,42,0,0],"gold":114,"neow_bonus":"REMOVE_CARD","is_daily":false,"chose_seed":false,"campfire_upgraded":2,"win_rate":0.0,"timestamp":1609300029,"path_taken":["M","M","$","M","M","R","E","M","T","R","M","?","R","?","R","BOSS"],"items_purchased_type":["Card","Card"],"build_version":"2020-12-22","purchased_purges":0,"victory":false,"max_hp_per_floor":[66,66,66,66,66,66,66,66,66,66,66,66,66,66,66,66,66],"card_choices":[{"not_picked":["Poisoned Stab","Setup"],"picked":"Deadly Poison","floor":1.0},{"not_picked":["Masterful Stab","Bane"],"picked":"Backstab","floor":2.0},{"not_picked":["Sucker Punch","Dagger Spray"],"picked":"Acrobatics","floor":4.0},{"not_picked":["Expertise","Slice","Bane"],"picked":"SKIP","floor":5.0},{"not_picked":["Deadly Poison","Dodge and Roll","Unload"],"picked":"SKIP","floor":7.0},{"not_picked":["Deadly Poison","Slice"],"picked":"Escape Plan","floor":8.0},{"not_picked":["Concentrate","Underhanded Strike"],"picked":"Acrobatics","floor":11.0}],"player_experience":787688,"relics_obtained":[{"floor":7.0,"key":"PreservedInsect"},{"floor":9.0,"key":"Letter Opener"}],"event_choices":[{"damage_healed":0.0,"max_hp_gain":0.0,"max_hp_loss":0.0,"gold_gain":0.0,"event_name":"Shining Light","player_choice":"Ignored","floor":12.0,"gold_loss":0.0,"damage_taken":0.0},{"damage_healed":0.0,"max_hp_gain":0.0,"max_hp_loss":0.0,"gold_gain":0.0,"event_name":"Liars Game","player_choice":"Ignored","floor":14.0,"gold_loss":0.0,"damage_taken":0.0}],"is_beta":false,"boss_relics":[],"items_purged_floors":[],"is_endless":false,"potions_floor_spawned":[2,5,7,8],"killed_by":"Slime Boss","ascension_level":20}}