{"host":"ypphcgdomtfqpc2w","time":1609332751,"event":{"mods":["BaseMod","Minty Spire (QoL Compilation)","StSLib"],"gold_per_floor":[14,30,30,49,66,66,86,86,86,121,133,143,143,153,153,227,277,291,181,194,244,244,244],"floor_reached":22,"playtime":1169,"items_purged":[],"score":380,"play_id":"63085b0c-ba67-4ca5-9ee5-e5a0ed106216","local_time":"20201230215231","is_ascension_mode":true,"campfire_choices":[{"data":"Pommel Strike","floor":6.0,"key":"SMITH"},{"data":"Bash","floor":8.0,"key":"SMITH"},{"data":"1","floor":15.0,"key":"LIFT"}],"circlet_count":0,"master_deck":["AscendersBane","Strike_R+1","Strike_R","Strike_R","Strike_R","Defend_R","Defend_R+1","Defend_R+1","Defend_R","Bash+1","Fiend Fire","Flame Barrier","Pummel+1","Pommel Strike+1","Headbutt","Shrug It Off","Sword Boomerang","Berserk","Limit Break","Seeing Red","Evolve","Fire Breathing"],"relics":["Burning Blood","Question Card","Girya","Tiny House"],"acts_visited":["Exordium","TheCity"],"potions_floor_usage":[22],"damage_taken":[{"damage":7.0,"enemies":"2 Louse","floor":1.0,"turns":3.0},{"damage":1.0,"enemies":"Cultist","floor":2.0,"turns":3.0},{"damage":1.0,"enemies":"Small Slimes","floor":4.0,"turns":3.0},{"damage":0.0,"enemies":"2 Fungi Beasts","floor":5.0,"turns":2.0},{"damage":15.0,"enemies":"Lots of Slimes","floor":7.0,"turns":5.0},{"damage":24.0,"enemies":"Gremlin Nob","floor":10.0,"turns":4.0},{"damage":2.0,"enemies":"Red Slaver","floor":11.0,"turns":3.0},{"damage":3.0,"enemies":"Looter","floor":12.0,"turns":3.0},{"damage":14.0,"enemies":"Lots of Slimes","floor":14.0,"turns":6.0},{"damage":31.0,"enemies":"The Guardian","floor":16.0,"turns":13.0},{"damage":35.0,"enemies":"2 Thieves","floor":18.0,"turns":4.0},{"damage":28.0,"enemies":"Shell Parasite","floor":20.0,"turns":6.0},{"damage":42,"enemies":"Centurion and Healer","floor":22,"turns":5}],"seed_played":"-3726647026453960254","potions_obtained":[{"floor":1.0,"key":"Ancient Potion"},{"floor":3.0,"key":"Weak Potion"},{"floor":3.0,"key":"FairyPotion"},{"floor":7.0,"key":"Fruit Juice"},{"floor":11.0,"key":"PowerPotion"},{"floor":12.0,"key":"Regen Potion"},{"floor":17.0,"key":"SpeedPotion"},{"floor":18.0,"key":"Block Potion"}],"is_trial":false,"path_per_floor":["M","M","?","M","M","R","M","R","T","E","M","M","?","M","R","B",null,"M","?","M","?","M"],"character_chosen":"IRONCLAD","items_purchased":[],"campfire_rested":0,"item_purchase_floors":[],"current_hp_per_floor":[67,72,72,75,75,75,66,66,66,48,57,60,36,43,43,18,70,41,41,19,19,0,0],"gold":244,"neow_bonus":"THREE_RARE_CARDS","is_daily":false,"chose_seed":false,"campfire_upgraded":2,"win_rate":0.0,"timestamp":1609332751,"path_taken":["M","M","?","M","M","R","M","R","T","E","?","M","?","M","R","BOSS","M","?","?","?","?"],"items_purchased_type":[],"build_version":"2020-12-22","purchased_purges":0,"victory":false,"max_hp_per_floor":[75,75,75,75,75,75,75,75,75,75,80,80,80,80,80,80,85,85,85,85,85,85,85],"card_choices":[{"not_picked":["Berserk","Exhume"],"picked":"Fiend Fire","floor":0.0},{"not_picked":["Dropkick","Iron Wave"],"picked":"Flame Barrier","floor":1.0},{"not_picked":["Havoc","Clothesline"],"picked":"Pummel","floor":2.0},{"not_picked":["Wild Strike","Hemokinesis"],"picked":"Pommel Strike","floor":4.0},{"not_picked":["Perfected Strike","Seeing Red","Entrench"],"picked":"SKIP","floor":5.0},{"not_picked":["Reckless Charge","True Grit"],"picked":"Headbutt","floor":7.0},{"not_picked":["Sword Boomerang","Wild Strike","Entrench"],"picked":"Shrug It Off","floor":10.0},{"not_picked":["Clothesline","Cleave","Warcry","Thunderclap"],"picked":"SKIP","floor":11.0},{"not_picked":["Armaments","Warcry","Twin Strike"],"picked":"Sword Boomerang","floor":12.0},{"not_picked":["Flame Barrier","Infernal Blade","Cleave"],"picked":"Berserk","floor":14.0},{"not_picked":["Juggernaut","Berserk","Bludgeon"],"picked":"Limit Break","floor":16.0},{"not_picked":["Cleave","Blood for Blood","Armaments"],"picked":"Seeing Red","floor":17.0},{"not_picked":["Pommel Strike","Perfected Strike+1","Iron Wave"],"picked":"Evolve","floor":18.0},{"not_picked":["Bloodletting","Havoc","Clash"],"picked":"Fire Breathing","floor":20.0}],"player_experience":1966739,"relics_obtained":[{"floor":9.0,"key":"Question Card"},{"floor":10.0,"key":"Girya"}],"event_choices":[{"damage_healed":0.0,"max_hp_gain":0.0,"max_hp_loss":0.0,"gold_gain":0.0,"event_name":"Lab","player_choice":"Got Potions","floor":3.0,"gold_loss":0.0,"damage_taken":0.0},{"damage_healed":0.0,"max_hp_gain":0.0,"max_hp_loss":0.0,"gold_gain":0.0,"event_name":"Shining Light","player_choice":"Entered Light","floor":13.0,"gold_loss":0.0,"damage_taken":24.0,"cards_upgraded":["Strike_R","Pummel"]},{"cards_removed":["Strike_R"],"damage_healed":0.0,"max_hp_gain":0.0,"max_hp_loss":0.0,"gold_gain":0.0,"event_name":"Designer","player_choice":"Upgrade and Remove","floor":19.0,"gold_loss":110.0,"damage_taken":0.0,"cards_upgraded":["Defend_R"]},{"damage_healed":0.0,"max_hp_gain":0.0,"max_hp_loss":0.0,"gold_gain":100.0,"event_name":"The Joust","player_choice":"Bet on Murderer","floor":21.0,"gold_loss":50.0,"damage_taken":0.0}],"is_beta":false,"boss_relics":[{"not_picked":["Mark of Pain","Ectoplasm"],"picked":"Tiny House"}],"items_purged_floors":[],"is_endless":false,"potions_floor_spawned":[1,7,11,12,18],"killed_by":"Centurion and Healer","ascension_level":20}}