{"host":"hdafziggwnbzqpcb","time":1609287092,"event":{"mods":["BaseMod","Better Vampires","Colored Map","Colored Powertips","Curses Come First","Duelist Mod","GifTheSpireLib","Hero for Fun","Minty Spire (QoL Compilation)","Quick Restart","Rare Cards Sparkle","Relic Stats","Spicy Shops","StSLib","The Bug Knight","The Cursed","The Marked","The Senshi","The Wild Card","TheHero"],"gold_per_floor":[113,50,69,84,9,9,9,44,44,61,61,61,61,74,74,147,147,157,157,72,122,122,150,150,0,27,54,69,87,99,128,128,203,203,215,229,104,104,117,144,144,176,176,203,115,115,115,126,126,126,126],"floor_reached":52,"playtime":3746,"items_purged":["theSenshi:SchoolBag","theSenshi:TallSilhouette","theSenshi:SailorJupiterAssists"],"score":2217,"play_id":"2794328a-d9ed-47ae-ae24-b6ebe7ce0e3a","local_time":"20201229161132","daily_mods":["SealedDeck"],"is_ascension_mode":true,"campfire_choices":[{"data":"theSenshi:LateForSchool","floor":6.0,"key":"SMITH"},{"data":"theSenshi:MoonPrincessHalation","floor":11.0,"key":"SMITH"},{"floor":15.0,"key":"REST"},{"floor":24.0,"key":"REST"},{"data":"theSenshi:DramaticEntrance","floor":32.0,"key":"SMITH"},{"data":"theSenshi:LateForSchool","floor":41.0,"key":"SMITH"},{"data":"theSenshi:MoonGorgeousMeditation","floor":46.0,"key":"SMITH"},{"floor":49.0,"key":"REST"}],"circlet_count":0,"master_deck":["AscendersBane","theSenshi:MoonsReflection","theSenshi:MoonPower","theSenshi:DramaticEntrance+1","theSenshi:MoonPrincessHalation+1","theSenshi:LateForSchool+1","theSenshi:MoonTiaraMagic+1","theSenshi:MoonCrystalPowerMakeUp","theSenshi:StarlightHoneymoonTherapyKiss","theSenshi:LateForSchool+1","theSenshi:LateForSchool","theSenshi:MoonPower+1","theSenshi:Overload","theSenshi:MoonGorgeousMeditation+1","theSenshi:SailorMercuryAssists+1","theSenshi:MoonCosmicPowerMakeUp"],"relics":["theSenshi:TransformationBroochRelic","Lizard Tail","Nunchaku","Pantograph","theSenshi:EternalSailorFukuRelic","Regal Pillow","theSenshi:SuperSailorFukuRelic","Strawberry","Pocketwatch","theSenshi:CutieMoonRodRelic","theSenshi:MoonKaleidoScopeRelic","Akabeko","Pen Nib","theSenshi:EternalTiareRelic","MawBank"],"acts_visited":["Exordium","TheCity","TheBeyond"],"potions_floor_usage":[51],"damage_taken":[{"damage":6.0,"enemies":"Cultist","floor":1.0,"turns":3.0},{"damage":4.0,"enemies":"Small Slimes","floor":3.0,"turns":3.0},{"damage":4.0,"enemies":"Jaw Worm","floor":4.0,"turns":3.0},{"damage":30.0,"enemies":"3 Sentries","floor":8.0,"turns":7.0},{"damage":4.0,"enemies":"Looter","floor":10.0,"turns":3.0},{"damage":5.0,"enemies":"Blue Slaver","floor":14.0,"turns":2.0},{"damage":32.0,"enemies":"Hexaghost","floor":16.0,"turns":6.0},{"damage":10.0,"enemies":"Chosen","floor":18.0,"turns":5.0},{"damage":6.0,"enemies":"theDuelist:KaibaA2","floor":23.0,"turns":4.0},{"damage":6.0,"enemies":"Gremlin Leader","floor":27.0,"turns":4.0},{"damage":21.0,"enemies":"Shelled Parasite and Fungi","floor":28.0,"turns":2.0},{"damage":14.0,"enemies":"Snake Plant","floor":29.0,"turns":3.0},{"damage":0.0,"enemies":"Sentry and Sphere","floor":30.0,"turns":1.0},{"damage":4.0,"enemies":"Book of Stabbing","floor":31.0,"turns":2.0},{"damage":0.0,"enemies":"Collector","floor":33.0,"turns":2.0},{"damage":10.0,"enemies":"3 Shapes","floor":35.0,"turns":3.0},{"damage":0.0,"enemies":"Orb Walker","floor":36.0,"turns":2.0},{"damage":0.0,"enemies":"Transient","floor":39.0,"turns":6.0},{"damage":18.0,"enemies":"Giant Head","floor":40.0,"turns":5.0},{"damage":0.0,"enemies":"HollowMod:StalkingDevout","floor":42.0,"turns":1.0},{"damage":0.0,"enemies":"Reptomancer","floor":44.0,"turns":2.0},{"damage":17.0,"enemies":"Writhing Mass","floor":48.0,"turns":2.0},{"damage":25.0,"enemies":"Donu and Deca","floor":50.0,"turns":5.0},{"damage":51,"enemies":"Awakened One","floor":51,"turns":7}],"seed_played":"4876428084506787961","potions_obtained":[{"floor":8.0,"key":"Dexterity Potion"},{"floor":10.0,"key":"BlessingOfTheForge"},{"floor":16.0,"key":"Fruit Juice"},{"floor":23.0,"key":"Swift Potion"},{"floor":27.0,"key":"Regen Potion"},{"floor":28.0,"key":"BlessingOfTheForge"},{"floor":39.0,"key":"Ancient Potion"},{"floor":42.0,"key":"BlessingOfTheForge"}],"is_trial":true,"path_per_floor":["M","?","M","M","$","R","$","E","T","M","R","?","?","M","R","B",null,"M","?","?","?","$","E","R","$","T","E","M","M","M","E","R","B",null,"M","M","$","?","M","E","R","E","T","E","$","R","?","M","R","B","B",null],"character_chosen":"THE_SENSHI","items_purchased":["theSenshi:LateForSchool","theSenshi:MoonCosmicPowerMakeUp"],"campfire_rested":3,"item_purchase_floors":[25,45],"current_hp_per_floor":[62,62,58,54,54,54,54,24,24,20,20,20,20,15,37,35,69,59,36,36,36,36,30,70,70,77,71,55,41,41,37,37,62,85,75,75,75,75,75,57,57,57,57,57,57,57,57,40,82,67,41],"gold":126,"neow_bonus":"","is_daily":false,"chose_seed":false,"campfire_upgraded":5,"win_rate":0.0,"timestamp":1609287092,"path_taken":["M","?","?","M","$","R","?","E","T","M","R","?","?","M","R","BOSS","M","?","?","?","?","E","R","$","T","E","M","M","?","E","R","BOSS","M","M","$","?","?","E","R","E","T","E","$","R","?","M","R","BOSS","BOSS"],"items_purchased_type":["Card","Card"],"build_version":"2020-12-22","purchased_purges":3,"victory":true,"max_hp_per_floor":[75,75,75,75,75,75,75,75,75,75,75,75,75,75,75,80,80,80,85,85,85,85,85,85,85,92,92,92,92,92,92,92,92,92,92,92,92,92,92,92,92,92,92,92,92,92,92,92,92,92,92],"relic_stats":{"Lizard Tail":0,"Nunchaku":[14],"Regal Pillow":30,"counters":[24,83],"Pantograph":85,"Pen Nib":[3],"MawBank":12,"obtain_stats":[{"theSenshi:EternalSailorFukuRelic":17,"theSenshi:CutieMoonRodRelic":31,"Regal Pillow":20,"theSenshi:SuperSailorFukuRelic":23,"theSenshi:MoonKaleidoScopeRelic":34,"Pen Nib":42,"MawBank":44,"Akabeko":40,"Lizard Tail":2,"Nunchaku":8,"theSenshi:TransformationBroochRelic":0,"Pantograph":9,"Strawberry":26,"theSenshi:EternalTiareRelic":43,"Pocketwatch":27},{"theSenshi:EternalSailorFukuRelic":7,"theSenshi:CutieMoonRodRelic":14,"Regal Pillow":8,"theSenshi:SuperSailorFukuRelic":9,"theSenshi:MoonKaleidoScopeRelic":15,"Pen Nib":20,"MawBank":21,"Akabeko":19,"Lizard Tail":1,"Nunchaku":4,"theSenshi:TransformationBroochRelic":0,"Pantograph":4,"Strawberry":9,"theSenshi:EternalTiareRelic":20,"Pocketwatch":10},{"theSenshi:EternalSailorFukuRelic":27,"theSenshi:CutieMoonRodRelic":48,"Regal Pillow":32,"theSenshi:SuperSailorFukuRelic":36,"theSenshi:MoonKaleidoScopeRelic":50,"Pen Nib":67,"MawBank":69,"Akabeko":66,"Lizard Tail":3,"Nunchaku":16,"theSenshi:TransformationBroochRelic":0,"Pantograph":16,"Strawberry":36,"theSenshi:EternalTiareRelic":67,"Pocketwatch":40}],"Pocketwatch":[12]},"card_choices":[{"not_picked":["theSenshi:TuxedoMaskAssists","theSenshi:SailorMarsAssists","theSenshi:LunasBite"],"picked":"SKIP","floor":1.0},{"not_picked":["theSenshi:EncouragingSpeech","theSenshi:TallSilhouette","theSenshi:MoonPrincessHalation"],"picked":"SKIP","floor":3.0},{"not_picked":["theSenshi:PlutosSolemnity","theSenshi:MoonsReflection","theSenshi:SailorPlanetAttack"],"picked":"SKIP","floor":4.0},{"not_picked":["theSenshi:MoonsReflection","theSenshi:SaturnsMystery","theSenshi:MoonTiaraMagic"],"picked":"SKIP","floor":8.0},{"not_picked":["theSenshi:MoonPrincessHalation","theSenshi:MoonPower","theSenshi:SailorMarsAssists"],"picked":"SKIP","floor":10.0},{"not_picked":["theSenshi:CrisisMakeUp","theSenshi:MoonsReflection","theSenshi:SchoolBag"],"picked":"SKIP","floor":14.0},{"not_picked":["theSenshi:IWillPunishYou","theSenshi:InTheNameOfTheMoon"],"picked":"theSenshi:StarlightHoneymoonTherapyKiss","floor":16.0},{"not_picked":["theSenshi:SailorPlanetAttack","theSenshi:SailorJupiterAssists","theSenshi:KlutzyLuck"],"picked":"SKIP","floor":18.0},{"not_picked":["theSenshi:LunasBite","theSenshi:SailorVenusAssists"],"picked":"theSenshi:LateForSchool","floor":23.0},{"not_picked":["theSenshi:UranusStrength+1","theSenshi:LunasBite"],"picked":"theSenshi:MoonPower+1","floor":27.0},{"not_picked":["theSenshi:SailorMarsAssists+1","theSenshi:TuxedoMaskAssists","theSenshi:SailorJupiterAssists"],"picked":"SKIP","floor":28.0},{"not_picked":["theSenshi:SteeledNerves","theSenshi:SchoolBag"],"picked":"theSenshi:Overload","floor":29.0},{"not_picked":["theSenshi:MoonKick","theSenshi:YouCanTalk","theSenshi:SupersonicWaves"],"picked":"SKIP","floor":30.0},{"not_picked":["theSenshi:LateForSchool","theSenshi:SaturnsMystery","theSenshi:GatheringStrength"],"picked":"SKIP","floor":31.0},{"not_picked":["theSenshi:MoonEternalMakeUp","theSenshi:SailorSaturnAssists"],"picked":"theSenshi:MoonGorgeousMeditation","floor":33.0},{"not_picked":["theSenshi:MoonPunch","theSenshi:MoonPrincessHalation","theSenshi:SailorV"],"picked":"SKIP","floor":35.0},{"not_picked":["theSenshi:SailorVenusAssists","theSenshi:MarsPride"],"picked":"theSenshi:SailorMercuryAssists+1","floor":36.0},{"not_picked":["theSenshi:OdangoHead","theSenshi:SailorNeptuneAssists","theSenshi:MercurysCunning+1"],"picked":"SKIP","floor":39.0},{"not_picked":["theSenshi:MoonKick","theSenshi:SailorChibiMoonAssists+1","theSenshi:SailorMercuryAssists"],"picked":"SKIP","floor":40.0},{"not_picked":["theSenshi:SailorChibiMoonAssists","theSenshi:TuxedoSmokingBomber","theSenshi:MoonPower"],"picked":"SKIP","floor":42.0},{"not_picked":["theSenshi:LunaWiseMentor","theSenshi:SupersonicWaves","theSenshi:LateForSchool+1"],"picked":"SKIP","floor":44.0},{"not_picked":["theSenshi:SailorVenusAssists","theSenshi:SailorMarsAssists","theSenshi:TallSilhouette"],"picked":"SKIP","floor":48.0}],"player_experience":684895,"relics_obtained":[{"floor":8.0,"key":"Nunchaku"},{"floor":9.0,"key":"Pantograph"},{"floor":23.0,"key":"theSenshi:SuperSailorFukuRelic"},{"floor":26.0,"key":"Strawberry"},{"floor":27.0,"key":"Pocketwatch"},{"floor":31.0,"key":"theSenshi:CutieMoonRodRelic"},{"floor":40.0,"key":"Akabeko"},{"floor":42.0,"key":"Pen Nib"},{"floor":43.0,"key":"theSenshi:EternalTiareRelic"},{"floor":44.0,"key":"MawBank"}],"event_choices":[{"damage_healed":0.0,"max_hp_gain":0.0,"max_hp_loss":0.0,"gold_gain":0.0,"event_name":"WeMeetAgain","player_choice":"Paid Gold","floor":2.0,"gold_loss":63.0,"damage_taken":0.0,"relics_obtained":["Lizard Tail"]},{"damage_healed":0.0,"max_hp_gain":0.0,"max_hp_loss":0.0,"gold_gain":0.0,"event_name":"Scrap Ooze","player_choice":"Fled","floor":12.0,"gold_loss":0.0,"damage_taken":0.0},{"damage_healed":0.0,"max_hp_gain":0.0,"max_hp_loss":0.0,"gold_gain":0.0,"event_name":"Living Wall","player_choice":"Grow","floor":13.0,"gold_loss":0.0,"damage_taken":0.0,"cards_upgraded":["theSenshi:MoonTiaraMagic"]},{"damage_healed":0.0,"max_hp_gain":5.0,"max_hp_loss":0.0,"gold_gain":0.0,"event_name":"Forgotten Altar","player_choice":"Shed Blood","floor":19.0,"gold_loss":0.0,"damage_taken":28.0},{"damage_healed":0.0,"max_hp_gain":0.0,"max_hp_loss":0.0,"gold_gain":0.0,"event_name":"Addict","player_choice":"Obtained Relic","floor":20.0,"gold_loss":85.0,"damage_taken":0.0,"relics_obtained":["Regal Pillow"]},{"damage_healed":0.0,"max_hp_gain":0.0,"max_hp_loss":0.0,"gold_gain":50.0,"event_name":"Nest","player_choice":"Stole From Cult","floor":21.0,"gold_loss":0.0,"damage_taken":0.0},{"damage_healed":0.0,"max_hp_gain":0.0,"max_hp_loss":0.0,"gold_gain":0.0,"event_name":"Match and Keep!","player_choice":"0 cards matched","floor":38.0,"gold_loss":0.0,"damage_taken":0.0,"cards_obtained":[]},{"damage_healed":0.0,"max_hp_gain":0.0,"max_hp_loss":0.0,"gold_gain":0.0,"event_name":"SensoryStone","player_choice":"Memory 1","floor":47.0,"gold_loss":0.0,"damage_taken":0.0}],"is_beta":false,"boss_relics":[{"not_picked":["Runic Dome","Empty Cage"],"picked":"theSenshi:EternalSailorFukuRelic"},{"not_picked":["Black Star","Philosopher\u0027s Stone"],"picked":"theSenshi:MoonKaleidoScopeRelic"}],"items_purged_floors":[5,25,37],"is_endless":false,"potions_floor_spawned":[8,10,14,16,23,27,28,39,42,44,48],"ascension_level":20}}