{"host":"i0avyit1s6jb1siw","time":1609350293,"event":{"mods":["BaseMod","DeckTracker","Dota2Spire","Highlight Path","Minty Spire (QoL Compilation)","Quick Restart","Replay The Spire","StSLib","SuperFastMode"],"gold_per_floor":[111,111,36,50,62,91,91,91,163,194,206,47,81,91,91,167,167,181,181,56,70,100,100,133,133,158,190,190,40,69,87,87,87,87],"floor_reached":33,"playtime":1047,"items_purged":["Pain","Strike_G","Strike_G","Strike_G"],"score":642,"play_id":"9453b53d-2cef-47f3-a73c-03f82473a285","local_time":"20201230184453","is_ascension_mode":true,"campfire_choices":[{"data":"Crippling Poison","floor":7,"key":"SMITH"},{"data":"Footwork","floor":15,"key":"SMITH"},{"data":"Ghostly","floor":23,"key":"SMITH"},{"data":"Ghostly","floor":25,"key":"SMITH"},{"data":"Adrenaline","floor":28,"key":"SMITH"},{"data":"Deadly Poison","floor":32,"key":"SMITH"}],"circlet_count":0,"master_deck":["AscendersBane","Strike_G","Strike_G","Defend_G","Defend_G","Defend_G","Defend_G","Defend_G","Survivor","Neutralize","Deadly Poison+1","Crippling Poison+1","Adrenaline+1","Night Terror","Calculated Gamble","Backflip","Footwork+1","Dash+1","Bullet Time","Ghostly","Ghostly+1","Ghostly+1"],"relics":["Ring of the Snake","NeowsBlessing","WarpedTongs","Dota2Spire:ArcaneBoots","Dota2Spire:MantaStyle","Mirror","Dota2Spire:ShadowBlade","Dota2Spire:Bloodstone","Red Mask","Dota2Spire:ShivaGuard","Dota2Spire:BlackKingBar","Replay:Baseball"],"acts_visited":["Exordium","TheCity"],"potions_floor_usage":[6,6,13,16,18,22,24,27,27],"damage_taken":[{"damage":0,"enemies":"Small Slimes","floor":1,"turns":1},{"damage":0,"enemies":"Cultist","floor":4,"turns":1},{"damage":0,"enemies":"2 Louse","floor":5,"turns":1},{"damage":16,"enemies":"Lagavulin","floor":6,"turns":9},{"damage":9,"enemies":"3 Sentries","floor":10,"turns":7},{"damage":9,"enemies":"Exordium Wildlife","floor":11,"turns":3},{"damage":1,"enemies":"Lagavulin","floor":13,"turns":5},{"damage":3,"enemies":"Looter","floor":14,"turns":3},{"damage":14,"enemies":"The Guardian","floor":16,"turns":12},{"damage":2,"enemies":"Shell Parasite","floor":18,"turns":6},{"damage":0,"enemies":"Chosen","floor":21,"turns":6},{"damage":0,"enemies":"Masked Bandits","floor":22,"turns":5},{"damage":5,"enemies":"Gremlin Leader","floor":24,"turns":9},{"damage":2,"enemies":"Slavers","floor":27,"turns":6},{"damage":3,"enemies":"Book of Stabbing","floor":30,"turns":9},{"damage":0,"enemies":"Centurion and Healer","floor":31,"turns":9},{"damage":32,"enemies":"Pondfish","floor":33,"turns":13}],"seed_played":"1353780964117397025","potions_obtained":[{"floor":4,"key":"Adrenaline Potion"},{"floor":5,"key":"Weak Potion"},{"floor":6,"key":"EntropicBrew"},{"floor":11,"key":"LiquidMemories"},{"floor":18,"key":"Flashbang"},{"floor":22,"key":"Dota2Spire:HealingSalve"},{"floor":24,"key":"PowerPotion"},{"floor":31,"key":"Elixir"}],"is_trial":false,"path_per_floor":["M","?","$","M","M","E","R","?","T","E","M","$","E","M","R","B",null,"M","?","$","M","?","R","E","R","T","E","R","$","E","M","R","B"],"character_chosen":"THE_SILENT","items_purchased":["Dash+1"],"campfire_rested":0,"item_purchase_floors":[12],"current_hp_per_floor":[59,59,59,59,59,43,43,43,43,34,25,25,24,21,21,7,51,49,33,33,33,33,33,33,33,33,31,31,31,28,28,28,0,0],"gold":87,"neow_bonus":"THREE_ENEMY_KILL","is_daily":false,"chose_seed":false,"campfire_upgraded":6,"win_rate":0.0,"timestamp":1609350293,"path_taken":["M","?","$","?","M","E","R","?","T","E","?","?","E","M","R","BOSS","M","?","$","M","?","R","E","R","T","E","R","$","E","?","R","BOSS"],"items_purchased_type":["Card"],"build_version":"2020-12-22","purchased_purges":4,"victory":false,"max_hp_per_floor":[66,66,66,66,66,66,66,66,66,66,66,66,66,66,66,66,66,66,33,33,33,33,33,33,33,33,33,33,33,33,33,33,33,33],"card_choices":[{"not_picked":["Outmaneuver","Backflip"],"picked":"Deadly Poison","floor":1},{"not_picked":["Toxin Wave","Underhanded Strike"],"picked":"Crippling Poison","floor":4},{"not_picked":["Dagger Spray","Cloak And Dagger"],"picked":"Adrenaline","floor":5},{"not_picked":["Flying Knee","Quick Slash"],"picked":"Night Terror","floor":6},{"not_picked":["Outmaneuver","Terror"],"picked":"Footwork","floor":10},{"not_picked":["Setup","Dagger Throw","Deadly Poison"],"picked":"SKIP","floor":11},{"not_picked":["Doppelganger","Poisoned Stab","Quick Slash"],"picked":"SKIP","floor":13},{"not_picked":["Hidden Blade","Slice","Blur"],"picked":"SKIP","floor":14},{"not_picked":["Unload","Glass Knife"],"picked":"Bullet Time","floor":16},{"not_picked":["Dodge and Roll","Outmaneuver","Deadly Poison"],"picked":"SKIP","floor":18},{"not_picked":["Bouncing Flask","Dagger Spray","Acrobatics"],"picked":"SKIP","floor":21},{"not_picked":["Dagger Spray","Grand Finale","Backflip"],"picked":"SKIP","floor":24},{"not_picked":["Dodge and Roll","Calculated Gamble","Dagger Spray+1"],"picked":"SKIP","floor":27},{"not_picked":["PiercingWail","Terror","Backflip"],"picked":"SKIP","floor":30},{"not_picked":["Backstab","ReplayTheSpireMod:Shiv Toss","PiercingWail+1"],"picked":"SKIP","floor":31}],"player_experience":2144491,"relics_obtained":[{"floor":6,"key":"Dota2Spire:ArcaneBoots"},{"floor":9,"key":"Dota2Spire:MantaStyle"},{"floor":10,"key":"Mirror"},{"floor":13,"key":"Dota2Spire:ShadowBlade"},{"floor":22,"key":"Red Mask"},{"floor":24,"key":"Dota2Spire:ShivaGuard"},{"floor":27,"key":"Dota2Spire:BlackKingBar"},{"floor":30,"key":"Replay:Baseball"}],"event_choices":[{"damage_healed":0,"gold_gain":0,"player_choice":"Rummage","damage_taken":0,"relics_obtained":["WarpedTongs"],"max_hp_gain":0,"max_hp_loss":0,"event_name":"Accursed Blacksmith","floor":2,"gold_loss":0,"cards_obtained":["Pain"]},{"damage_healed":0,"gold_gain":0,"player_choice":"2 cards matched","damage_taken":0,"max_hp_gain":0,"max_hp_loss":0,"event_name":"Match and Keep!","floor":8,"gold_loss":0,"cards_obtained":["Calculated Gamble","Backflip"]},{"damage_healed":0,"gold_gain":0,"player_choice":"Became a Ghost","damage_taken":0,"max_hp_gain":0,"max_hp_loss":33,"event_name":"Ghosts","floor":19,"gold_loss":0,"cards_obtained":["Ghostly","Ghostly","Ghostly"]},{"damage_healed":0,"gold_gain":0,"player_choice":"Fought Bandits","damage_taken":0,"max_hp_gain":0,"max_hp_loss":0,"event_name":"Masked Bandits","floor":22,"gold_loss":0}],"is_beta":false,"boss_relics":[{"not_picked":["Runic Dome","Abe\u0027s Treasure"],"picked":"Dota2Spire:Bloodstone"}],"items_purged_floors":[3,12,20,29],"is_endless":false,"potions_floor_spawned":[4,5,6,11,16,18,22,24,31],"killed_by":"Pondfish","ascension_level":20}}