{"host":"a3oe3gstxz77c7qu","time":1609359450,"event":{"mods":["2.2 Compatiblity","Act Like it!","BaseMod","Bestiary","Better Altar","Better Match","Better Note","Better Skull","Better Third Choice","Block Reminder","Curses Come First","Custom Start","Friendly Minions","GifTheSpireLib","Infinite Spire","Lobotomy","LobotomyExtend","Minty Spire (QoL Compilation)","Permanent Neow","Quick Restart","Relic Stats","Replay The Spire","StSLib","Uncapped","Wandering Minibosses"],"gold_per_floor":[114,114,124,144,144,144,7,7,89,89,107,181,294,364,364,364],"floor_reached":5,"playtime":593,"items_purged":[],"score":47,"play_id":"9199ef49-61a4-4848-967d-debe2d31b04f","local_time":"20201230201730","is_ascension_mode":true,"campfire_choices":[],"circlet_count":0,"master_deck":["SpecialBullet","SpecialBullet","SpecialBullet","SpecialBullet","SpecialBullet","SpecialBullet","SpecialBullet","InformationCode","SecurityCode","ExtractionCode","Christmas","Harmony","Mimicry","SolemnVow+1","Regret_ego+1","GreenStem+1","BloodyDesire+1","Lamp+2","Laetitia_ego+1"],"relics":["CogitoBucket","RabbitCall","Golden Idol","Question Card","LetterFromLob","SkinProphecy"],"acts_visited":["Exordium"],"potions_floor_usage":[],"damage_taken":[{"damage":10,"enemies":"Small Slimes","floor":1,"turns":3},{"damage":12,"enemies":"Jaw Worm","floor":3,"turns":3},{"damage":16,"enemies":"2 Louse","floor":4,"turns":3},{"damage":5,"enemies":"Small Slimes","floor":1,"turns":4},{"damage":16,"enemies":"Cultist","floor":2,"turns":4},{"damage":28,"enemies":"2 Louse","floor":3,"turns":7},{"damage":21,"enemies":"2 Fungi Beasts","floor":4,"turns":4},{"damage":18,"enemies":"Lots of Slimes","floor":5,"turns":2}],"seed_played":"1580024729440922374","potions_obtained":[],"is_trial":false,"path_per_floor":["M","?","M","M","?","R","$","R","T","R","M","M","M","M","M","M"],"character_chosen":"Angela","items_purchased":["Mimicry"],"campfire_rested":0,"item_purchase_floors":[7],"current_hp_per_floor":[68,70,66,58,41,41,41,41,41,41,70,62,34,17,0,0],"gold":364,"neow_bonus":"ONE_RANDOM_RARE_CARD","is_daily":false,"chose_seed":false,"campfire_upgraded":0,"win_rate":0.0,"timestamp":1609359450,"path_taken":["M","?","M","M","?","R","?","R","T","R","M","M","M","M","M","M"],"items_purchased_type":["Card"],"build_version":"2020-12-22","purchased_purges":0,"victory":false,"max_hp_per_floor":[70,70,70,70,70,70,70,70,70,70,70,70,70,72,74,74],"relic_stats":{"counters":[9,31],"Golden Idol":16,"Question Card":22,"obtain_stats":[{"RabbitCall":0,"CogitoBucket":0,"Golden Idol":5,"LetterFromLob":1,"SkinProphecy":3,"Question Card":9},{"RabbitCall":0,"CogitoBucket":0,"Golden Idol":3,"LetterFromLob":1,"SkinProphecy":7,"Question Card":3},{"RabbitCall":0,"CogitoBucket":0,"Golden Idol":9,"LetterFromLob":3,"SkinProphecy":25,"Question Card":9}]},"card_choices":[{"not_picked":["Tough"],"picked":"Christmas","floor":1},{"not_picked":["BlackSwan_ego"],"picked":"Harmony","floor":1},{"not_picked":["Lantern","FourthMatchFlame"],"picked":"SKIP","floor":3},{"not_picked":["Soda","RapturousDream"],"picked":"SKIP","floor":3},{"not_picked":["TodaysExpression","Wingbeat"],"picked":"SKIP","floor":4},{"not_picked":["Harmony","Noise"],"picked":"SKIP","floor":4},{"not_picked":["SingingMachine","ShyLook","CherryBlossoms"],"picked":"Singing Bowl","floor":1},{"not_picked":["DaCapo+1","Moonlight+1","CrimsonScar+1","WristCuter+1"],"picked":"SKIP","floor":1},{"not_picked":["SomewhereSpear+1","Lantern+1","Twilight+1","BlackSwan_ego+1"],"picked":"SKIP","floor":1},{"not_picked":["Hypocrisy+1","Harvest+1","SomewhereSpear+1"],"picked":"SolemnVow+1","floor":2},{"not_picked":["Penitence+1","Wingbeat+1","Diffraction+1"],"picked":"Regret_ego+1","floor":2},{"not_picked":["BeautyBeast","NakedNest","BigBird"],"picked":"Singing Bowl","floor":2},{"not_picked":["Wingbeat+1","CherryBlossom+1","Beak+1"],"picked":"GreenStem+1","floor":3},{"not_picked":["InTheNameOfLoveAndHate+1","Reverberation+1","Wingbeat+1"],"picked":"BloodyDesire+1","floor":3},{"not_picked":["VoidDream","MHz","Yin"],"picked":"Singing Bowl","floor":3},{"not_picked":["Lantern+1","TodaysExpression+1","Horn+1"],"picked":"Lamp+1","floor":4},{"not_picked":["Wingbeat+1","Penitence+1","Beak+1"],"picked":"Laetitia_ego+1","floor":4},{"not_picked":["DespairKnight","LittleHelper","Yin"],"picked":"Singing Bowl","floor":4}],"player_experience":696021,"relics_obtained":[{"floor":1,"key":"LetterFromLob"},{"floor":9,"key":"Question Card"},{"floor":1,"key":"LetterFromLob"}],"event_choices":[{"damage_healed":0,"gold_gain":0,"player_choice":"Take Damage","damage_taken":17,"relics_obtained":["Golden Idol"],"max_hp_gain":0,"max_hp_loss":0,"event_name":"Golden Idol","floor":5,"gold_loss":0}],"is_beta":false,"boss_relics":[],"items_purged_floors":[],"is_endless":false,"potions_floor_spawned":[],"killed_by":"Lots of Slimes","ascension_level":4}}