{"host":"utqe55yv0jihe4d6","time":1609298191,"event":{"mods":["2.2 Compatiblity","AchievementEnabler","BaseMod","Block Reminder","Colored Map","Colored Powertips","Minty Spire (QoL Compilation)","Quick Restart","Rare Cards Sparkle","Relic Stats","SuperFastMode"],"gold_per_floor":[111,111,111,129,146,146,177,196,196,196,215,242,242,252,252,326,326,344,20,37,37,37,37,65,65,89,100,134,134,153,203,203,281,331,346,366,418,418,418],"floor_reached":38,"playtime":1133,"items_purged":["Strike_R"],"score":998,"play_id":"923634c8-0c09-4fab-89e7-6245cc2156ff","local_time":"20201229221631","is_ascension_mode":true,"campfire_choices":[{"data":"Clothesline","floor":6,"key":"SMITH"},{"floor":10,"key":"REST"},{"data":"True Grit","floor":15,"key":"SMITH"},{"floor":23,"key":"REST"},{"data":"Armaments","floor":25,"key":"SMITH"},{"data":"Battle Trance","floor":29,"key":"SMITH"},{"floor":32,"key":"REST"}],"circlet_count":0,"master_deck":["AscendersBane","Strike_R+1","Strike_R","Strike_R","Defend_R","Defend_R","Defend_R","Defend_R","Bash+1","Clothesline+1","Hemokinesis","Flame Barrier","Inflame","Thunderclap","True Grit+1","Bludgeon","Armaments+1","Inflame","Shockwave","Bludgeon","Parasite","Battle Trance+1","Feel No Pain","Demon Form+1","Spot Weakness","Power Through+1"],"relics":["Velvet Choker","Shuriken","Paper Frog","The Courier","Akabeko","Cursed Key","Bag of Preparation","Eternal Feather","Pen Nib","Bottled Lightning","Tiny House","Torii"],"acts_visited":["Exordium","TheCity","TheBeyond"],"potions_floor_usage":[12,16,24,37,38,38],"damage_taken":[{"damage":2,"enemies":"2 Louse","floor":1,"turns":2},{"damage":2,"enemies":"Small Slimes","floor":4,"turns":3},{"damage":1,"enemies":"Cultist","floor":5,"turns":4},{"damage":27,"enemies":"3 Sentries","floor":7,"turns":9},{"damage":10,"enemies":"Large Slime","floor":8,"turns":4},{"damage":2,"enemies":"3 Louse","floor":11,"turns":2},{"damage":0,"enemies":"Gremlin Nob","floor":12,"turns":3},{"damage":7,"enemies":"Red Slaver","floor":14,"turns":3},{"damage":13,"enemies":"Hexaghost","floor":16,"turns":7},{"damage":22,"enemies":"Spheric Guardian","floor":18,"turns":5},{"damage":11,"enemies":"2 Thieves","floor":20,"turns":3},{"damage":28,"enemies":"Slavers","floor":24,"turns":6},{"damage":22,"enemies":"Sentry and Sphere","floor":27,"turns":6},{"damage":0,"enemies":"Gremlin Leader","floor":28,"turns":3},{"damage":0,"enemies":"Snecko","floor":30,"turns":2},{"damage":49,"enemies":"Automaton","floor":33,"turns":10},{"damage":2,"enemies":"3 Shapes","floor":35,"turns":5},{"damage":11,"enemies":"3 Darklings","floor":36,"turns":5},{"damage":18,"enemies":"2 Orb Walkers","floor":37,"turns":4},{"damage":37,"enemies":"Spire Growth","floor":38,"turns":5}],"seed_played":"-7763227131412481665","potions_obtained":[{"floor":7,"key":"AttackPotion"},{"floor":8,"key":"FearPotion"},{"floor":12,"key":"FearPotion"},{"floor":18,"key":"Fire Potion"},{"floor":28,"key":"Weak Potion"},{"floor":33,"key":"DistilledChaos"},{"floor":37,"key":"EssenceOfSteel"}],"is_trial":false,"path_per_floor":["M","?","?","M","M","R","E","M","T","R","M","E","?","M","R","B",null,"M","$","M","?","?","R","E","R","T","M","E","R","M","?","R","B",null,"M","M","?","M"],"character_chosen":"IRONCLAD","items_purchased":["Bag of Preparation","Inflame","Shockwave"],"campfire_rested":3,"item_purchase_floors":[19,19,19],"current_hp_per_floor":[66,43,48,46,45,45,18,8,8,32,30,30,25,18,18,5,61,39,39,28,28,28,52,24,36,36,14,14,26,26,26,62,13,68,66,55,37,0,0],"gold":418,"neow_bonus":"BOSS_RELIC","is_daily":false,"chose_seed":false,"campfire_upgraded":4,"win_rate":0.0,"timestamp":1609298191,"path_taken":["M","?","?","M","M","R","E","M","T","R","M","E","?","M","R","BOSS","M","$","M","?","?","R","E","R","T","M","E","R","?","?","R","BOSS","M","M","?","M"],"items_purchased_type":["Relic","Card","Card"],"build_version":"2020-12-22","purchased_purges":1,"victory":false,"max_hp_per_floor":[75,75,80,80,80,80,80,80,80,80,80,80,80,80,80,80,80,80,80,80,80,80,80,80,80,80,80,80,80,80,80,80,80,85,85,85,85,85,85],"relic_stats":{"Torii":0,"counters":[20,91],"Shuriken":[8],"Eternal Feather":36,"Pen Nib":[5],"Bag of Preparation":[20],"Cursed Key":1,"obtain_stats":[{"Tiny House":34,"Torii":37,"Velvet Choker":0,"Eternal Feather":24,"The Courier":12,"Pen Nib":26,"Bag of Preparation":19,"Cursed Key":17,"Burning Blood":0,"Akabeko":13,"Shuriken":7,"Bottled Lightning":28,"Paper Frog":9},{"Tiny House":16,"Torii":19,"Velvet Choker":0,"Eternal Feather":12,"The Courier":7,"Pen Nib":12,"Bag of Preparation":10,"Cursed Key":9,"Burning Blood":0,"Akabeko":7,"Shuriken":4,"Bottled Lightning":14,"Paper Frog":5},{"Tiny House":72,"Torii":86,"Velvet Choker":0,"Eternal Feather":51,"The Courier":27,"Pen Nib":51,"Bag of Preparation":42,"Cursed Key":37,"Burning Blood":0,"Akabeko":27,"Shuriken":18,"Bottled Lightning":60,"Paper Frog":22}]},"card_choices":[{"not_picked":["Pommel Strike","Metallicize"],"picked":"Clothesline","floor":1},{"not_picked":["Iron Wave","Reckless Charge"],"picked":"Hemokinesis","floor":4},{"not_picked":["Seeing Red","Uppercut"],"picked":"Flame Barrier","floor":5},{"not_picked":["Limit Break","Pummel","Wild Strike"],"picked":"SKIP","floor":7},{"not_picked":["Intimidate","Headbutt"],"picked":"Inflame","floor":8},{"not_picked":["Wild Strike","Twin Strike"],"picked":"Thunderclap","floor":11},{"not_picked":["Twin Strike","Rupture"],"picked":"True Grit","floor":12},{"not_picked":["Anger","Headbutt","Hemokinesis"],"picked":"SKIP","floor":14},{"not_picked":["Double Tap","Barricade"],"picked":"Bludgeon","floor":16},{"not_picked":["Wild Strike","Pommel Strike"],"picked":"Armaments","floor":18},{"not_picked":["Bloodletting","Havoc","Warcry+1"],"picked":"SKIP","floor":20},{"not_picked":["Anger","Flex","Sentinel"],"picked":"SKIP","floor":24},{"not_picked":["Ghostly Armor","Flex+1"],"picked":"Battle Trance","floor":27},{"not_picked":["Disarm","Anger"],"picked":"Feel No Pain","floor":28},{"not_picked":["Reckless Charge","Anger","Havoc"],"picked":"SKIP","floor":30},{"not_picked":["Brutality","Fiend Fire"],"picked":"Demon Form","floor":33},{"not_picked":["Whirlwind","Clothesline"],"picked":"Spot Weakness","floor":34},{"not_picked":["Searing Blow","Thunderclap","Armaments"],"picked":"SKIP","floor":35},{"not_picked":["Infernal Blade","Iron Wave+1"],"picked":"Power Through+1","floor":36}],"player_experience":2905690,"relics_obtained":[{"floor":7,"key":"Shuriken"},{"floor":9,"key":"Paper Frog"},{"floor":12,"key":"The Courier"},{"floor":24,"key":"Eternal Feather"},{"floor":26,"key":"Pen Nib"},{"floor":28,"key":"Bottled Lightning"},{"floor":37,"key":"Torii"}],"event_choices":[{"damage_healed":0,"gold_gain":0,"player_choice":"Entered Light","damage_taken":23,"max_hp_gain":0,"max_hp_loss":0,"event_name":"Shining Light","floor":2,"gold_loss":0,"cards_upgraded":["Bash","Strike_R"]},{"damage_healed":0,"gold_gain":0,"player_choice":"Donut","damage_taken":0,"max_hp_gain":5,"max_hp_loss":0,"event_name":"Big Fish","floor":3,"gold_loss":0},{"damage_healed":0,"gold_gain":0,"player_choice":"Success","damage_taken":5,"relics_obtained":["Akabeko"],"max_hp_gain":0,"max_hp_loss":0,"event_name":"Scrap Ooze","floor":13,"gold_loss":0},{"damage_healed":0,"gold_gain":0,"player_choice":"Ignored","damage_taken":0,"max_hp_gain":0,"max_hp_loss":0,"event_name":"Vampires","floor":21,"gold_loss":0},{"damage_healed":0,"gold_gain":0,"cards_transformed":["Strike_R"],"player_choice":"Transformed","damage_taken":0,"max_hp_gain":0,"max_hp_loss":0,"event_name":"Transmorgrifier","floor":22,"gold_loss":0,"cards_obtained":["Bludgeon"]},{"damage_healed":0,"gold_gain":50,"player_choice":"Stole From Cult","damage_taken":0,"max_hp_gain":0,"max_hp_loss":0,"event_name":"Nest","floor":31,"gold_loss":0},{"damage_healed":0,"gold_gain":0,"player_choice":"Fight","damage_taken":0,"max_hp_gain":0,"max_hp_loss":0,"event_name":"Mysterious Sphere","floor":37,"gold_loss":0}],"is_beta":false,"boss_relics":[{"not_picked":["Empty Cage","Ectoplasm"],"picked":"Cursed Key"},{"not_picked":["Runic Cube","Fusion Hammer"],"picked":"Tiny House"}],"items_purged_floors":[19],"is_endless":false,"potions_floor_spawned":[7,8,11,12,18,28,30,33,37],"killed_by":"Spire Growth","ascension_level":20}}