{"host":"ixqzyafodex1tsi5","time":1609339897,"event":{"mods":["AchievementEnabler","Act Like it!","BaseMod","Gensokyo","GifTheSpireLib","Hallownest","KinomotoSakuraMod(木之本樱)","Lobotomy","LobotomyExtend","Minty Spire (QoL Compilation)","Relic Stats","Replay The Spire","RumiaBox-露米娅的神秘盒子","Spicy Shops","StSLib","The Bug Knight","[IsaacMod]以撒尖塔","【功能Mod】混沌之环修复补丁","【遗物卡牌】REMEMod"],"gold_per_floor":[116,134,153,75,140,140,169,169,169,230,86,86,99,203,203,307,307,325,296,261,361,430,463,513,513,539,606,641,641,641,641],"floor_reached":30,"playtime":1545,"items_purged":["Defend_G","Pride","Clumsy"],"score":394,"play_id":"2f122c52-85b1-466b-8de9-aa4c38d17aa5","local_time":"20201230225137","is_ascension_mode":true,"campfire_choices":[{"data":"Infinite Blades","floor":6,"key":"SMITH"},{"floor":12,"key":"REST"},{"data":"Envenom","floor":15,"key":"SMITH"},{"data":"REME_BuildACard","floor":25,"key":"SMITH"}],"circlet_count":0,"master_deck":["Strike_G","Strike_G","Strike_G","Strike_G","Strike_G","Defend_G","Defend_G","Defend_G","Defend_G","Survivor","Neutralize","Rudolta","ReplayTheSpireMod:The Works","Gensokyo:LifeSpringInfinity","Escape Plan","Outmaneuver","Infinite Blades+1","Woodsman","GreedKing","Envenom+1","Die Die Die","Adrenaline","REME_BuildACard+1","Underhanded Strike","RedShoes","LongBird","BlueStar"],"relics":["Ring of the Snake","REME_ComplimentaryCards","HushsDoor","SteamSale","CogitoBucket","LetterFromLob","GnawedLeaf","SsserpentHead","TheBean","RedMistMask","Frozen Eye","Vajra","Chemical X","ChangeAnything","MagicMushroom","Membership Card","Tiny Chest","Paper Crane","Pear","White Beast Statue","Cauldron","Nunchaku","Singing Bowl","Bronze Scales","Blood Vial","PunchingBag","Gremlin Food","BackwardClock","Meat on the Bone"],"acts_visited":["Exordium","TheCity"],"potions_floor_usage":[7,16,19],"damage_taken":[{"damage":0,"enemies":"Cultist","floor":1,"turns":2},{"damage":3,"enemies":"2 Louse","floor":2,"turns":5},{"damage":2,"enemies":"Small Slimes","floor":3,"turns":4},{"damage":37,"enemies":"Gremlin Nob","floor":7,"turns":4},{"damage":7,"enemies":"Blue Slaver","floor":10,"turns":5},{"damage":12,"enemies":"2 Fungi Beasts","floor":13,"turns":2},{"damage":27,"enemies":"Hexaghost","floor":16,"turns":5},{"damage":3,"enemies":"Shell Parasite","floor":18,"turns":3},{"damage":0,"enemies":"Hiden Room Battle","floor":21,"turns":3},{"damage":1,"enemies":"Chosen","floor":22,"turns":4},{"damage":49,"enemies":"Gremlin Leader","floor":23,"turns":4},{"damage":46,"enemies":"Snake Plant","floor":27,"turns":4},{"damage":32,"enemies":"Book of Stabbing","floor":28,"turns":5},{"damage":22,"enemies":"Slavers","floor":30,"turns":2}],"seed_played":"5516645797116971687","potions_obtained":[{"floor":2,"key":"FearPotion"},{"floor":3,"key":"ColorlessPotion"},{"floor":13,"key":"SteroidPotion"},{"floor":16,"key":"Poison Potion"},{"floor":19,"key":"Fruit Juice"},{"floor":19,"key":"EssenceOfSteel"},{"floor":23,"key":"REME_GoldPotion"}],"is_trial":false,"path_per_floor":["M","M","M","$","?","R","E","?","T","M","$","R","M","T","R","B",null,"M","$","?","?","M","E","T","R","T","M","E","?","E"],"character_chosen":"THE_SILENT","items_purchased":["Infinite Blades","Frozen Eye","Vajra","Chemical X","Adrenaline","Membership Card","Tiny Chest","Paper Crane","Pear","White Beast Statue","Cauldron","REME_BuildACard","Underhanded Strike"],"campfire_rested":1,"item_purchase_floors":[4,11,11,11,17,19,19,19,19,19,19,19,19],"current_hp_per_floor":[70,67,65,65,50,50,13,13,13,12,12,33,39,39,39,18,73,73,88,88,88,92,63,63,63,63,30,9,9,0,0],"gold":641,"neow_bonus":"","is_daily":false,"chose_seed":false,"campfire_upgraded":3,"win_rate":0.0,"timestamp":1609339897,"path_taken":["M","M","M","$","?","R","E","?","T","?","?","R","M","?","R","BOSS","M","$","?","?","?","E","?","R","T","?","E","?","E"],"items_purchased_type":["Card","Relic","Relic","Relic","Card","Relic","Relic","Relic","Relic","Relic","Relic","Card","Card"],"build_version":"2020-12-22","purchased_purges":3,"victory":false,"max_hp_per_floor":[70,70,70,70,70,70,70,70,70,70,70,70,70,70,70,70,73,73,88,88,90,92,94,94,94,94,96,98,98,98,98],"relic_stats":{"Blood Vial":8,"SsserpentHead":450,"Nunchaku":[4],"Singing Bowl":10,"counters":[16,54],"Bronze Scales":[60],"Tiny Chest":1,"Chemical X":[1],"obtain_stats":[{"Singing Bowl":21,"GnawedLeaf":7,"Vajra":11,"Blood Vial":23,"SsserpentHead":8,"Frozen Eye":11,"CogitoBucket":0,"Nunchaku":20,"TheBean":9,"Tiny Chest":19,"Chemical X":11,"Ring of the Snake":0,"KeepersGift":0,"Gremlin Food":26,"BackwardClock":27,"Pear":19,"PunchingBag":24,"Paper Crane":19,"SteamSale":0,"White Beast Statue":19,"Cauldron":19,"Bronze Scales":21,"MagicMushroom":17,"RedMistMask":10,"LetterFromLob":1,"Membership Card":19,"ChangeAnything":13,"HushsDoor":0,"REME_ComplimentaryCards":0,"Meat on the Bone":28},{"Singing Bowl":10,"GnawedLeaf":4,"Vajra":5,"Blood Vial":12,"SsserpentHead":4,"Frozen Eye":5,"CogitoBucket":0,"Nunchaku":9,"TheBean":4,"Tiny Chest":9,"Chemical X":5,"Ring of the Snake":0,"KeepersGift":0,"Gremlin Food":12,"BackwardClock":14,"Pear":9,"PunchingBag":12,"Paper Crane":9,"SteamSale":0,"White Beast Statue":9,"Cauldron":9,"Bronze Scales":10,"MagicMushroom":8,"RedMistMask":5,"LetterFromLob":1,"Membership Card":9,"ChangeAnything":7,"HushsDoor":0,"REME_ComplimentaryCards":0,"Meat on the Bone":15},{"Singing Bowl":34,"GnawedLeaf":15,"Vajra":20,"Blood Vial":42,"SsserpentHead":15,"Frozen Eye":20,"CogitoBucket":0,"Nunchaku":31,"TheBean":15,"Tiny Chest":31,"Chemical X":20,"Ring of the Snake":0,"KeepersGift":0,"Gremlin Food":42,"BackwardClock":47,"Pear":31,"PunchingBag":42,"Paper Crane":31,"SteamSale":0,"White Beast Statue":31,"Cauldron":31,"Bronze Scales":34,"MagicMushroom":28,"RedMistMask":20,"LetterFromLob":2,"Membership Card":31,"ChangeAnything":23,"HushsDoor":0,"REME_ComplimentaryCards":0,"Meat on the Bone":52}],"Ring of the Snake":[32],"Meat on the Bone":0},"card_choices":[{"not_picked":[],"picked":"ChaosCard","floor":0},{"not_picked":["SingingMachine","BeautyBeast","WallGazer"],"picked":"Singing Bowl","floor":1},{"not_picked":["UniverseFragment","Murderer"],"picked":"Rudolta","floor":1},{"not_picked":["Caltrops","Dodge and Roll"],"picked":"ReplayTheSpireMod:The Works","floor":1},{"not_picked":["Murderer","BeautyBeast","UniverseFragment"],"picked":"Singing Bowl","floor":2},{"not_picked":["Acrobatics","Hidden Blade"],"picked":"Escape Plan","floor":2},{"not_picked":["Porccubus","PunishingBird","MHz"],"picked":"Singing Bowl","floor":3},{"not_picked":["Underhanded Strike","Slice"],"picked":"Outmaneuver","floor":3},{"not_picked":["Bloodbath","QueenBee","QueenOfHatred"],"picked":"Singing Bowl","floor":7},{"not_picked":["CherryBlossoms","MeatLantern"],"picked":"Woodsman","floor":7},{"not_picked":["Backflip","Dodge and Roll","ReplayTheSpireMod:Shiv Toss"],"picked":"SKIP","floor":7},{"not_picked":["UniverseFragment","CrumblingArmor","Wellcheers"],"picked":"Singing Bowl","floor":10},{"not_picked":["Slice","Dagger Throw","Blur"],"picked":"SKIP","floor":10},{"not_picked":["SingingMachine","GalaxyChild"],"picked":"GreedKing","floor":13},{"not_picked":["Outmaneuver","Dagger Throw"],"picked":"Envenom","floor":13},{"not_picked":["Scorched","FairyFestival","OSAHOGD"],"picked":"Singing Bowl","floor":16},{"not_picked":["Grand Finale","Tools of the Trade"],"picked":"Die Die Die","floor":16},{"not_picked":["Wellcheers","Bloodbath","CrumblingArmor"],"picked":"Singing Bowl","floor":18},{"not_picked":["Sucker Punch","Draining Mist","ReplayTheSpireMod:Exploit Weakness"],"picked":"SKIP","floor":18},{"not_picked":["Bloodbath","GalaxyChild","Laetitia"],"picked":"Singing Bowl","floor":21},{"not_picked":["Dagger Throw+1","REME_ShadowStrike","Backflip+1"],"picked":"Singing Bowl","floor":21},{"not_picked":["ShyLook","HappyTeddy"],"picked":"RedShoes","floor":22},{"not_picked":["REME_GreenPollution","Acrobatics+1","Backflip"],"picked":"Singing Bowl","floor":22},{"not_picked":["Wellcheers","Yin"],"picked":"LongBird","floor":23},{"not_picked":["Leg Sweep","All Out Attack+1","After Image"],"picked":"Singing Bowl","floor":23},{"not_picked":["Murderer","Variant","HappyTeddy"],"picked":"Singing Bowl","floor":27},{"not_picked":["Crippling Poison","Toxin Wave","Cloak And Dagger"],"picked":"Singing Bowl","floor":27},{"not_picked":["SnowQueen","HeroicMonk","MeatLantern"],"picked":"Singing Bowl","floor":28},{"not_picked":["WallGazer","WhitesApple"],"picked":"BlueStar","floor":28},{"not_picked":["Leg Sweep+1","Prepared","Cloak And Dagger+1"],"picked":"Singing Bowl","floor":28}],"player_experience":157663,"relics_obtained":[{"floor":1,"key":"LetterFromLob"},{"floor":7,"key":"GnawedLeaf"},{"floor":9,"key":"TheBean"},{"floor":10,"key":"RedMistMask"},{"floor":21,"key":"Singing Bowl"},{"floor":21,"key":"Bronze Scales"},{"floor":23,"key":"Blood Vial"},{"floor":24,"key":"PunchingBag"},{"floor":26,"key":"Gremlin Food"},{"floor":28,"key":"Meat on the Bone"}],"event_choices":[{"damage_healed":0,"gold_gain":0,"player_choice":"Trade","damage_taken":0,"relics_obtained":["SsserpentHead"],"max_hp_gain":0,"max_hp_loss":0,"event_name":"FaceTrader","floor":8,"gold_loss":0},{"damage_healed":0,"gold_gain":0,"player_choice":"Obtained Relic","damage_taken":0,"relics_obtained":["Nunchaku"],"max_hp_gain":0,"max_hp_loss":0,"event_name":"Addict","floor":20,"gold_loss":85},{"damage_healed":0,"gold_gain":0,"player_choice":"Fight","damage_taken":0,"max_hp_gain":0,"max_hp_loss":0,"event_name":"HidenRoomEvent","floor":21,"gold_loss":0},{"damage_healed":0,"gold_gain":0,"player_choice":"Bet on Murderer","damage_taken":0,"max_hp_gain":0,"max_hp_loss":0,"event_name":"The Joust","floor":29,"gold_loss":50}],"is_beta":false,"boss_relics":[{"not_picked":["Replay:Drink Me","Runic Dome"],"picked":"MagicMushroom"},{"not_picked":[]}],"items_purged_floors":[4,11,19],"is_endless":false,"potions_floor_spawned":[2,3,13,16,22,23,27,28],"killed_by":"Slavers","ascension_level":4}}