{"host":"dntw6kil9p09eemm","time":1609321167,"event":{"mods":["Alarm Clock","BaseMod","Minty Spire (QoL Compilation)","Permanent Neow","Replay The Spire","Shop Mod","StSLib"],"gold_per_floor":[110,124,142,142,159,159,174,174,174,191,205,224,71,84,84,187,187,202,127,202,218,238,249,210,240,263,263,311,323,323,223,223,323,323,340,340,354,144,9,9,84,84,84,84,94,123,133,133,133],"floor_reached":48,"playtime":2218,"items_purged":["Strike_B","Defend_B","Defend_B","Hallucinations"],"score":674,"play_id":"bff0f3dd-7f23-476d-b4ec-c0adc3a2c425","local_time":"20201230183927","is_ascension_mode":false,"campfire_choices":[{"data":"Zap","floor":6,"key":"SMITH"},{"floor":8,"key":"REST"},{"data":"Dualcast","floor":15,"key":"SMITH"},{"floor":27,"key":"REST"},{"floor":40,"key":"REST"}],"circlet_count":0,"master_deck":["Strike_B","Defend_B","Defend_B","Zap+1","Dualcast+1","Hologram","Turbo","Hologram","Rip and Tear","Rebound","Ball Lightning","Sunder+1","Panic Button","Mirror Shield","Sweeping Beam","Machine Learning","Conserve Battery+1","Loop","Beam Cell+1","Redo+1","Leap","Beam Cell","Ball Lightning+1","ReplayTheSpireMod:Omega Cannon","Redo","Ball Lightning"],"relics":["Cracked Core","Bottled Lightning","MerchantsRug","Sozu","Cables","Replay:Baseball","ReplayTheSpireMod:Lightbulb","SlaversCollar","Membership Card","Dream Catcher","ReplayTheSpireMod:CursedCoin","Shuriken","Gremlin Horn"],"acts_visited":["Exordium","TheCity","TheBeyond"],"potions_floor_usage":[],"damage_taken":[{"damage":0,"enemies":"Small Slimes","floor":1,"turns":3},{"damage":0,"enemies":"Cultist","floor":2,"turns":4},{"damage":0,"enemies":"2 Louse","floor":3,"turns":1},{"damage":13,"enemies":"Large Slime","floor":5,"turns":6},{"damage":18,"enemies":"Exordium Thugs","floor":7,"turns":4},{"damage":3,"enemies":"2 Fungi Beasts","floor":10,"turns":2},{"damage":7,"enemies":"Blue Slaver","floor":11,"turns":2},{"damage":0,"enemies":"Exordium Thugs","floor":12,"turns":2},{"damage":0,"enemies":"3 Louse","floor":14,"turns":2},{"damage":0,"enemies":"Slime Boss","floor":16,"turns":5},{"damage":16,"enemies":"3 Byrds","floor":18,"turns":4},{"damage":5,"enemies":"Spheric Guardian","floor":22,"turns":3},{"damage":6,"enemies":"3 Cultists","floor":23,"turns":5},{"damage":25,"enemies":"Replay:Snechameleon","floor":25,"turns":6},{"damage":5,"enemies":"Sentry and Sphere","floor":29,"turns":4},{"damage":57,"enemies":"Pondfish","floor":33,"turns":11},{"damage":19,"enemies":"3 Shapes","floor":35,"turns":2},{"damage":10,"enemies":"Orb Walker","floor":37,"turns":3},{"damage":32,"enemies":"4 Shapes","floor":45,"turns":3},{"damage":18,"enemies":"Nemesis","floor":46,"turns":5},{"damage":26,"enemies":"3 Darklings","floor":47,"turns":3},{"damage":10,"enemies":"Spire Growth","floor":48,"turns":2}],"seed_played":"-271579241354452914","potions_obtained":[{"floor":1,"key":"Elixir"},{"floor":2,"key":"CultistPotion"},{"floor":10,"key":"LiquidBronze"},{"floor":12,"key":"EssenceOfDarkness"},{"floor":14,"key":"Energy Potion"}],"is_trial":false,"path_per_floor":["M","M","M","?","M","R","M","R","T","M","M","M","$","M","R","B",null,"M","$","?","$","M","M","$","E","T","R","?","M","?","$","R","B",null,"M","$","M","$","?","R","$","?","T","?","M","E","M","M"],"character_chosen":"DEFECT","items_purchased":["MerchantsRug","Loop","Redo+1","Membership Card","ReplayTheSpireMod:CursedCoin"],"campfire_rested":3,"item_purchase_floors":[13,19,24,38,41],"current_hp_per_floor":[82,82,82,82,69,69,51,75,75,72,65,65,65,65,65,65,82,66,66,58,58,53,47,47,22,22,46,46,41,41,41,65,8,82,63,63,53,53,53,77,77,77,77,77,45,27,1,0,0],"gold":133,"neow_bonus":"TEN_PERCENT_HP_BONUS","is_daily":false,"chose_seed":false,"campfire_upgraded":2,"win_rate":0.0,"timestamp":1609321167,"path_taken":["M","M","M","?","M","R","M","R","T","M","M","M","$","M","R","BOSS","M","$","?","?","M","M","$","E","T","R","?","M","?","$","R","BOSS","M","$","M","$","?","R","?","?","T","?","M","E","M","?"],"items_purchased_type":["Relic","Card","Card","Relic","Relic"],"build_version":"2020-12-22","purchased_purges":4,"victory":false,"max_hp_per_floor":[82,82,82,82,82,82,82,82,82,82,82,82,82,82,82,82,82,82,82,82,82,82,82,82,82,82,82,82,82,82,82,82,82,82,82,82,82,82,82,82,82,82,82,82,82,82,82,82,82],"card_choices":[{"not_picked":["Recycle","Reprogram"],"picked":"Hologram","floor":1},{"not_picked":["Hello World","Cold Snap"],"picked":"Turbo","floor":2},{"not_picked":["Coolheaded","Stack"],"picked":"Hologram","floor":3},{"not_picked":["Cold Snap","Streamline"],"picked":"Rebound","floor":5},{"not_picked":["FTL","Sunder"],"picked":"Ball Lightning","floor":7},{"not_picked":["Multi-Cast","ReplayTheSpireMod:GoodbyeWorld"],"picked":"Sunder","floor":10},{"not_picked":["Go for the Eyes","Genetic Algorithm"],"picked":"Panic Button","floor":11},{"not_picked":["Go for the Eyes","Hologram"],"picked":"Mirror Shield","floor":12},{"not_picked":["Stack","Beam Cell"],"picked":"Sweeping Beam","floor":14},{"not_picked":["Rainbow","ReplayRNGCard"],"picked":"Machine Learning","floor":16},{"not_picked":["Glacier","Gash+1"],"picked":"Conserve Battery+1","floor":18},{"not_picked":["Compile Driver","Cold Snap"],"picked":"Beam Cell+1","floor":22},{"not_picked":["Compile Driver","Darkness","Stack"],"picked":"SKIP","floor":23},{"not_picked":["Coolheaded","Heatsinks"],"picked":"Leap","floor":25},{"not_picked":["Auto Shields","Blizzard+1"],"picked":"Beam Cell","floor":28},{"not_picked":["Compile Driver","Hyperbeam"],"picked":"Ball Lightning+1","floor":29},{"not_picked":["Biased Cognition","Mirror Shield"],"picked":"ReplayTheSpireMod:Omega Cannon","floor":33},{"not_picked":["BasicCrystalCard+1","Stack","Hologram+1"],"picked":"SKIP","floor":35},{"not_picked":["Amplify","ReplaySort"],"picked":"Redo","floor":37},{"not_picked":["Hologram+1","Coolheaded+1"],"picked":"Ball Lightning","floor":40},{"not_picked":["Hologram","Auto Shields","Stack+1"],"picked":"SKIP","floor":45},{"not_picked":["Coolheaded+1","Cold Snap","ReplayGash"],"picked":"SKIP","floor":46},{"not_picked":["Leap","Cold Snap+1","ReplayGash"],"picked":"SKIP","floor":47}],"player_experience":160393,"relics_obtained":[{"floor":9,"key":"Bottled Lightning"},{"floor":25,"key":"Cables"},{"floor":26,"key":"Replay:Baseball"},{"floor":28,"key":"ReplayTheSpireMod:Lightbulb"},{"floor":43,"key":"Shuriken"},{"floor":46,"key":"Gremlin Horn"}],"event_choices":[{"damage_healed":0,"gold_gain":0,"cards_transformed":["Strike_B"],"player_choice":"Change","damage_taken":0,"max_hp_gain":0,"max_hp_loss":0,"event_name":"Living Wall","floor":4,"gold_loss":0,"cards_obtained":["Rip and Tear"]},{"damage_healed":0,"gold_gain":75,"player_choice":"Touch","damage_taken":8,"max_hp_gain":0,"max_hp_loss":0,"event_name":"FaceTrader","floor":20,"gold_loss":0},{"cards_removed":["Strike_B"],"damage_healed":0,"gold_gain":0,"player_choice":"Elegance","damage_taken":0,"max_hp_gain":0,"max_hp_loss":0,"event_name":"Back to Basics","floor":30,"gold_loss":0},{"damage_healed":0,"gold_gain":0,"player_choice":"Paid Gold","damage_taken":0,"relics_obtained":["Dream Catcher"],"max_hp_gain":0,"max_hp_loss":0,"event_name":"WeMeetAgain","floor":39,"gold_loss":135},{"damage_healed":0,"gold_gain":0,"player_choice":"Ignored","damage_taken":0,"max_hp_gain":0,"max_hp_loss":0,"event_name":"Tomb of Lord Red Mask","floor":42,"gold_loss":0}],"is_beta":false,"boss_relics":[{"not_picked":["Replay:Ancient Bell","Fusion Hammer"],"picked":"Sozu"},{"not_picked":["Honey Jar","Painkiller Herb"],"picked":"SlaversCollar"}],"items_purged_floors":[13,31,38,41],"is_endless":false,"potions_floor_spawned":[1,2,10,12,14,23,25,33,35,45],"killed_by":"Spire Growth","ascension_level":0}}