{"host":"1kq2ingo3j45gyyp","time":1609346580,"event":{"mods":["BaseMod","Better Note","Better Third Choice","Downfall","Minty Spire (QoL Compilation)","StSLib"],"gold_per_floor":[111,135,157,269,294,325,361,223,253,289,329,341,353,389,415,538,550,550,550,550,550,550,550,550,550,550,297,297,297,297,93,93,93,93,93],"floor_reached":33,"playtime":1680,"items_purged":[],"score":333,"play_id":"c09eb607-422b-4c06-8237-550551bd5318","local_time":"20201230114300","is_ascension_mode":false,"campfire_choices":[{"floor":1,"key":"RECALL"},{"data":"hexamod:FastForward","floor":8,"key":"SMITH"},{"data":"hexamod:ThermalTransfer","floor":12,"key":"SMITH"},{"data":"hexamod:NightmareStrike","floor":18,"key":"SMITH"},{"floor":29,"key":"REST"}],"circlet_count":0,"master_deck":["hexamod:Strike","hexamod:Strike","hexamod:Strike","hexamod:Defend","hexamod:Defend","hexamod:Defend+1","hexamod:Defend+1","hexamod:Sear","hexamod:Float","hexamod:ThermalTransfer+1","hexamod:FastForward+1","hexamod:SecondSeal","hexamod:SoulSteal+1","hexamod:SpectersWail","hexamod:SwordOfDarkness","hexamod:ThirdSeal","hexamod:NightmareStrike+1","hexamod:FirstSeal","hexamod:Incineration+1","hexamod:HeatShield+1","hexamod:ParanormalForm","hexamod:SixthSeal","hexamod:FastForward+1","hexamod:NightmareStrike+1","hexamod:Hexaguard","hexamod:BurningTouch+1","hexamod:InspiringFlames+1","hexamod:VolcanoVisage","hexamod:SpectersWail","hexamod:GhostLash","hexamod:GhostLash+1","hexamod:PhantomFireball","hexamod:FastForward","hexamod:GhostLash","hexamod:InspiringFlames","Apotheosis","hexamod:NecessarySacrifice","hexamod:ThermalTransfer"],"relics":["hexamod:SpiritBrand","MawBank","downfall:HeartBlessingBlue","downfall:HeartBlessingRed","Peace Pipe","downfall:Hecktoplasm","Akabeko","Nunchaku","Pear","War Paint"],"acts_visited":["Exordium","TheCity"],"potions_floor_usage":[16,33,33],"damage_taken":[{"damage":1,"enemies":"Jaw Worm","floor":2,"turns":4},{"damage":0,"enemies":"Cultist","floor":3,"turns":3},{"damage":0,"enemies":"2 Louse","floor":5,"turns":4},{"damage":11,"enemies":"Exordium Wildlife","floor":6,"turns":6},{"damage":12,"enemies":"3 Louse","floor":9,"turns":3},{"damage":0,"enemies":"Lots of Slimes","floor":10,"turns":3},{"damage":2,"enemies":"Gremlin Gang","floor":11,"turns":3},{"damage":0,"enemies":"Large Slime","floor":14,"turns":3},{"damage":5,"enemies":"Gremlin Gang","floor":15,"turns":5},{"damage":35,"enemies":"downfall:Defect","floor":16,"turns":6},{"damage":16,"enemies":"Shell Parasite","floor":19,"turns":5},{"damage":5,"enemies":"Spheric Guardian","floor":22,"turns":5},{"damage":17,"enemies":"Gremlin Leader","floor":23,"turns":7},{"damage":12,"enemies":"Centurion and Healer","floor":25,"turns":4},{"damage":0,"enemies":"downfall:FleeingMerchant","floor":27,"turns":4},{"damage":33,"enemies":"Sentry and Sphere","floor":28,"turns":6},{"damage":34,"enemies":"Book of Stabbing","floor":30,"turns":5},{"damage":0,"enemies":"downfall:FleeingMerchant","floor":31,"turns":4},{"damage":0,"enemies":"Cultist and Chosen","floor":32,"turns":4},{"damage":28,"enemies":"downfall:Silent","floor":33,"turns":6}],"seed_played":"-6460841177432938335","potions_obtained":[{"floor":6,"key":"sneckomod:MuddlingPotion"},{"floor":9,"key":"DistilledChaos"},{"floor":14,"key":"ColorlessPotion"},{"floor":22,"key":"Weak Potion"},{"floor":32,"key":"Ancient Potion"}],"is_trial":false,"path_per_floor":["R","M","M","?","M","M","T","R","M","M","M","R","T","M","M","B",null,"R","M","?","?","M","E","T","M","?","$","M","R","E","$","M","B"],"character_chosen":"THE_SPIRIT","items_purchased":["Pear","Apotheosis"],"campfire_rested":1,"item_purchase_floors":[27,31],"current_hp_per_floor":[70,69,69,69,69,58,58,68,56,56,54,54,54,54,56,21,80,80,71,71,71,73,56,56,44,44,54,21,48,21,28,28,0,0,0],"gold":93,"neow_bonus":"RANDOM_COMMON_RELIC","is_daily":false,"chose_seed":false,"campfire_upgraded":3,"win_rate":0.0,"timestamp":1609346580,"path_taken":["R","M","M","?","?","M","T","R","M","M","?","R","?","M","M","BOSS","R","M","?","?","M","E","T","M","?","$","?","R","E","$","M","BOSS"],"items_purchased_type":["Relic","Card"],"build_version":"2020-12-22","purchased_purges":0,"victory":false,"max_hp_per_floor":[70,70,70,70,70,70,70,80,80,80,80,80,80,80,80,80,80,80,80,80,80,80,80,80,80,80,90,90,90,90,90,90,90,90,90],"card_choices":[{"not_picked":["hexamod:BacktrackSmack","hexamod:HauntingEcho"],"picked":"hexamod:ThermalTransfer","floor":2},{"not_picked":["hexamod:GhostShield","hexamod:AdvancingGuard"],"picked":"hexamod:FastForward","floor":3},{"not_picked":["hexamod:HeatMetal","hexamod:Incineration"],"picked":"hexamod:SecondSeal","floor":5},{"not_picked":["hexamod:Haunt","hexamod:DynamicBlow"],"picked":"hexamod:SoulSteal","floor":6},{"not_picked":["hexamod:GhostOfSpirePresent","hexamod:Hexaguard"],"picked":"hexamod:SpectersWail","floor":9},{"not_picked":["hexamod:ThermalTransfer","hexamod:SecondSeal"],"picked":"hexamod:SwordOfDarkness","floor":10},{"not_picked":["hexamod:SoulSteal","hexamod:PhantomCloak"],"picked":"hexamod:ThirdSeal","floor":11},{"not_picked":["hexamod:BacktrackSmack","hexamod:Hexaguard"],"picked":"hexamod:NightmareStrike","floor":14},{"not_picked":["hexamod:AdvancingGuard","hexamod:ShieldOfDarkness"],"picked":"hexamod:FirstSeal","floor":14},{"not_picked":["hexamod:StepThrough","hexamod:NightmareStrike"],"picked":"hexamod:Incineration","floor":15},{"not_picked":["hexamod:ThirdSeal","hexamod:FirstSeal"],"picked":"hexamod:HeatShield","floor":15},{"not_picked":["hexamod:SixthSeal","hexamod:EmpoweringStance"],"picked":"hexamod:ParanormalForm","floor":16},{"not_picked":["hexamod:CrushingStance","hexamod:TimeWarp"],"picked":"hexamod:SixthSeal","floor":16},{"not_picked":["hexamod:AdvancingGuard+1","hexamod:Firestarter"],"picked":"hexamod:FastForward","floor":19},{"not_picked":["hexamod:NightmareGuise","hexamod:PhantomCloak","hexamod:GhostOfSpirePast"],"picked":"SKIP","floor":19},{"not_picked":["hexamod:Again","hexamod:DynamicBlow"],"picked":"hexamod:NightmareStrike","floor":22},{"not_picked":["hexamod:AdvancingGuard","hexamod:FirstSeal"],"picked":"hexamod:Hexaguard","floor":22},{"not_picked":["hexamod:DynamicBlow+1","hexamod:GhostShield"],"picked":"hexamod:BurningTouch+1","floor":23},{"not_picked":["hexamod:BacktrackSmack","hexamod:SecondSeal"],"picked":"hexamod:InspiringFlames","floor":25},{"not_picked":["hexamod:NightmareStrike","hexamod:ThirdSeal","hexamod:AdvancingGuard+1"],"picked":"SKIP","floor":25},{"not_picked":["hexamod:GhostShield","hexamod:NightmareStrike"],"picked":"hexamod:VolcanoVisage","floor":27},{"not_picked":["hexamod:HauntingEcho","hexamod:PhantomFireball"],"picked":"hexamod:SpectersWail","floor":27},{"not_picked":["hexamod:BacktrackSmack","hexamod:NightmareStrike"],"picked":"hexamod:GhostLash","floor":28},{"not_picked":["hexamod:SoulSteal","hexamod:SpectralAdrenaline"],"picked":"hexamod:GhostLash+1","floor":28},{"not_picked":["hexamod:BurningTouch","hexamod:FifthSeal"],"picked":"hexamod:PhantomFireball","floor":30},{"not_picked":["hexamod:RainOfEmbers","hexamod:Incineration"],"picked":"hexamod:FastForward","floor":30},{"not_picked":["hexamod:NightmareGuise","hexamod:FastForward"],"picked":"hexamod:GhostLash","floor":31},{"not_picked":["hexamod:RainOfEmbers","hexamod:EtherealExpedition"],"picked":"hexamod:InspiringFlames","floor":31},{"not_picked":["hexamod:ShieldOfDarkness+1","hexamod:ThermalTransfer+1"],"picked":"hexamod:NecessarySacrifice","floor":32},{"not_picked":["hexamod:RainOfEmbers","hexamod:Incineration"],"picked":"hexamod:ThermalTransfer","floor":32}],"player_experience":817440,"relics_obtained":[{"floor":13,"key":"Peace Pipe"},{"floor":23,"key":"Akabeko"},{"floor":24,"key":"Nunchaku"},{"floor":30,"key":"War Paint"}],"event_choices":[{"cards_removed":["hexamod:Strike"],"damage_healed":0,"gold_gain":0,"player_choice":"Purged","damage_taken":0,"max_hp_gain":0,"max_hp_loss":0,"event_name":"Purifier","floor":20,"gold_loss":0},{"damage_healed":0,"gold_gain":0,"player_choice":"Ignored","damage_taken":0,"max_hp_gain":0,"max_hp_loss":0,"event_name":"betterNote:BetterNote","floor":26,"gold_loss":0,"cards_obtained":["Blind"]}],"is_beta":false,"boss_relics":[{"not_picked":["Runic Dome","Philosopher\u0027s Stone"],"picked":"downfall:Hecktoplasm"}],"items_purged_floors":[],"is_endless":false,"potions_floor_spawned":[6,9,14,15,22,25,28,30,32],"killed_by":"downfall:Silent","ascension_level":0}}