{"host":"e0kes70z4atl8xdk","time":1609348740,"event":{"mods":["BaseMod","Colored Map","Colored Powertips","Minty Spire (QoL Compilation)","Rare Cards Sparkle","Relic Stats"],"gold_per_floor":[112,127,127,146,161,161,161,161],"floor_reached":7,"playtime":369,"items_purged":[],"score":43,"play_id":"11714345-deed-4147-b2e3-0b498e026fac","local_time":"20201230181900","is_ascension_mode":false,"campfire_choices":[{"data":"Body Slam","floor":6,"key":"SMITH"}],"circlet_count":0,"master_deck":["Strike_R","Strike_R","Strike_R","Strike_R","Defend_R","Defend_R","Defend_R","Defend_R","Bash","Dropkick","Power Through","Shrug It Off","Body Slam+1"],"relics":["Burning Blood","Calipers"],"acts_visited":["Exordium"],"potions_floor_usage":[],"damage_taken":[{"damage":7,"enemies":"2 Louse","floor":1,"turns":2},{"damage":5,"enemies":"Small Slimes","floor":2,"turns":3},{"damage":1,"enemies":"Jaw Worm","floor":4,"turns":3},{"damage":9,"enemies":"Exordium Wildlife","floor":5,"turns":4},{"damage":50,"enemies":"Gremlin Nob","floor":7,"turns":6}],"seed_played":"-3736035801750772035","potions_obtained":[],"is_trial":false,"path_per_floor":["M","M","?","M","M","R","E"],"character_chosen":"IRONCLAD","items_purchased":[],"campfire_rested":0,"item_purchase_floors":[],"current_hp_per_floor":[71,72,72,72,69,69,19,19],"gold":161,"neow_bonus":"ONE_RARE_RELIC","is_daily":false,"chose_seed":false,"campfire_upgraded":1,"win_rate":0.0,"timestamp":1609348740,"path_taken":["M","M","?","M","M","R","E"],"items_purchased_type":[],"build_version":"2020-12-22","purchased_purges":0,"victory":false,"max_hp_per_floor":[72,72,72,72,72,72,72,72],"relic_stats":{"counters":[5,18],"obtain_stats":[{"Calipers":0,"Burning Blood":0},{"Calipers":0,"Burning Blood":0},{"Calipers":0,"Burning Blood":0}],"Burning Blood":19},"card_choices":[{"not_picked":["Iron Wave","Clothesline"],"picked":"Dropkick","floor":1},{"not_picked":["Anger","Flame Barrier"],"picked":"Power Through","floor":2},{"not_picked":["Feel No Pain","Havoc"],"picked":"Shrug It Off","floor":4},{"not_picked":["Iron Wave","Feel No Pain"],"picked":"Body Slam","floor":5}],"player_experience":213079,"relics_obtained":[],"event_choices":[{"cards_removed":["Strike_R"],"damage_healed":0,"gold_gain":0,"player_choice":"Forget","damage_taken":0,"max_hp_gain":0,"max_hp_loss":0,"event_name":"Living Wall","floor":3,"gold_loss":0}],"is_beta":false,"boss_relics":[],"items_purged_floors":[],"is_endless":false,"potions_floor_spawned":[],"killed_by":"Gremlin Nob","ascension_level":0}}