{"host":"w5ovz9boloi14a0g","time":1609365392,"event":{"mods":["BaseMod","Googly Eyes","Minty Spire (QoL Compilation)","StSLib","SuperFastMode"],"gold_per_floor":[119,119,135,100,27,57,57,74,74,129,142,60,85,98,98,196,196,213,213,233,249,249,278,278,278,305,340,439,439,439,470,470,565,565,576,592,252,265,275,301,301,321,344,378,395,413,413,433,433,433],"floor_reached":51,"playtime":1421,"items_purged":[],"score":966,"play_id":"d1d30451-c329-4d21-83d2-cc0687a1882e","local_time":"20201230155632","is_ascension_mode":true,"campfire_choices":[{"floor":7.0,"key":"REST"},{"floor":15,"key":"REST"},{"data":"Conserve Battery","floor":25,"key":"SMITH"},{"data":"Leap","floor":30,"key":"SMITH"},{"data":"Rainbow","floor":32,"key":"SMITH"},{"data":"Glacier","floor":41,"key":"SMITH"},{"data":"Ball Lightning","floor":49,"key":"SMITH"}],"circlet_count":0,"master_deck":["Strike_B+1","Strike_B+1","Strike_B+1","Strike_B+1","Defend_B+1","Defend_B+1","Defend_B+1","Defend_B+1","Zap","Dualcast","Ball Lightning+1","Fusion","Beam Cell+1","Leap+1","Lockon+1","Doom and Gloom+1","Conserve Battery+1","Meteor Strike+1","Defragment+1","Rainbow+1","Glacier+1"],"relics":["Snecko Eye","FossilizedHelix","Molten Egg 2","Bird Faced Urn","Happy Flower","Dream Catcher","Nuclear Battery","Letter Opener","Regal Pillow","Frozen Egg 2","Eternal Feather","SlaversCollar","Cables","Oddly Smooth Stone","Omamori","Nunchaku"],"acts_visited":["Exordium","TheCity","TheBeyond"],"potions_floor_usage":[],"damage_taken":[{"damage":10.0,"enemies":"Jaw Worm","floor":1.0,"turns":4.0},{"damage":0.0,"enemies":"Cultist","floor":3.0,"turns":2.0},{"damage":36.0,"enemies":"Gremlin Nob","floor":6.0,"turns":5.0},{"damage":0.0,"enemies":"Small Slimes","floor":8.0,"turns":2.0},{"damage":0.0,"enemies":"2 Fungi Beasts","floor":11.0,"turns":5.0},{"damage":6,"enemies":"Lagavulin","floor":13,"turns":6},{"damage":0,"enemies":"Gremlin Gang","floor":14,"turns":1},{"damage":27,"enemies":"The Guardian","floor":16,"turns":10},{"damage":0,"enemies":"Chosen","floor":18,"turns":3},{"damage":0,"enemies":"Shell Parasite","floor":20,"turns":2},{"damage":0,"enemies":"Snecko","floor":21,"turns":3},{"damage":0,"enemies":"Gremlin Leader","floor":23,"turns":5},{"damage":18,"enemies":"Slavers","floor":27,"turns":4},{"damage":0,"enemies":"Book of Stabbing","floor":31,"turns":3},{"damage":29,"enemies":"Automaton","floor":33,"turns":9},{"damage":0,"enemies":"Orb Walker","floor":35,"turns":2},{"damage":7,"enemies":"3 Shapes","floor":36,"turns":3},{"damage":0,"enemies":"Spire Growth","floor":38,"turns":4},{"damage":0,"enemies":"3 Darklings","floor":39,"turns":4},{"damage":13,"enemies":"Reptomancer","floor":40,"turns":7},{"damage":6,"enemies":"Maw","floor":42,"turns":6},{"damage":17,"enemies":"Nemesis","floor":44,"turns":7},{"damage":0,"enemies":"4 Shapes","floor":45,"turns":5},{"damage":0,"enemies":"Writhing Mass","floor":46,"turns":4},{"damage":0,"enemies":"Spire Growth","floor":48,"turns":4},{"damage":67,"enemies":"Time Eater","floor":50,"turns":11}],"seed_played":"2993220983018975049","potions_obtained":[{"floor":1.0,"key":"SteroidPotion"},{"floor":6.0,"key":"Fruit Juice"},{"floor":23,"key":"FairyPotion"},{"floor":31,"key":"BlessingOfTheForge"},{"floor":33,"key":"Weak Potion"}],"is_trial":false,"path_per_floor":["M","?","M","?","$","E","R","M","T","T","M","$","E","M","R","B",null,"M","?","M","M","?","E","$","R","T","E","?","?","R","E","R","B",null,"M","M","$","M","M","E","R","M","T","E","M","M","$","M","R","B",null],"character_chosen":"DEFECT","items_purchased":["Fusion","Lockon+1","Glacier","Cables"],"campfire_rested":2,"item_purchase_floors":[5,12,37,37],"current_hp_per_floor":[65,58,58,58,58,27,51,51,51,51,51,51,45,45,69,42,80,80,80,80,80,80,80,80,80,80,62,62,62,62,64,76,49,80,80,75,75,75,77,66,78,74,74,59,61,63,63,65,77,12],"gold":433,"neow_bonus":"BOSS_RELIC","is_daily":false,"chose_seed":false,"campfire_upgraded":5,"win_rate":0.0,"timestamp":1609365392,"path_taken":["M","?","M","?","$","E","R","M","T","?","M","?","E","M","R","BOSS","M","?","M","?","?","E","$","R","T","E","?","?","R","E","R","BOSS","M","M","$","M","M","E","R","M","T","E","?","?","$","M","R","BOSS"],"items_purchased_type":["Card","Card","Card","Relic"],"build_version":"2020-12-22","purchased_purges":0,"victory":true,"max_hp_per_floor":[75,75,75,75,75,80,80,80,80,80,80,80,80,80,80,80,80,80,80,80,80,80,80,80,80,80,80,80,80,80,80,80,80,80,80,80,80,80,80,80,80,80,80,80,80,80,80,80,80,80],"card_choices":[{"not_picked":["Reinforced Body","Aggregate"],"picked":"Ball Lightning","floor":1.0},{"not_picked":["Rebound","Darkness","Coolheaded"],"picked":"SKIP","floor":3.0},{"not_picked":["Fusion","Coolheaded"],"picked":"Beam Cell+1","floor":6.0},{"not_picked":["Coolheaded","Undo"],"picked":"Leap","floor":8.0},{"not_picked":["Undo","Cold Snap+1","Blizzard+1"],"picked":"SKIP","floor":11},{"not_picked":["Lockon+1","Beam Cell+1"],"picked":"Doom and Gloom+1","floor":13},{"not_picked":["Blizzard+1","Stack","Sweeping Beam+1"],"picked":"SKIP","floor":14},{"not_picked":["Stack","Gash+1"],"picked":"Conserve Battery","floor":15},{"not_picked":["Echo Form","Core Surge+1"],"picked":"Meteor Strike+1","floor":16},{"not_picked":["Rebound+1","Conserve Battery","Static Discharge"],"picked":"SKIP","floor":18},{"not_picked":["Conserve Battery","Barrage+1","Coolheaded"],"picked":"SKIP","floor":20},{"not_picked":["Chill","Barrage+1","Stack"],"picked":"SKIP","floor":21},{"not_picked":["Cold Snap+1","Rebound+1","Hologram+1"],"picked":"SKIP","floor":23},{"not_picked":["Cold Snap+1","Aggregate"],"picked":"Defragment+1","floor":27},{"not_picked":["Fusion","Rainbow","Lockon+1"],"picked":"SKIP","floor":31},{"not_picked":["Fusion","Lockon+1"],"picked":"Rainbow","floor":31},{"not_picked":["Go for the Eyes+1","Compile Driver+1","Fusion+1"],"picked":"SKIP","floor":35},{"not_picked":["Storm+1","Go for the Eyes+1","Genetic Algorithm+1"],"picked":"SKIP","floor":36},{"not_picked":["Steam Power+1","Chaos+1","Reprogram+1"],"picked":"SKIP","floor":38},{"not_picked":["Sweeping Beam+1","Storm+1","Reinforced Body+1"],"picked":"SKIP","floor":39},{"not_picked":["Defragment+1","Recycle","Turbo+1"],"picked":"SKIP","floor":40},{"not_picked":["Heatsinks+1","Coolheaded","Rebound+1"],"picked":"SKIP","floor":42},{"not_picked":["Rip and Tear+1","Storm+1","Recycle"],"picked":"SKIP","floor":44},{"not_picked":["Scrape+1","Ball Lightning+1","Sweeping Beam+1"],"picked":"SKIP","floor":45},{"not_picked":["Stack","Rainbow","Chill+1"],"picked":"SKIP","floor":46},{"not_picked":["Leap+1","White Noise","Stack+1"],"picked":"SKIP","floor":48}],"player_experience":52620,"relics_obtained":[{"floor":6.0,"key":"Molten Egg 2"},{"floor":9.0,"key":"Bird Faced Urn"},{"floor":10.0,"key":"Happy Flower"},{"floor":13,"key":"Dream Catcher"},{"floor":23,"key":"Letter Opener"},{"floor":26,"key":"Regal Pillow"},{"floor":27,"key":"Frozen Egg 2"},{"floor":31,"key":"Eternal Feather"},{"floor":40,"key":"Oddly Smooth Stone"},{"floor":43,"key":"Omamori"},{"floor":44,"key":"Nunchaku"}],"event_choices":[{"damage_healed":0.0,"max_hp_gain":0.0,"max_hp_loss":0.0,"gold_gain":0.0,"event_name":"Scrap Ooze","player_choice":"Success","floor":2.0,"gold_loss":0.0,"damage_taken":7.0,"relics_obtained":["FossilizedHelix"]},{"damage_healed":0.0,"max_hp_gain":0.0,"max_hp_loss":0.0,"gold_gain":0.0,"event_name":"World of Goop","player_choice":"Left Gold","floor":4.0,"gold_loss":35.0,"damage_taken":0.0},{"damage_healed":0,"gold_gain":0,"player_choice":"Ignored","damage_taken":0,"max_hp_gain":0,"max_hp_loss":0,"event_name":"N\u0027loth","floor":19,"gold_loss":0},{"damage_healed":0,"gold_gain":0,"player_choice":"Simplicity","damage_taken":0,"max_hp_gain":0,"max_hp_loss":0,"event_name":"Back to Basics","floor":22,"gold_loss":0,"cards_upgraded":["Strike_B","Strike_B","Strike_B","Strike_B","Defend_B","Defend_B","Defend_B","Defend_B"]},{"damage_healed":0,"gold_gain":99,"player_choice":"Stole From Cult","damage_taken":0,"max_hp_gain":0,"max_hp_loss":0,"event_name":"Nest","floor":28,"gold_loss":0},{"damage_healed":0,"gold_gain":0,"player_choice":"Bought 0 Potions","damage_taken":0,"max_hp_gain":0,"max_hp_loss":0,"event_name":"The Woman in Blue","floor":29,"gold_loss":0}],"is_beta":false,"boss_relics":[{"not_picked":["Ectoplasm","SacredBark"],"picked":"Nuclear Battery"},{"not_picked":["Philosopher\u0027s Stone","Astrolabe"],"picked":"SlaversCollar"}],"items_purged_floors":[],"is_endless":false,"potions_floor_spawned":[1,6,23,31,33,38,39,40,44],"ascension_level":1}}