{"host":"2820e8i2y38gm4bp","time":1609300550,"event":{"mods":["2.2 Compatiblity","Act Like it!","BaseMod","Better Note","BetterRewards","Downfall","Elementarium","Gensokyo","GungeonMod","Hallownest","Hubris","Marisa????????","Minty Spire (QoL Compilation)","Potionbrewer","Rare Cards Sparkle","Replay The Spire","Shop Mod","StSLib","The Bug Knight","The Jungle"],"gold_per_floor":[99,111,111,127,145,175,256,256,290,306,306,456,456,456,473,577,577,577,589,739,839,850,40,67,102,102,102,114,126,126,155,80,148,163,261,361,361,377,427,501,515,526,579,579,614,628,628,545,613,633,645,645],"floor_reached":53,"playtime":4396,"items_purged":["Replay:Hysterical Blindness","Guardian:Strike_Guardian"],"score":931,"play_id":"844e65d3-d149-49b0-8715-98d8260d2467","local_time":"20201229225550","is_ascension_mode":false,"campfire_choices":[{"floor":11.0,"key":"REST"},{"floor":13.0,"key":"REST"},{"data":"Guardian:StasisStrike","floor":18.0,"key":"SMITH"},{"floor":30.0,"key":"REST"},{"floor":32.0,"key":"RECALL"},{"data":"DemoMod:Invincible","floor":37.0,"key":"SMITH"},{"data":"Pot Of Greed","floor":44,"key":"SMITH"},{"data":"hubris:DuctTapeCard","floor":47,"key":"SMITH"}],"circlet_count":0,"master_deck":["Guardian:Strike_Guardian","Guardian:Defend_Guardian","Guardian:Defend_Guardian","Guardian:Defend_Guardian","Guardian:Defend_Guardian","Guardian:CurlUp","Guardian:AncientConstruct+1","Guardian:WalkerClaw","Guardian:TimeSifter","Guardian:FloatingOrbs","Guardian:StasisStrike+1","Guardian:RevengeProtocol","Hallownest:curseDreamersLament","Writhe","Guardian:StasisStrike","Guardian:Orbwalk+1","Guardian:Preprogram","DemoMod:Invincible+1","expansioncontent:SuperHexaguard","Guardian:Clone","Guardian:SentryBeam+1","Guardian:CrystalBeam+1","Guardian:ExploitGems","Guardian:ShieldCharger+1","Guardian:Recover+1","Pot Of Greed+1","Pot Of Greed","Pot Of Greed","Guardian:PiercingHide+1","Guardian:Gem_White","hubris:DuctTapeCard+2","Guardian:CrystalBeam+1","Guardian:PrismaticBarrier","Guardian:Gem_Blue","Parasite","Pot Of Greed","Guardian:TimeSifter","Guardian:Orbwalk+1"],"relics":["Guardian:ModeShifter","hubris:Towel","Omamori","DemoMod:PinkGuonStone","Nunchaku","ReplayTheSpireMod:CursedCoin","Prayer Wheel","Replay:Ancient Bell","DemoMod:WhiteGuonStone","Replay:Accelerometer","Calipers","downfall:CloakOfManyFaces","CultistMask","FaceOfCleric","NlothsMask","GremlinMask","SsserpentHead","Potion Belt","DemoMod:SerJunkan","DemoMod:Junk","Lantern","DemoMod:DecoyRelic","downfall:HeartBlessingGreen","Replay:Wanted Poster","Ring of Misfortune","Grinning Jar","hubris:DuctTape","DemoMod:GlassGuonStoneRelic"],"acts_visited":["Exordium","TheCity","TheBeyond"],"potions_floor_usage":[48,48,52],"damage_taken":[{"damage":6.0,"enemies":"2 Louse","floor":2.0,"turns":4.0},{"damage":16.0,"enemies":"Jaw Worm","floor":4.0,"turns":7.0},{"damage":13.0,"enemies":"Cultist","floor":5.0,"turns":5.0},{"damage":29.0,"enemies":"3 Sentries","floor":9.0,"turns":12.0},{"damage":13.0,"enemies":"Large Slime","floor":10.0,"turns":7.0},{"damage":5.0,"enemies":"Exordium Wildlife","floor":15.0,"turns":9.0},{"damage":25.0,"enemies":"downfall:Silent","floor":16.0,"turns":13.0},{"damage":14.0,"enemies":"Spheric Guardian","floor":19.0,"turns":5.0},{"damage":18.0,"enemies":"downfall:FaceTrader","floor":21.0,"turns":8.0},{"damage":17.0,"enemies":"Chosen","floor":22.0,"turns":6.0},{"damage":2.0,"enemies":"downfall:FleeingMerchant","floor":23.0,"turns":4.0},{"damage":14.0,"enemies":"Book of Stabbing","floor":25.0,"turns":5.0},{"damage":17.0,"enemies":"Snecko","floor":28.0,"turns":8.0},{"damage":25.0,"enemies":"3 Cultists","floor":29.0,"turns":7.0},{"damage":25.0,"enemies":"Gremlin Leader","floor":31.0,"turns":7.0},{"damage":4.0,"enemies":"Snake Plant","floor":33.0,"turns":5.0},{"damage":12.0,"enemies":"Centurion and Healer","floor":34.0,"turns":6.0},{"damage":4.0,"enemies":"downfall:Defect","floor":35.0,"turns":8.0},{"damage":12.0,"enemies":"Orb Walker","floor":38.0,"turns":4.0},{"damage":18.0,"enemies":"3 Darklings","floor":41.0,"turns":6.0},{"damage":0,"enemies":"Sphere and 2 Shapes","floor":42,"turns":5},{"damage":0,"enemies":"R_Hoarder","floor":45,"turns":8},{"damage":0,"enemies":"Maw","floor":46,"turns":7},{"damage":0,"enemies":"downfall:FleeingMerchant","floor":48,"turns":4},{"damage":0,"enemies":"4 Shapes","floor":49,"turns":5},{"damage":6,"enemies":"Transient","floor":50,"turns":5},{"damage":13,"enemies":"Writhing Mass","floor":51,"turns":6},{"damage":0,"enemies":"downfall:Watcher","floor":52,"turns":7}],"seed_played":"-8528586899821038168","potions_obtained":[{"floor":2.0,"key":"Strength Potion"},{"floor":5.0,"key":"Adrenaline Potion"},{"floor":9.0,"key":"Weak Potion"},{"floor":16.0,"key":"FairyPotion"},{"floor":19.0,"key":"SkillPotion"},{"floor":21.0,"key":"Regen Potion"},{"floor":28.0,"key":"Dexterity Potion"},{"floor":29.0,"key":"champ:CounterPotion"},{"floor":41.0,"key":"Guardian:AcceleratePotion"},{"floor":45,"key":"Weak Potion"},{"floor":46,"key":"Explosive Potion"},{"floor":50,"key":"Guardian:DefensiveModePotion"},{"floor":51,"key":"LiquidMemories"}],"is_trial":false,"path_per_floor":["R","M","?","M","M","?","T","?","E","M","R","$","R","?","M","B",null,"R","M","?","?","M","$","T","E","PTL","PTL","M","M","R","E","R","M","M","B",null,"R","M","?","T","M","M","T","R","E","M","R","$","M","M","M","B",null],"character_chosen":"GUARDIAN","items_purchased":["ReplayTheSpireMod:CursedCoin","Strawberry","Prayer Wheel","Potion Belt","DemoMod:SerJunkan","Guardian:Preprogram","DemoMod:Invincible","expansioncontent:SuperHexaguard","Guardian:PrismaticBarrier"],"campfire_rested":3,"item_purchase_floors":[12,12,12,23,23,23,23,23,48],"current_hp_per_floor":[80,74,74,58,45,45,52,52,23,10,36,7,35,35,30,5,94,94,80,80,62,46,45,45,32,32,32,16,30,59,35,35,32,21,18,103,103,92,92,92,75,76,76,76,77,78,78,79,80,75,63,64],"gold":645,"neow_bonus":"THREE_RARE_CARDS","is_daily":false,"chose_seed":false,"campfire_upgraded":4,"win_rate":0.0,"timestamp":1609300550,"path_taken":["R","M","?","M","M","?","T","?","E","M","R","?","R","?","M","BOSS","R","M","?","?","M","$","T","E","PTL","PTL","M","M","R","E","R","?","M","BOSS","R","M","?","?","M","M","T","R","E","M","R","$","?","M","M","BOSS"],"items_purchased_type":["Relic","Relic","Relic","Relic","Relic","Card","Card","Card","Card"],"build_version":"2020-12-22","purchased_purges":2,"victory":true,"max_hp_per_floor":[80,80,80,80,80,80,87,87,87,87,87,94,94,94,94,94,94,94,94,94,94,95,96,96,97,97,97,98,99,99,100,100,101,102,103,103,103,104,104,104,105,106,106,106,107,108,108,109,110,111,112,113],"card_choices":[{"not_picked":["Guardian:FastForward","Guardian:SphericShield"],"picked":"Guardian:AncientConstruct","floor":0.0},{"not_picked":["Guardian:WalkerClaw","Guardian:PrimingBeam"],"picked":"Guardian:Gem_Green","floor":2.0},{"not_picked":["Guardian:Gem_Cyan","Guardian:Gem_Lightblue"],"picked":"Guardian:WalkerClaw","floor":4.0},{"not_picked":["Guardian:Gem_Green","Guardian:VentSteam"],"picked":"Guardian:Gem_Synthetic","floor":5.0},{"not_picked":["Guardian:Suspension","Guardian:PiercingHide"],"picked":"Guardian:TimeSifter","floor":9.0},{"not_picked":["Guardian:Harden","Guardian:TemporalShield"],"picked":"Guardian:Gem_White","floor":10.0},{"not_picked":["Guardian:Planning","Guardian:BronzeArmor"],"picked":"Guardian:FloatingOrbs","floor":15.0},{"not_picked":["Guardian:BronzeArmor","Guardian:Gem_Cyan"],"picked":"Guardian:StasisStrike","floor":15.0},{"not_picked":["Guardian:TimeSifter","Guardian:AncientConstruct"],"picked":"Guardian:RevengeProtocol","floor":16.0},{"not_picked":["ReplayTheSpireMod:Faulty Equipment","Delirium"],"picked":"CommonCold","floor":17.0},{"not_picked":["Delirium","Replay:Sluggish"],"picked":"Hallownest:curseDreamersLament","floor":17.0},{"not_picked":["Spreading Infection","Replay:Hysterical Blindness"],"picked":"Writhe","floor":17.0},{"not_picked":["Guardian:CrystalBeam","Guardian:TemporalShield"],"picked":"Guardian:StasisStrike","floor":19.0},{"not_picked":["Guardian:Planning+1","Guardian:PrismaticBarrier+1"],"picked":"Guardian:Orbwalk+1","floor":19.0},{"not_picked":["Guardian:AncientConstruct","Guardian:Incinerate"],"picked":"Guardian:Gem_Crimson","floor":21.0},{"not_picked":["Guardian:PrismaticBarrier+1","Guardian:Gem_Red"],"picked":"Guardian:Gem_Lightblue","floor":22.0},{"not_picked":["Guardian:RollAttack","Guardian:PrimingBeam"],"picked":"Guardian:Gem_Synthetic","floor":22.0},{"not_picked":["Guardian:Recover","Guardian:WalkerClaw"],"picked":"Guardian:PrismaticBarrier","floor":23.0},{"not_picked":["Guardian:DecasProtection","Guardian:TemporalShield"],"picked":"Guardian:Clone","floor":25.0},{"not_picked":["Guardian:Suspension","Guardian:BronzeOrb"],"picked":"Guardian:Gem_Cyan","floor":28.0},{"not_picked":["Guardian:Gem_Green","Guardian:WalkerClaw"],"picked":"Guardian:SentryBeam+1","floor":28.0},{"not_picked":["Guardian:DonusPower","Guardian:Planning","Guardian:RefractedBeam+1"],"picked":"SKIP","floor":29.0},{"not_picked":["Guardian:Suspension","Guardian:Clone+1","Guardian:Gem_Lightblue"],"picked":"SKIP","floor":29.0},{"not_picked":["Guardian:RollAttack","Guardian:AncientConstruct","Guardian:TemporalStrike+1"],"picked":"SKIP","floor":31.0},{"not_picked":["Guardian:ConstructionForm","Guardian:DonusPower"],"picked":"Guardian:CrystalBeam+1","floor":33.0},{"not_picked":["Guardian:PrimingBeam+1","Guardian:Incinerate+1","Guardian:BronzeArmor"],"picked":"SKIP","floor":33.0},{"not_picked":["Guardian:PiercingHide","Guardian:RollAttack"],"picked":"Guardian:ExploitGems","floor":34.0},{"not_picked":["Guardian:Gem_Cyan","Guardian:VentSteam"],"picked":"Guardian:Gem_Red","floor":34.0},{"not_picked":["Guardian:TimeSifter","Guardian:FierceBash"],"picked":"Guardian:Gem_Synthetic","floor":35.0},{"not_picked":["Guardian:ArmoredProtocol+1","Guardian:Recover"],"picked":"Guardian:ShieldCharger+1","floor":38.0},{"not_picked":["Guardian:Clone","Guardian:ArmoredProtocol"],"picked":"Guardian:Recover+1","floor":38.0},{"not_picked":["Guardian:EvasiveProtocol+1","Guardian:RollAttack+1"],"picked":"Guardian:Gem_Synthetic","floor":41.0},{"not_picked":["Guardian:RollAttack+1","Guardian:VentSteam+1"],"picked":"Guardian:PiercingHide+1","floor":41.0},{"not_picked":["Guardian:Reroute","Guardian:Gem_Lightblue"],"picked":"Guardian:Gem_White","floor":42},{"not_picked":["Guardian:VentSteam+1","Guardian:PrimingBeam"],"picked":"Guardian:Gem_Crimson","floor":42},{"not_picked":["Guardian:TemporalStrike","Guardian:Gem_Cyan"],"picked":"Guardian:CrystalBeam+1","floor":45},{"not_picked":["Guardian:RollAttack+1","Guardian:ShieldCharger","Guardian:Recover+1"],"picked":"SKIP","floor":46},{"not_picked":["Guardian:WalkerClaw","Guardian:PolyBeam","Guardian:Gem_Lightblue"],"picked":"SKIP","floor":46},{"not_picked":["Guardian:ShieldCharger","Guardian:Recover","Guardian:CrystalBeam+1"],"picked":"SKIP","floor":48},{"not_picked":["Guardian:Gem_Green","Guardian:Planning"],"picked":"Guardian:Gem_Blue","floor":49},{"not_picked":["Guardian:PrismaticBarrier+1","Guardian:Gem_Crimson","Guardian:TemporalShield"],"picked":"SKIP","floor":49},{"not_picked":["Guardian:RollAttack","Guardian:Suspension","Guardian:Gem_Red"],"picked":"SKIP","floor":50},{"not_picked":["Guardian:PiercingHide","Guardian:ShieldCharger+1","Guardian:TemporalShield+1"],"picked":"SKIP","floor":50},{"not_picked":["Guardian:VentSteam+1","Guardian:Gem_Fragmented"],"picked":"Guardian:TimeSifter","floor":51},{"not_picked":["Guardian:PrimingBeam+1","Guardian:Gem_Fragmented"],"picked":"Guardian:Orbwalk+1","floor":51}],"player_experience":498186,"relics_obtained":[{"floor":7.0,"key":"DemoMod:PinkGuonStone"},{"floor":9.0,"key":"Nunchaku"},{"floor":21.0,"key":"downfall:CloakOfManyFaces"},{"floor":24.0,"key":"DemoMod:Junk"},{"floor":25.0,"key":"Lantern"},{"floor":31.0,"key":"DemoMod:DecoyRelic"},{"floor":39.0,"key":"Ring of Misfortune"},{"floor":40.0,"key":"Grinning Jar"},{"floor":43,"key":"DemoMod:Junk"},{"floor":45,"key":"hubris:DuctTape"}],"event_choices":[{"cards_removed":["Guardian:Strike_Guardian"],"damage_healed":0.0,"max_hp_gain":0.0,"max_hp_loss":0.0,"gold_gain":0.0,"event_name":"The Cleric","player_choice":"Card Removal","floor":14.0,"gold_loss":0.0,"damage_taken":0.0}],"is_beta":false,"boss_relics":[{"not_picked":["hubris:GrandSneckoEye","Ring of Chaos"],"picked":"Replay:Ancient Bell"},{"not_picked":["Bronze Scales","Regal Pillow"],"picked":"DemoMod:WhiteGuonStone"},{"not_picked":["hubris:Metronome","Sundial"],"picked":"Replay:Accelerometer"},{"not_picked":["Replay:PocketPolymizer","DemoMod:AgedBell"],"picked":"Calipers"},{"not_picked":["Guardian:StasisSlotReductionRelic","Replay:Fungal Core"],"picked":"Replay:Wanted Poster"}],"items_purged_floors":[12,23],"is_endless":false,"potions_floor_spawned":[2,5,9,16,19,21,28,29,41,45,46,50,51],"ascension_level":0}}