{"host":"w4qf11634cf28tiw","time":1609357196,"event":{"mods":["BaseMod","Colored Map","Colored Powertips","Minty Spire (QoL Compilation)","Quick Restart","StSLib"],"gold_per_floor":[112,112,132,147,147,174,174,188,213,286,286,286,286,301,301,405,405,418,428,428,443,296,296,296],"floor_reached":23,"playtime":4190,"items_purged":[],"score":191,"play_id":"864ed684-0a65-4f03-91bb-8aec0c465be5","local_time":"20201230143956","is_ascension_mode":false,"campfire_choices":[{"data":"Vigilance","floor":7,"key":"SMITH"},{"floor":13,"key":"REST"},{"data":"Protect","floor":15,"key":"SMITH"}],"circlet_count":0,"master_deck":["Strike_P","Strike_P","Strike_P","Strike_P","Defend_P","Defend_P","Defend_P","Defend_P","Eruption+1","Vigilance+1","EmptyFist","Vengeance","ReachHeaven","Protect+1","DevaForm"],"relics":["PureWater","Damaru","Vajra","Velvet Choker","Happy Flower"],"acts_visited":["Exordium","TheCity"],"potions_floor_usage":[23],"damage_taken":[{"damage":16,"enemies":"Jaw Worm","floor":1,"turns":4},{"damage":1,"enemies":"2 Louse","floor":3,"turns":4},{"damage":0,"enemies":"Small Slimes","floor":4,"turns":3},{"damage":28,"enemies":"Lagavulin","floor":6,"turns":7},{"damage":1,"enemies":"Exordium Thugs","floor":8,"turns":4},{"damage":6,"enemies":"Large Slime","floor":14,"turns":3},{"damage":41,"enemies":"Hexaghost","floor":16,"turns":10},{"damage":0,"enemies":"Chosen","floor":18,"turns":3},{"damage":11,"enemies":"Shell Parasite","floor":19,"turns":3},{"damage":28,"enemies":"Sentry and Sphere","floor":21,"turns":4},{"damage":40,"enemies":"Slavers","floor":23,"turns":3}],"seed_played":"-2333745220020676288","potions_obtained":[{"floor":21,"key":"SkillPotion"}],"is_trial":false,"path_per_floor":["M","?","M","M","$","E","R","M","T","?","?","$","R","M","R","B",null,"M","M","?","M","$","E"],"character_chosen":"WATCHER","items_purchased":["Happy Flower"],"campfire_rested":1,"item_purchase_floors":[22],"current_hp_per_floor":[63,63,62,62,62,34,34,33,33,33,33,33,56,50,50,9,79,79,68,68,40,40,0,0],"gold":296,"neow_bonus":"TEN_PERCENT_HP_BONUS","is_daily":false,"chose_seed":false,"campfire_upgraded":2,"win_rate":0.0,"timestamp":1609357196,"path_taken":["M","?","M","M","$","E","R","M","T","?","?","$","R","M","R","BOSS","M","M","?","M","?","E"],"items_purchased_type":["Relic"],"build_version":"2020-12-22","purchased_purges":0,"victory":false,"max_hp_per_floor":[79,79,79,79,79,79,79,79,79,79,79,79,79,79,79,79,79,79,79,79,79,79,79,79],"card_choices":[{"not_picked":["JustLucky","ClearTheMind","Prostrate"],"picked":"SKIP","floor":1},{"not_picked":["BowlingBash","Evaluate"],"picked":"EmptyFist","floor":3},{"not_picked":["WreathOfFlame","TalkToTheHand"],"picked":"Vengeance","floor":4},{"not_picked":["Meditate","Worship"],"picked":"ReachHeaven","floor":6},{"not_picked":["CarveReality","Vengeance","SashWhip"],"picked":"SKIP","floor":8},{"not_picked":["Indignation","CutThroughFate"],"picked":"Protect","floor":14},{"not_picked":["Blasphemy","Omniscience"],"picked":"DevaForm","floor":16},{"not_picked":["Collect","Protect+1","FearNoEvil"],"picked":"SKIP","floor":18},{"not_picked":["Nirvana","Perseverance","Protect"],"picked":"SKIP","floor":19},{"not_picked":["CarveReality","EmptyFist+1","Consecrate"],"picked":"SKIP","floor":21}],"player_experience":26589,"relics_obtained":[{"floor":6,"key":"Damaru"},{"floor":9,"key":"Vajra"}],"event_choices":[{"damage_healed":0,"gold_gain":0,"player_choice":"Grow","damage_taken":0,"max_hp_gain":0,"max_hp_loss":0,"event_name":"Living Wall","floor":2,"gold_loss":0,"cards_upgraded":["Eruption"]},{"damage_healed":0,"gold_gain":73,"player_choice":"Gained Gold","damage_taken":0,"max_hp_gain":0,"max_hp_loss":0,"event_name":"Golden Wing","floor":10,"gold_loss":0},{"damage_healed":0,"gold_gain":0,"player_choice":"Ignored","damage_taken":0,"max_hp_gain":0,"max_hp_loss":0,"event_name":"Golden Idol","floor":11,"gold_loss":0},{"damage_healed":0,"gold_gain":0,"player_choice":"Leave","damage_taken":0,"max_hp_gain":0,"max_hp_loss":0,"event_name":"FaceTrader","floor":20,"gold_loss":0}],"is_beta":false,"boss_relics":[{"not_picked":["Busted Crown","Cursed Key"],"picked":"Velvet Choker"}],"items_purged_floors":[],"is_endless":false,"potions_floor_spawned":[3,4,8,21],"killed_by":"Slavers","ascension_level":0}}