{"host":"08sn1703g14rasc1","time":1609326506,"event":{"mods":["AchievementEnabler","BaseMod","Colored Map","Colored Powertips","Hermit","Minty Spire (QoL Compilation)","StSLib"],"gold_per_floor":[114,114,127,146,221,221,246,256,256,319,47,67,84,84,84,189,189,200,200,51,51,51],"floor_reached":21,"playtime":536,"items_purged":[],"score":242,"play_id":"b439945a-4451-43a1-897e-b1c226cc7652","local_time":"20201230030826","is_ascension_mode":true,"campfire_choices":[{"floor":6,"key":"REST"},{"floor":15,"key":"REST"}],"circlet_count":0,"master_deck":["hermit:Strike_Hermit","hermit:Strike_Hermit","hermit:Strike_Hermit","hermit:Defend_Hermit","hermit:Defend_Hermit","hermit:Snapshot","hermit:Covet","hermit:LoneWolf","hermit:Maintenance","hermit:Shortfuse","hermit:Quickdraw","hermit:Roulette","hermit:RoundhouseKick","hermit:Deadeye","hermit:Misfire","hermit:DeadOrAlive","hermit:Combo","hermit:DeadMansHand","hermit:Malice"],"relics":["hermit:Momento","White Beast Statue","Matryoshka","Blood Vial","Busted Crown","Pen Nib"],"acts_visited":["Exordium","TheCity"],"potions_floor_usage":[7,16],"damage_taken":[{"damage":2,"enemies":"Jaw Worm","floor":1,"turns":3},{"damage":0,"enemies":"Cultist","floor":3,"turns":3},{"damage":0,"enemies":"Small Slimes","floor":4,"turns":3},{"damage":37,"enemies":"Lagavulin","floor":7,"turns":7},{"damage":4,"enemies":"3 Louse","floor":8,"turns":3},{"damage":5,"enemies":"Red Slaver","floor":12,"turns":3},{"damage":5,"enemies":"2 Fungi Beasts","floor":13,"turns":3},{"damage":58,"enemies":"Hexaghost","floor":16,"turns":10},{"damage":54,"enemies":"3 Byrds","floor":18,"turns":5},{"damage":23,"enemies":"Shell Parasite","floor":21,"turns":3}],"seed_played":"-1005130480639307322","potions_obtained":[{"floor":1,"key":"hermit:Tonic"},{"floor":4,"key":"Weak Potion"},{"floor":8,"key":"Explosive Potion"},{"floor":12,"key":"FairyPotion"},{"floor":16,"key":"Dexterity Potion"},{"floor":18,"key":"LiquidBronze"}],"is_trial":false,"path_per_floor":["M","?","M","M","?","R","E","M","T","?","$","M","M","?","R","B",null,"M","?","$","M"],"character_chosen":"HERMIT","items_purchased":["Blood Vial","hermit:RoundhouseKick","PowerPotion","Pen Nib"],"campfire_rested":2,"item_purchase_floors":[11,11,11,20],"current_hp_per_floor":[62,62,62,62,51,77,40,36,36,36,36,33,30,30,56,26,73,21,21,21,0,0],"gold":51,"neow_bonus":"TWENTY_PERCENT_HP_BONUS","is_daily":false,"chose_seed":false,"campfire_upgraded":0,"win_rate":0.0,"timestamp":1609326506,"path_taken":["M","?","?","?","?","R","E","M","T","?","$","M","M","?","R","BOSS","M","?","$","M"],"items_purchased_type":["Relic","Card","Potion","Relic"],"build_version":"2020-12-22","purchased_purges":0,"victory":false,"max_hp_per_floor":[89,89,89,89,89,89,89,89,89,89,89,89,89,89,89,89,89,89,89,89,89,89],"card_choices":[{"not_picked":["hermit:EyeOfTheStorm","hermit:Feint"],"picked":"hermit:LoneWolf","floor":1},{"not_picked":["hermit:HoleUp","hermit:Midnight"],"picked":"hermit:Maintenance","floor":3},{"not_picked":["hermit:Glare","hermit:EyeOfTheStorm"],"picked":"hermit:Shortfuse","floor":4},{"not_picked":["hermit:Headshot","hermit:Manifest"],"picked":"hermit:Quickdraw","floor":7},{"not_picked":["hermit:Ricochet","hermit:FullyLoaded"],"picked":"hermit:Roulette","floor":8},{"not_picked":["hermit:Ricochet","hermit:Dive"],"picked":"hermit:Deadeye","floor":12},{"not_picked":["hermit:Shortfuse","hermit:WideOpen"],"picked":"hermit:Misfire","floor":13},{"not_picked":["hermit:Magnum","hermit:EternalForm"],"picked":"hermit:DeadOrAlive","floor":16},{"not_picked":[],"picked":"hermit:Combo","floor":18}],"player_experience":448669,"relics_obtained":[{"floor":7,"key":"White Beast Statue"},{"floor":9,"key":"Matryoshka"}],"event_choices":[{"cards_removed":["hermit:Defend_Hermit"],"damage_healed":0,"gold_gain":0,"player_choice":"Offered Basic","damage_taken":0,"max_hp_gain":0,"max_hp_loss":0,"event_name":"Bonfire Elementals","floor":2,"gold_loss":0},{"damage_healed":0,"gold_gain":75,"player_choice":"Gather Gold","damage_taken":11,"max_hp_gain":0,"max_hp_loss":0,"event_name":"World of Goop","floor":5,"gold_loss":0},{"damage_healed":0,"gold_gain":63,"player_choice":"Gained Gold","damage_taken":0,"max_hp_gain":0,"max_hp_loss":0,"event_name":"Golden Wing","floor":10,"gold_loss":0},{"damage_healed":0,"gold_gain":0,"player_choice":"Bought 0 Potions","damage_taken":0,"max_hp_gain":0,"max_hp_loss":0,"event_name":"The Woman in Blue","floor":14,"gold_loss":0},{"damage_healed":0,"gold_gain":0,"cards_transformed":["hermit:Defend_Hermit","hermit:Strike_Hermit"],"player_choice":"Became Test Subject","damage_taken":0,"max_hp_gain":0,"max_hp_loss":0,"event_name":"Drug Dealer","floor":19,"gold_loss":0,"cards_obtained":["hermit:DeadMansHand","hermit:Malice"]}],"is_beta":false,"boss_relics":[{"not_picked":["Pandora\u0027s Box","Runic Pyramid"],"picked":"Busted Crown"}],"items_purged_floors":[],"is_endless":false,"potions_floor_spawned":[1,4,8,12,13,16,18],"killed_by":"Shell Parasite","ascension_level":7}}