{"host":"rag04wbrzwiojxfu","time":1609297563,"event":{"mods":["AchievementEnabler","Alarm Clock","BaseMod","Bestiary","Block Reminder","Colored Powertips","Highlight Path","Minty Spire (QoL Compilation)","Quick Restart","Relic Sorter","Relic Stats","Shop Mod","StSLib"],"gold_per_floor":[113,130,55,69,88,88,118,118,190,190,190],"floor_reached":10,"playtime":719,"items_purged":["Doubt"],"score":75,"play_id":"ffa3da56-4bc8-4cbb-b45e-6a435366fc00","local_time":"20201229210603","is_ascension_mode":true,"campfire_choices":[{"data":"Juggernaut","floor":6,"key":"SMITH"},{"floor":8,"key":"REST"}],"circlet_count":0,"master_deck":["Strike_R","Strike_R","Strike_R","Strike_R","Strike_R","Defend_R","Defend_R","Defend_R","Defend_R","Bash","Limit Break","Dual Wield","Juggernaut+1","Inflame"],"relics":["Burning Blood","StoneCalendar"],"acts_visited":["Exordium"],"potions_floor_usage":[7],"damage_taken":[{"damage":7,"enemies":"2 Louse","floor":1,"turns":4},{"damage":15,"enemies":"Cultist","floor":2,"turns":5},{"damage":14,"enemies":"Jaw Worm","floor":4,"turns":4},{"damage":21,"enemies":"Looter","floor":5,"turns":4},{"damage":37,"enemies":"Lagavulin","floor":7,"turns":8},{"damage":48,"enemies":"3 Sentries","floor":10,"turns":6}],"seed_played":"6666492706532883715","potions_obtained":[{"floor":5,"key":"SteroidPotion"}],"is_trial":false,"path_per_floor":["M","M","$","M","M","R","E","R","T","E"],"character_chosen":"IRONCLAD","items_purchased":[],"campfire_rested":1,"item_purchase_floors":[],"current_hp_per_floor":[79,70,70,62,47,47,16,40,40,0,0],"gold":190,"neow_bonus":"THREE_RARE_CARDS","is_daily":false,"chose_seed":false,"campfire_upgraded":1,"win_rate":0.0,"timestamp":1609297563,"path_taken":["M","M","$","M","M","R","E","R","T","E"],"items_purchased_type":[],"build_version":"2020-12-22","purchased_purges":1,"victory":false,"max_hp_per_floor":[80,80,80,80,80,80,80,80,80,80,80],"relic_stats":{"counters":[6,31],"StoneCalendar":[0],"obtain_stats":[{"StoneCalendar":7,"Burning Blood":0},{"StoneCalendar":5,"Burning Blood":0},{"StoneCalendar":25,"Burning Blood":0}],"Burning Blood":30},"card_choices":[{"not_picked":["Immolate","Barricade"],"picked":"Limit Break","floor":0},{"not_picked":["True Grit","Twin Strike","Clash"],"picked":"SKIP","floor":1},{"not_picked":["Havoc","Headbutt"],"picked":"Dual Wield","floor":2},{"not_picked":["Cleave","Seeing Red"],"picked":"Juggernaut","floor":4},{"not_picked":["Wild Strike","Shrug It Off","Dual Wield"],"picked":"SKIP","floor":5},{"not_picked":["Cleave","Dropkick"],"picked":"Inflame","floor":7}],"player_experience":237733,"relics_obtained":[{"floor":7,"key":"StoneCalendar"}],"event_choices":[],"is_beta":false,"boss_relics":[],"items_purged_floors":[3],"is_endless":false,"potions_floor_spawned":[5],"killed_by":"3 Sentries","ascension_level":2}}