{"host":"gfybn4j1d26rvz5e","time":1609289732,"event":{"mods":["BaseMod","Better Altar","Better Match","Better Note","Better Sensory Stone","Better Skull","Better Third Choice","BetterRewards","Highlight Path","Minty Spire (QoL Compilation)","Random Character Button","Relic Stats","StSLib"],"gold_per_floor":[116,116,132,144,160,160,188,188,188,188,87,104,104,4,4,105,105,123,123,33,33,49,49,66,99,99,116,116,145,81,98,98,98,98],"floor_reached":33,"playtime":1823,"items_purged":["Strike_R","Strike_R"],"score":640,"play_id":"a88e2a3e-c6de-4dbf-a4fd-1ee11b2b041c","local_time":"20201229185532","is_ascension_mode":true,"campfire_choices":[{"data":"Spot Weakness","floor":6,"key":"SMITH"},{"data":"Bash","floor":8,"key":"SMITH"},{"data":"Cleave","floor":10,"key":"SMITH"},{"data":"Clothesline","floor":13,"key":"SMITH"},{"data":"Sword Boomerang","floor":15,"key":"SMITH"},{"data":"Rage","floor":23,"key":"SMITH"},{"data":"Whirlwind","floor":32,"key":"SMITH"}],"circlet_count":0,"master_deck":["AscendersBane","Strike_R","Strike_R","Defend_R","Defend_R","Defend_R","Defend_R+1","Bash+1","Headbutt","Cleave+1","Clothesline+1","Spot Weakness+1","Burning Pact","Sword Boomerang+1","Disarm","Reaper","Rage+1","Whirlwind+1","Heavy Blade+1","Flame Barrier+1","Pummel+1","Inflame"],"relics":["Burning Blood","Bag of Preparation","FossilizedHelix","Oddly Smooth Stone","Ornamental Fan","Mark of Pain","Mango","The Courier","FaceOfCleric","WingedGreaves"],"acts_visited":["Exordium","TheCity"],"potions_floor_usage":[16,25,25,29,33,33],"damage_taken":[{"damage":0,"enemies":"Small Slimes","floor":1,"turns":3},{"damage":2,"enemies":"Jaw Worm","floor":3,"turns":4},{"damage":0,"enemies":"Cultist","floor":4,"turns":3},{"damage":25,"enemies":"Large Slime","floor":5,"turns":8},{"damage":15,"enemies":"3 Sentries","floor":7,"turns":6},{"damage":3,"enemies":"Red Slaver","floor":12,"turns":5},{"damage":18,"enemies":"Slime Boss","floor":16,"turns":8},{"damage":6,"enemies":"Chosen","floor":18,"turns":4},{"damage":14,"enemies":"2 Thieves","floor":22,"turns":4},{"damage":18,"enemies":"Centurion and Healer","floor":24,"turns":6},{"damage":0,"enemies":"Slavers","floor":25,"turns":2},{"damage":18,"enemies":"Snake Plant","floor":27,"turns":5},{"damage":15,"enemies":"Book of Stabbing","floor":29,"turns":6},{"damage":33,"enemies":"3 Cultists","floor":31,"turns":5},{"damage":97,"enemies":"Collector","floor":33,"turns":8}],"seed_played":"-8095845892357555479","potions_obtained":[{"floor":5,"key":"Strength Potion"},{"floor":7,"key":"Explosive Potion"},{"floor":12,"key":"LiquidMemories"},{"floor":16,"key":"Explosive Potion"},{"floor":25,"key":"Fire Potion"},{"floor":27,"key":"Energy Potion"}],"is_trial":false,"path_per_floor":["M","?","M","M","M","R","E","R","T","R","$","M","R","$","R","B",null,"M","?","?","$","M","R","M","E","T","M","?","E","$","M","R","B"],"character_chosen":"IRONCLAD","items_purchased":["Bag of Preparation","Headbutt","Sword Boomerang","Disarm","Inflame"],"campfire_rested":0,"item_purchase_floors":[0,0,11,11,30],"current_hp_per_floor":[78,78,80,80,61,61,52,52,52,52,52,55,55,55,55,43,71,79,79,79,79,71,71,67,87,87,75,75,79,79,65,65,0,0],"gold":98,"neow_bonus":"","is_daily":false,"chose_seed":false,"campfire_upgraded":7,"win_rate":0.0,"timestamp":1609289732,"path_taken":["M","?","M","M","M","R","E","R","T","R","$","M","R","$","R","BOSS","M","?","?","$","?","R","M","E","T","M","?","E","$","M","R","BOSS"],"items_purchased_type":["Relic","Card","Card","Card","Card"],"build_version":"2020-12-22","purchased_purges":2,"victory":false,"max_hp_per_floor":[80,80,80,80,80,80,80,80,80,80,80,80,80,80,80,80,80,80,80,80,80,80,80,80,94,94,94,94,95,95,96,96,96,96],"relic_stats":{"FaceOfCleric":2,"counters":[56,254],"Ornamental Fan":[20],"Bag of Preparation":[30],"obtain_stats":[{"Lantern":27,"Torii":36,"Vajra":29,"Mango":25,"Bag of Preparation":0,"Empty Cage":34,"Burning Blood":0,"Dream Catcher":9,"FaceOfCleric":28,"Pantograph":24,"WingedGreaves":29,"Red Skull":47,"Paper Frog":19,"Self Forming Clay":31,"Oddly Smooth Stone":41,"The Courier":31,"PreservedInsect":0,"Pen Nib":13,"Omamori":26,"MawBank":26,"Du-Vu Doll":8,"SlaversCollar":17,"Ornamental Fan":45,"Bird Faced Urn":9,"Bronze Scales":43,"Snecko Eye":34,"Mark of Pain":17,"Art of War":14,"Unceasing Top":6,"Toy Ornithopter":7,"FossilizedHelix":0},{"Lantern":28,"Torii":33,"Vajra":29,"Mango":52,"Bag of Preparation":41,"Empty Cage":31,"Burning Blood":0,"Dream Catcher":19,"FaceOfCleric":53,"Pantograph":9,"WingedGreaves":54,"Red Skull":40,"Paper Frog":7,"Self Forming Clay":30,"Oddly Smooth Stone":36,"The Courier":12,"PreservedInsect":15,"Pen Nib":22,"Omamori":27,"MawBank":9,"Du-Vu Doll":4,"SlaversCollar":6,"Ornamental Fan":39,"Bird Faced Urn":4,"Bronze Scales":37,"Snecko Eye":13,"Mark of Pain":48,"Art of War":5,"Unceasing Top":3,"Toy Ornithopter":19,"FossilizedHelix":41},{"Lantern":117,"Torii":140,"Vajra":120,"Mango":230,"Bag of Preparation":177,"Empty Cage":131,"Burning Blood":0,"Dream Catcher":86,"FaceOfCleric":235,"Pantograph":37,"WingedGreaves":241,"Red Skull":170,"Paper Frog":26,"Self Forming Clay":124,"Oddly Smooth Stone":152,"The Courier":53,"PreservedInsect":71,"Pen Nib":98,"Omamori":114,"MawBank":37,"Du-Vu Doll":14,"SlaversCollar":22,"Ornamental Fan":165,"Bird Faced Urn":14,"Bronze Scales":155,"Snecko Eye":62,"Mark of Pain":214,"Art of War":16,"Unceasing Top":11,"Toy Ornithopter":86,"FossilizedHelix":177}],"Burning Blood":279},"card_choices":[{"not_picked":["Flex","Reckless Charge"],"picked":"Cleave","floor":1},{"not_picked":["Flex","Seeing Red"],"picked":"Clothesline","floor":3},{"not_picked":["Body Slam","Warcry","Clash"],"picked":"SKIP","floor":4},{"not_picked":["Thunderclap","Second Wind"],"picked":"Spot Weakness","floor":5},{"not_picked":["True Grit","Shockwave"],"picked":"Burning Pact","floor":7},{"not_picked":["Headbutt","Armaments","Warcry"],"picked":"SKIP","floor":12},{"not_picked":["Brutality","Demon Form"],"picked":"Reaper","floor":16},{"not_picked":["Clash","True Grit"],"picked":"Rage","floor":18},{"not_picked":["Rupture","Sentinel","Sever Soul"],"picked":"SKIP","floor":22},{"not_picked":["Rupture","Sentinel","Sever Soul"],"picked":"SKIP","floor":22},{"not_picked":["Rupture","Sentinel","Sever Soul"],"picked":"SKIP","floor":22},{"not_picked":["Iron Wave+1","Dark Embrace"],"picked":"Heavy Blade+1","floor":24},{"not_picked":["Anger","Burning Pact"],"picked":"Flame Barrier+1","floor":25},{"not_picked":["Anger","Immolate"],"picked":"Pummel+1","floor":27},{"not_picked":["Perfected Strike","Searing Blow+1","Pummel+1"],"picked":"SKIP","floor":29},{"not_picked":["Sword Boomerang","True Grit","Pummel"],"picked":"SKIP","floor":31}],"player_experience":654104,"relics_obtained":[{"floor":7,"key":"Oddly Smooth Stone"},{"floor":9,"key":"Ornamental Fan"},{"floor":25,"key":"Mango"},{"floor":26,"key":"The Courier"},{"floor":29,"key":"WingedGreaves"}],"event_choices":[{"damage_healed":0,"gold_gain":1,"player_choice":"1","damage_taken":0,"max_hp_gain":0,"max_hp_loss":0,"event_name":"betterStone:BetterStone","floor":2,"gold_loss":0},{"damage_healed":0,"gold_gain":0,"player_choice":"Read","damage_taken":0,"max_hp_gain":0,"max_hp_loss":0,"event_name":"The Library","floor":19,"gold_loss":0,"cards_obtained":["Whirlwind"]},{"cards_removed":["Strike_R"],"damage_healed":0,"gold_gain":0,"player_choice":"Upgrade and Remove","damage_taken":0,"max_hp_gain":0,"max_hp_loss":0,"event_name":"Designer","floor":20,"gold_loss":90,"cards_upgraded":["Defend_R"]},{"damage_healed":0,"gold_gain":0,"player_choice":"Trade","damage_taken":0,"relics_obtained":["FaceOfCleric"],"max_hp_gain":0,"max_hp_loss":0,"event_name":"FaceTrader","floor":28,"gold_loss":0}],"is_beta":false,"boss_relics":[{"not_picked":["Astrolabe","Tiny House"],"picked":"Mark of Pain"}],"items_purged_floors":[0,14],"is_endless":false,"potions_floor_spawned":[5,7,12,16,22,25,27],"killed_by":"Collector","ascension_level":10}}