{"host":"pynofkhbweftzsaw","time":1609306900,"event":{"mods":["BaseMod","Colored Map","Marisa????????","Minty Spire (QoL Compilation)","StSLib","The Servant 0.9.4"],"gold_per_floor":[116,66,241,241,241,266,278,25,103,130,130,19,36,48,48,146,146,162,162,36,36,47,81,81,112,112,132,132,145,145,173,173,272,272,284,61,80,130,140,140,159,159,159,159,190,190,201,201,201,201],"floor_reached":51,"playtime":3241,"items_purged":["Doubt","Envenom","Corpse Explosion"],"score":908,"play_id":"baf049d2-7614-46fd-8674-7b0ab680b0ed","local_time":"20201230134140","is_ascension_mode":true,"campfire_choices":[{"data":"Neutralize","floor":11,"key":"SMITH"},{"floor":15,"key":"REST"},{"data":"Phantasmal Killer","floor":24,"key":"SMITH"},{"data":"Prepared","floor":30,"key":"SMITH"},{"data":"Terror","floor":32,"key":"SMITH"},{"data":"Acrobatics","floor":40,"key":"SMITH"},{"data":"Enlightenment","floor":44,"key":"SMITH"},{"data":"Well Laid Plans","floor":49,"key":"SMITH"}],"circlet_count":0,"master_deck":["Survivor","Neutralize+1","Eviscerate+1","Dagger Throw+1","Acrobatics","Acrobatics","Dagger Throw+1","Prepared+1","Phantasmal Killer+1","Skewer+1","Well Laid Plans+1","Terror+1","Sucker Punch+1","Glass Knife+1","Die Die Die+1","After Image","Dagger Throw+1","Heel Hook+1","Outmaneuver+1","Glass Knife+1","Quick Slash+1","Prepared","Acrobatics+1","Mind Blast+1","Underhanded Strike+1","Parasite","Reflex+1","Violence","Finesse","Enlightenment+1","Madness","Madness","Finisher+1"],"relics":["HoveringKite","Gremlin Horn","Lantern","Membership Card","Vajra","Paper Crane","Molten Egg 2","Anchor","Pandora\u0027s Box","Whetstone","Thread and Needle","Mummified Hand","Mercury Hourglass","MutagenicStrength","Red Mask","Black Star","Centennial Puzzle","Calipers","Letter Opener","Bottled Tornado","PreservedInsect"],"acts_visited":["Exordium","TheCity","TheBeyond"],"potions_floor_usage":[16,16,38,50],"damage_taken":[{"damage":1,"enemies":"2 Louse","floor":1,"turns":3},{"damage":32,"enemies":"3 Sentries","floor":6,"turns":9},{"damage":0,"enemies":"Small Slimes","floor":7,"turns":3},{"damage":8,"enemies":"Lagavulin","floor":10,"turns":5},{"damage":0,"enemies":"Jaw Worm","floor":13,"turns":1},{"damage":0,"enemies":"Gremlin Gang","floor":14,"turns":2},{"damage":21,"enemies":"The Guardian","floor":16,"turns":7},{"damage":11,"enemies":"Spheric Guardian","floor":18,"turns":3},{"damage":0,"enemies":"3 Byrds","floor":22,"turns":2},{"damage":5,"enemies":"Slavers","floor":23,"turns":2},{"damage":2,"enemies":"Book of Stabbing","floor":25,"turns":2},{"damage":0,"enemies":"Snake Plant","floor":27,"turns":2},{"damage":16,"enemies":"Centurion and Healer","floor":29,"turns":3},{"damage":0,"enemies":"Masked Bandits","floor":31,"turns":1},{"damage":6,"enemies":"Champ","floor":33,"turns":5},{"damage":0,"enemies":"Orb Walker","floor":35,"turns":2},{"damage":0,"enemies":"3 Darklings","floor":37,"turns":2},{"damage":0,"enemies":"Mind Bloom Boss Battle","floor":38,"turns":2},{"damage":0,"enemies":"Spire Growth","floor":39,"turns":2},{"damage":0,"enemies":"Writhing Mass","floor":41,"turns":2},{"damage":0,"enemies":"Reptomancer","floor":45,"turns":2},{"damage":0,"enemies":"4 Shapes","floor":47,"turns":2},{"damage":0,"enemies":"Time Eater","floor":50,"turns":2}],"seed_played":"2640367029629990449","potions_obtained":[{"floor":10,"key":"SpeedPotion"},{"floor":13,"key":"Strength Potion"},{"floor":14,"key":"CultistPotion"},{"floor":16,"key":"Energy Potion"},{"floor":22,"key":"SpeedPotion"},{"floor":23,"key":"BlessingOfTheForge"},{"floor":33,"key":"Fire Potion"},{"floor":38,"key":"Explosive Potion"},{"floor":41,"key":"CunningPotion"}],"is_trial":false,"path_per_floor":["M","$","?","?","?","E","M","$","T","E","R","$","M","M","R","B",null,"M","?","$","?","M","E","R","E","T","M","?","M","R","?","R","B",null,"M","$","M","?","M","R","M","?","T","R","E","?","M","?","R","B",null],"character_chosen":"THE_SILENT","items_purchased":["Dagger Throw","Membership Card","Vajra","Acrobatics","Anchor","Whetstone","Centennial Puzzle","Prepared","Acrobatics","Mind Blast+1"],"campfire_rested":1,"item_purchase_floors":[2,8,8,8,12,20,36,36,36,36],"current_hp_per_floor":[69,69,69,74,62,30,30,30,30,22,22,22,22,22,44,23,75,64,64,64,58,58,53,53,51,51,51,51,35,35,35,35,29,75,75,75,75,75,75,75,75,65,65,65,65,56,56,56,56,56],"gold":201,"neow_bonus":"BOSS_RELIC","is_daily":false,"chose_seed":false,"campfire_upgraded":7,"win_rate":0.0,"timestamp":1609306900,"path_taken":["M","$","?","?","?","E","M","$","T","E","R","?","?","M","R","BOSS","M","?","?","?","?","E","R","E","T","M","?","M","R","?","R","BOSS","M","$","M","?","M","R","M","?","T","R","E","?","M","?","R","BOSS"],"items_purchased_type":["Card","Relic","Relic","Card","Relic","Relic","Relic","Card","Card","Card"],"build_version":"2020-12-22","purchased_purges":3,"victory":true,"max_hp_per_floor":[70,70,70,75,75,75,75,75,75,75,75,75,75,75,75,75,75,75,75,75,75,75,75,75,75,75,75,75,75,75,75,75,75,75,75,75,75,75,75,75,75,75,75,75,75,75,75,75,75,75],"card_choices":[{"not_picked":["Cloak And Dagger","Poisoned Stab"],"picked":"Eviscerate","floor":1},{"not_picked":["Dagger Spray","Sucker Punch","Slice"],"picked":"SKIP","floor":6},{"not_picked":["Backflip","Dagger Throw"],"picked":"Acrobatics","floor":7},{"not_picked":["Bane+1","Riddle With Holes+1"],"picked":"Dagger Throw+1","floor":10},{"not_picked":["Outmaneuver","Sucker Punch+1"],"picked":"Prepared","floor":13},{"not_picked":["Bouncing Flask","Poisoned Stab+1","Deadly Poison"],"picked":"SKIP","floor":14},{"not_picked":["Corpse Explosion","Night Terror"],"picked":"Phantasmal Killer","floor":16},{"not_picked":["Accuracy+1","Flying Knee+1"],"picked":"Dagger Throw+1","floor":18},{"not_picked":["Well Laid Plans","Bane+1","Footwork"],"picked":"SKIP","floor":22},{"not_picked":["PiercingWail","Accuracy+1","Envenom"],"picked":"SKIP","floor":23},{"not_picked":["Noxious Fumes","Accuracy+1","Calculated Gamble+1"],"picked":"SKIP","floor":25},{"not_picked":["Blade Dance","Cloak And Dagger"],"picked":"Heel Hook+1","floor":27},{"not_picked":["Cloak And Dagger","Dagger Spray+1"],"picked":"Outmaneuver+1","floor":29},{"not_picked":["Venomology","A Thousand Cuts"],"picked":"Glass Knife+1","floor":33},{"not_picked":["Deflect","PiercingWail+1"],"picked":"Quick Slash+1","floor":35},{"not_picked":["Tactician","Die Die Die+1"],"picked":"Underhanded Strike+1","floor":37},{"not_picked":["Poisoned Stab+1","Bane+1","Sucker Punch+1"],"picked":"SKIP","floor":39},{"not_picked":["Escape Plan","Acrobatics"],"picked":"Reflex+1","floor":41},{"not_picked":["Mayhem","Bandage Up"],"picked":"Violence","floor":42},{"not_picked":["Sadistic Nature","Magnetism"],"picked":"Finesse","floor":42},{"not_picked":["Trip","Madness"],"picked":"Enlightenment","floor":42},{"not_picked":["Crippling Poison+1","Outmaneuver","Backflip"],"picked":"SKIP","floor":45},{"not_picked":["Skewer+1","Dash+1"],"picked":"Finisher+1","floor":47}],"player_experience":106740,"relics_obtained":[{"floor":6,"key":"Lantern"},{"floor":9,"key":"Paper Crane"},{"floor":10,"key":"Molten Egg 2"},{"floor":23,"key":"Thread and Needle"},{"floor":25,"key":"Mummified Hand"},{"floor":26,"key":"Mercury Hourglass"},{"floor":31,"key":"Red Mask"},{"floor":38,"key":"Calipers"},{"floor":43,"key":"Letter Opener"},{"floor":45,"key":"Bottled Tornado"}],"event_choices":[{"damage_healed":0,"gold_gain":175,"player_choice":"AGREE","damage_taken":0,"max_hp_gain":0,"max_hp_loss":0,"event_name":"Liars Game","floor":3,"gold_loss":0,"cards_obtained":["Doubt"]},{"damage_healed":0,"gold_gain":0,"player_choice":"Donut","damage_taken":0,"max_hp_gain":5,"max_hp_loss":0,"event_name":"Big Fish","floor":4,"gold_loss":0},{"damage_healed":0,"gold_gain":0,"player_choice":"Success","damage_taken":12,"relics_obtained":["Gremlin Horn"],"max_hp_gain":0,"max_hp_loss":0,"event_name":"Scrap Ooze","floor":5,"gold_loss":0},{"damage_healed":0,"gold_gain":0,"player_choice":"Ignored","damage_taken":0,"max_hp_gain":0,"max_hp_loss":0,"event_name":"Ghosts","floor":19,"gold_loss":0},{"damage_healed":0,"gold_gain":0,"player_choice":"","damage_taken":6,"max_hp_gain":0,"max_hp_loss":0,"event_name":"Knowing Skull","floor":21,"potions_obtained":[],"gold_loss":0,"cards_obtained":[]},{"damage_healed":0,"gold_gain":0,"player_choice":"Inject Mutagens","damage_taken":0,"relics_obtained":["MutagenicStrength"],"max_hp_gain":0,"max_hp_loss":0,"event_name":"Drug Dealer","floor":28,"gold_loss":0},{"damage_healed":0,"gold_gain":0,"player_choice":"Fought Bandits","damage_taken":0,"max_hp_gain":0,"max_hp_loss":0,"event_name":"Masked Bandits","floor":31,"gold_loss":0},{"damage_healed":0,"gold_gain":0,"player_choice":"Fight","damage_taken":0,"max_hp_gain":0,"max_hp_loss":0,"event_name":"MindBloom","floor":38,"gold_loss":0},{"damage_healed":0,"gold_gain":0,"player_choice":"Memory 3","damage_taken":10,"max_hp_gain":0,"max_hp_loss":0,"event_name":"SensoryStone","floor":42,"gold_loss":0},{"damage_healed":0,"gold_gain":0,"player_choice":"Embrace Madness","damage_taken":9,"max_hp_gain":0,"max_hp_loss":0,"event_name":"Winding Halls","floor":46,"gold_loss":0,"cards_obtained":["Madness","Madness"]},{"cards_removed":["Outmaneuver"],"damage_healed":0,"gold_gain":0,"player_choice":"Gave Card","damage_taken":0,"relics_obtained":["PreservedInsect"],"max_hp_gain":0,"max_hp_loss":0,"event_name":"WeMeetAgain","floor":48,"gold_loss":0}],"is_beta":false,"boss_relics":[{"not_picked":["Busted Crown","Cursed Key"],"picked":"Pandora\u0027s Box"},{"not_picked":["Empty Cage","Runic Dome"],"picked":"Black Star"}],"items_purged_floors":[12,20,36],"is_endless":false,"potions_floor_spawned":[10,13,14,16,22,23,29,33,38,41],"ascension_level":3}}