{"host":"5fasz840ryq7obdf","time":1609336924,"event":{"mods":["AchievementEnabler","BaseMod","Bestiary","Better Altar","Better Skull","Better Third Choice","BetterRewards","Block Reminder","Colored Powertips","Curses Come First","Downfall","Highlight Path","Minty Spire (QoL Compilation)","Quick Restart","Relic Sorter","Relic Stats","Shop Mod","Spicy Shops","StSLib","SuperFastMode"],"gold_per_floor":[99,122,122,72,72,72,95,95,95,123,155,168,168,168,181,278,278,278,288,288,288,12,29,29,43,72,72,72,72,97,97,114,216,216,216,236,250,250,265,265,265,265,5,5,23,49,67,81,91,91],"floor_reached":51,"playtime":4649,"items_purged":["Slimebound:Strike_Slimebound","Parasite"],"score":696,"play_id":"e821c3e0-898c-4ab0-b8b3-0072ce87b046","local_time":"20201230140204","is_ascension_mode":false,"campfire_choices":[{"data":"Slimebound:Split","floor":1.0,"key":"SMITH"},{"data":"Slimebound:DisruptingSlam","floor":6.0,"key":"SMITH"},{"data":"Slimebound:Nibble","floor":8.0,"key":"SMITH"},{"data":"Slimebound:HauntingLick","floor":13.0,"key":"SMITH"},{"data":"Slimebound:OozeBath","floor":18.0,"key":"SMITH"},{"data":"Slimebound:FlameTackle","floor":28.0,"key":"PURGE"},{"data":"Slimebound:FirmFortitude","floor":29.0,"key":"SMITH"},{"data":"Slimebound:DouseInSlime","floor":35.0,"key":"SMITH"},{"data":"Slimebound:CorrosiveSpit","floor":40.0,"key":"SMITH"},{"data":"Slimebound:MassRepurpose","floor":42.0,"key":"SMITH"},{"data":"Slimebound:RainOfGoop","floor":44.0,"key":"SMITH"}],"circlet_count":0,"master_deck":["Slimebound:Strike_Slimebound","Slimebound:Tackle","Slimebound:Defend_Slimebound+1","Slimebound:Defend_Slimebound","Slimebound:Split+1","Slimebound:CorrosiveSpit+1","Slimebound:DisruptingSlam+1","Slimebound:Nibble+1","Slimebound:ViciousTackle","Slimebound:HauntingLick+1","Slimebound:FormOfPuddle+1","Slimebound:LivingWall","Slimebound:Nibble","Slimebound:OozeBath+1","Slimebound:SplitMire+1","Slimebound:FirmFortitude+1","Slimebound:Schlurp+1","Slimebound:MassRepurpose+1","Slimebound:Schlurp","Slimebound:RejuvenatingLick+1","Slimebound:Replication+1","Slimebound:DouseInSlime+1","Slimebound:MegaLick","Slimebound:Repurpose","Slimebound:HauntingLick","Slimebound:RainOfGoop+1","Slimebound:HauntingLick","Slimebound:LeadByExample","Slimebound:SplitMire","Slimebound:GoopTackle+1","Slimebound:SlimeSlap","Slimebound:ViciousTackle+1"],"relics":["Slimebound:AbsorbEndCombat","downfall:HeartsMalice","Smiling Mask","WingedGreaves","Orichalcum","Slimebound:ScrapOozeRelic","Slimebound:TarBlob","Nilry\u0027s Codex","Oddly Smooth Stone","Bag of Marbles","Blood Vial","Omamori","Happy Flower","Kunai","SlaversCollar","Slimebound:MaxSlimesRelic","HandDrill","War Paint"],"acts_visited":["Exordium","TheCity","TheBeyond"],"potions_floor_usage":[],"damage_taken":[{"damage":0.0,"enemies":"Cultist","floor":3.0,"turns":1.0},{"damage":0.0,"enemies":"downfall:FleeingMerchant","floor":4.0,"turns":1.0},{"damage":0.0,"enemies":"Jaw Worm","floor":9.0,"turns":1.0},{"damage":25.0,"enemies":"Gremlin Nob","floor":10.0,"turns":4.0},{"damage":35.0,"enemies":"3 Sentries","floor":11.0,"turns":5.0},{"damage":0.0,"enemies":"2 Louse","floor":12.0,"turns":2.0},{"damage":22.0,"enemies":"Gremlin Gang","floor":15.0,"turns":3.0},{"damage":27.0,"enemies":"downfall:Ironclad","floor":16.0,"turns":9.0},{"damage":18.0,"enemies":"3 Byrds","floor":19.0,"turns":3.0},{"damage":21.0,"enemies":"downfall:FleeingMerchant","floor":22.0,"turns":4.0},{"damage":10.0,"enemies":"Snecko","floor":23.0,"turns":3.0},{"damage":29.0,"enemies":"Snake Plant","floor":25.0,"turns":3.0},{"damage":25.0,"enemies":"Gremlin Leader","floor":26.0,"turns":4.0},{"damage":34.0,"enemies":"Slavers","floor":30.0,"turns":4.0},{"damage":11.0,"enemies":"Shelled Parasite and Fungi","floor":32.0,"turns":3.0},{"damage":30.0,"enemies":"downfall:Watcher","floor":33.0,"turns":6.0},{"damage":13.0,"enemies":"Orb Walker","floor":36.0,"turns":2.0},{"damage":17.0,"enemies":"3 Shapes","floor":37.0,"turns":4.0},{"damage":25.0,"enemies":"Writhing Mass","floor":39.0,"turns":4.0},{"damage":16.0,"enemies":"downfall:FleeingMerchant","floor":43.0,"turns":4.0},{"damage":39.0,"enemies":"Transient","floor":45.0,"turns":5.0},{"damage":83.0,"enemies":"Reptomancer","floor":46.0,"turns":6.0},{"damage":32.0,"enemies":"Spire Growth","floor":47.0,"turns":3.0},{"damage":36.0,"enemies":"Maw","floor":48.0,"turns":5.0},{"damage":29.0,"enemies":"Jaw Worm Horde","floor":49.0,"turns":4.0},{"damage":49,"enemies":"downfall:Defect","floor":50,"turns":5}],"seed_played":"1143948890681950301","potions_obtained":[{"floor":11.0,"key":"Ancient Potion"},{"floor":15.0,"key":"Swift Potion"},{"floor":16.0,"key":"CultistPotion"},{"floor":26.0,"key":"Fruit Juice"},{"floor":32.0,"key":"BlessingOfTheForge"},{"floor":33.0,"key":"PowerPotion"},{"floor":46.0,"key":"Regen Potion"},{"floor":48.0,"key":"Energy Potion"}],"is_trial":false,"path_per_floor":["R","T","M","$","?","R","T","R","M","E","E","M","R","?","M","B",null,"R","M","?","?","$","M","T","M","E","?","R","R","E","?","M","B",null,"R","M","M","?","M","R","T","R","$","R","M","E","M","M","M","B",null],"character_chosen":"SLIMEBOUND","items_purchased":["Oddly Smooth Stone","Bag of Marbles","Slimebound:MaxSlimesRelic","HandDrill","Slimebound:HauntingLick"],"campfire_rested":0,"item_purchase_floors":[22,22,43,43,43],"current_hp_per_floor":[60,60,60,60,60,60,60,60,60,47,28,32,32,32,24,13,60,60,58,42,42,45,47,47,46,62,62,62,62,58,58,62,59,62,62,62,61,53,62,62,62,62,62,62,58,25,43,62,61,62],"gold":91,"neow_bonus":"THREE_ENEMY_KILL","is_daily":false,"chose_seed":false,"campfire_upgraded":10,"win_rate":0.0,"timestamp":1609336924,"path_taken":["R","?","M","$","?","R","T","R","M","E","E","M","R","?","M","BOSS","R","M","?","?","$","?","T","M","E","?","R","R","E","?","M","BOSS","R","M","M","?","M","R","T","R","$","R","?","E","M","M","M","BOSS"],"items_purchased_type":["Relic","Relic","Relic","Relic","Card"],"build_version":"2020-12-22","purchased_purges":2,"victory":true,"max_hp_per_floor":[60,60,60,60,60,60,60,60,60,60,60,60,60,60,60,60,60,60,60,60,60,57,57,57,57,62,62,62,62,62,62,62,62,62,62,62,62,62,62,62,62,62,62,62,62,62,62,62,62,62],"relic_stats":{"Blood Vial":15,"Happy Flower":[18],"counters":[26,95],"HandDrill":[22],"Kunai":[5],"Orichalcum":[180],"War Paint":["Slimebound:RejuvenatingLick","Slimebound:Schlurp"],"Smiling Mask":75,"obtain_stats":[{"Slimebound:ScrapOozeRelic":14,"Happy Flower":27,"Nilry\u0027s Codex":20,"Oddly Smooth Stone":22,"downfall:HeartsMalice":0,"Juzu Bracelet":7,"Omamori":26,"Orichalcum":11,"War Paint":46,"Smiling Mask":2,"Slimebound:TarBlob":17,"Blood Vial":24,"SlaversCollar":34,"Slimebound:MaxSlimesRelic":43,"WingedGreaves":10,"Slimebound:AbsorbEndCombat":0,"Bag of Marbles":22,"HandDrill":43,"Kunai":30},{"Slimebound:ScrapOozeRelic":6,"Happy Flower":13,"Nilry\u0027s Codex":9,"Oddly Smooth Stone":10,"downfall:HeartsMalice":0,"Juzu Bracelet":2,"Omamori":13,"Orichalcum":5,"War Paint":22,"Smiling Mask":0,"Slimebound:TarBlob":8,"Blood Vial":11,"SlaversCollar":16,"Slimebound:MaxSlimesRelic":20,"WingedGreaves":4,"Slimebound:AbsorbEndCombat":0,"Bag of Marbles":10,"HandDrill":20,"Kunai":14},{"Slimebound:ScrapOozeRelic":11,"Happy Flower":40,"Nilry\u0027s Codex":26,"Oddly Smooth Stone":30,"downfall:HeartsMalice":0,"Juzu Bracelet":0,"Omamori":40,"Orichalcum":9,"War Paint":78,"Smiling Mask":0,"Slimebound:TarBlob":23,"Blood Vial":33,"SlaversCollar":53,"Slimebound:MaxSlimesRelic":67,"WingedGreaves":4,"Slimebound:AbsorbEndCombat":0,"Bag of Marbles":30,"HandDrill":67,"Kunai":44}]},"card_choices":[{"not_picked":["Slimebound:SlimeBarrage","Slimebound:PressTheAttack"],"picked":"Slimebound:DisruptingSlam","floor":3.0},{"not_picked":["Slimebound:RollThrough","Slimebound:PressTheAttack"],"picked":"Slimebound:Nibble","floor":4.0},{"not_picked":["Slimebound:PressTheAttack","Slimebound:RollThrough"],"picked":"Slimebound:ViciousTackle","floor":9.0},{"not_picked":["Slimebound:Nibble","Slimebound:SplitLeeching"],"picked":"Slimebound:HauntingLick","floor":10.0},{"not_picked":["Slimebound:SlimeSpikes","Slimebound:PressTheAttack"],"picked":"Slimebound:FormOfPuddle","floor":11.0},{"not_picked":["Slimebound:SplitAcid","Slimebound:FinishingTackle"],"picked":"Slimebound:LivingWall","floor":12.0},{"not_picked":["Slimebound:DisruptingSlam","Slimebound:RollThrough"],"picked":"Slimebound:Nibble","floor":15.0},{"not_picked":["Slimebound:SlimeSlap","Slimebound:DuplicatedForm"],"picked":"Slimebound:OozeBath","floor":16.0},{"not_picked":["Slimebound:LeechEnergy","Slimebound:SplitBruiser+1"],"picked":"Slimebound:SplitMire+1","floor":19.0},{"not_picked":["Slimebound:FlameTackle","Slimebound:LeechEnergy"],"picked":"Slimebound:Schlurp","floor":22.0},{"not_picked":["Slimebound:HauntingLick","Slimebound:RollThrough+1"],"picked":"Slimebound:MassRepurpose","floor":23.0},{"not_picked":["Slimebound:SlimeSpikes","Slimebound:ViciousTackle"],"picked":"Slimebound:FlameTackle","floor":25.0},{"not_picked":["Slimebound:FinishingTackle","Slimebound:LeechingTouch"],"picked":"Slimebound:Schlurp","floor":26.0},{"not_picked":["Slimebound:SpikyOuterGoop","Slimebound:SplitBruiser"],"picked":"Slimebound:RejuvenatingLick","floor":30.0},{"not_picked":["Slimebound:SlimeBrawl+1","Slimebound:RainOfGoop"],"picked":"Slimebound:Replication+1","floor":32.0},{"not_picked":["Slimebound:LeechLife","Slimebound:Teamwork"],"picked":"Slimebound:DouseInSlime","floor":33.0},{"not_picked":["Slimebound:FinishingTackle","Slimebound:SamplingLick+1"],"picked":"Slimebound:MegaLick","floor":36.0},{"not_picked":["Slimebound:TongueLash","Slimebound:LivingWall"],"picked":"Slimebound:Repurpose","floor":37.0},{"not_picked":["Slimebound:ProtectTheBoss+1","Slimebound:PressTheAttack"],"picked":"Slimebound:HauntingLick","floor":39.0},{"not_picked":["Slimebound:SplitAcid","Slimebound:ViciousTackle+1"],"picked":"Slimebound:RainOfGoop","floor":43.0},{"not_picked":["Slimebound:SplitLeeching+1","Slimebound:RollThrough"],"picked":"Slimebound:LeadByExample","floor":45.0},{"not_picked":["Slimebound:SlimeSpikes","Slimebound:Replication"],"picked":"Slimebound:SplitMire","floor":46.0},{"not_picked":["Slimebound:FirmFortitude+1","Slimebound:DisruptingSlam"],"picked":"Slimebound:GoopTackle+1","floor":47.0},{"not_picked":["Slimebound:GoopSpray","Slimebound:Schlurp+1"],"picked":"Slimebound:SlimeSlap","floor":48.0},{"not_picked":["Slimebound:ComboTackle+1","Slimebound:GrowthPunch"],"picked":"Slimebound:ViciousTackle+1","floor":49.0}],"player_experience":1288479,"relics_obtained":[{"floor":2.0,"key":"Smiling Mask"},{"floor":7.0,"key":"Juzu Bracelet"},{"floor":10.0,"key":"WingedGreaves"},{"floor":11.0,"key":"Orichalcum"},{"floor":20.0,"key":"Nilry\u0027s Codex"},{"floor":24.0,"key":"Blood Vial"},{"floor":26.0,"key":"Omamori"},{"floor":30.0,"key":"Kunai"},{"floor":46.0,"key":"War Paint"}],"event_choices":[{"cards_removed":["Slimebound:Defend_Slimebound"],"damage_healed":0.0,"max_hp_gain":0.0,"max_hp_loss":0.0,"gold_gain":0.0,"event_name":"Wheel of Change","player_choice":"Card Removal","floor":5.0,"gold_loss":0.0,"damage_taken":0.0},{"damage_healed":0.0,"max_hp_gain":0.0,"max_hp_loss":0.0,"gold_gain":0.0,"cards_transformed":["Slimebound:Defend_Slimebound"],"event_name":"Transmorgrifier","player_choice":"Transformed","floor":21.0,"gold_loss":0.0,"damage_taken":0.0,"cards_obtained":["Slimebound:FirmFortitude"]},{"damage_healed":0.0,"max_hp_gain":0.0,"max_hp_loss":0.0,"gold_gain":0.0,"event_name":"Upgrade Shrine","player_choice":"Upgraded","floor":31.0,"gold_loss":0.0,"damage_taken":0.0,"cards_upgraded":["Slimebound:FormOfPuddle"]}],"is_beta":false,"boss_relics":[{"not_picked":["Fusion Hammer","Snecko Eye"],"picked":"Slimebound:TarBlob"},{"not_picked":["Busted Crown","Runic Pyramid"],"picked":"SlaversCollar"}],"items_purged_floors":[4,22],"is_endless":false,"potions_floor_spawned":[11,15,16,26,32,33,36,46,47,48],"ascension_level":0}}