{"host":"r53pw7z744tg3fxg","time":1609372205,"event":{"mods":["AchievementEnabler","BaseMod","Colored Map","Colored Powertips","Highlight Path","Minty Spire (QoL Compilation)","Quick Restart","Transform Curses"],"gold_per_floor":[116,136,149,162,176,202,202,234,234,234,234,270,329,345,345,473,473,498,498,51,51,71,135,135,179,206,206,219,76,99,122,122,242,242,260,260,285,310,323,363,363,279,303,303,303],"floor_reached":44,"playtime":1831,"items_purged":[],"score":878,"play_id":"1f00847e-5396-4625-9c51-16b2e431d100","local_time":"20201230165005","is_ascension_mode":true,"campfire_choices":[{"data":"Eruption","floor":7.0,"key":"SMITH"},{"data":"ForeignInfluence","floor":10,"key":"SMITH"},{"data":"MasterReality","floor":15,"key":"SMITH"},{"floor":24,"key":"REST"},{"floor":27,"key":"REST"},{"floor":32,"key":"REST"},{"floor":41,"key":"REST"}],"circlet_count":0,"master_deck":["AscendersBane","Strike_P","Strike_P","Strike_P","Defend_P","Defend_P","Defend_P","Defend_P","Eruption+1","Vigilance","ReachHeaven","DeceiveReality","ForeignInfluence+1","BattleHymn","Swivel","MasterReality+1","SashWhip","PathToVictory","WheelKick","DeusExMachina","SandsOfTime","EmptyBody","Consecrate+1","Crescendo+1","FollowUp+1","Protect","PathToVictory+1","FearNoEvil+1","FlurryOfBlows+1","Wallop+1","Wish","CurseOfTheBell","BowlingBash+1","EmptyFist+1","ThirdEye+1","ForeignInfluence","Fasting2+1","Flash of Steel+1"],"relics":["PureWater","Strawberry","Oddly Smooth Stone","Vajra","Du-Vu Doll","Golden Idol","Prayer Wheel","Empty Cage","HandDrill","Molten Egg 2","Shovel","CaptainsWheel","Blood Vial","Lantern","Calling Bell","Happy Flower","Gremlin Horn","Gambling Chip","InkBottle","MealTicket"],"acts_visited":["Exordium","TheCity","TheBeyond"],"potions_floor_usage":[8,14,16,23,30,30,37],"damage_taken":[{"damage":10.0,"enemies":"Cultist","floor":1.0,"turns":6.0},{"damage":0.0,"enemies":"Small Slimes","floor":2.0,"turns":3.0},{"damage":0.0,"enemies":"Jaw Worm","floor":3.0,"turns":2.0},{"damage":0.0,"enemies":"Exordium Wildlife","floor":4.0,"turns":3.0},{"damage":0.0,"enemies":"Large Slime","floor":5.0,"turns":2.0},{"damage":0.0,"enemies":"Gremlin Nob","floor":6.0,"turns":2.0},{"damage":0,"enemies":"3 Sentries","floor":8,"turns":2},{"damage":12,"enemies":"Gremlin Nob","floor":12,"turns":3},{"damage":0,"enemies":"Lots of Slimes","floor":14,"turns":2},{"damage":27,"enemies":"The Guardian","floor":16,"turns":6},{"damage":7,"enemies":"Spheric Guardian","floor":18,"turns":4},{"damage":21,"enemies":"2 Thieves","floor":22,"turns":3},{"damage":14,"enemies":"Gremlin Leader","floor":23,"turns":5},{"damage":39,"enemies":"Book of Stabbing","floor":25,"turns":5},{"damage":9,"enemies":"Chosen and Byrds","floor":28,"turns":3},{"damage":0,"enemies":"Snake Plant","floor":30,"turns":1},{"damage":19,"enemies":"Snecko","floor":31,"turns":5},{"damage":7,"enemies":"Champ","floor":33,"turns":6},{"damage":12,"enemies":"Orb Walker","floor":35,"turns":3},{"damage":10,"enemies":"3 Darklings","floor":37,"turns":3},{"damage":0,"enemies":"Jaw Worm Horde","floor":38,"turns":1},{"damage":0,"enemies":"4 Shapes","floor":39,"turns":7},{"damage":31,"enemies":"Nemesis","floor":40,"turns":7},{"damage":62,"enemies":"Giant Head","floor":44,"turns":5}],"seed_played":"-8505252378767795703","potions_obtained":[{"floor":1.0,"key":"DistilledChaos"},{"floor":2.0,"key":"BlessingOfTheForge"},{"floor":8,"key":"Weak Potion"},{"floor":12,"key":"Explosive Potion"},{"floor":18,"key":"ColorlessPotion"},{"floor":25,"key":"SteroidPotion"},{"floor":28,"key":"AttackPotion"},{"floor":35,"key":"Swift Potion"}],"is_trial":false,"path_per_floor":["M","M","M","M","M","E","R","E","T","R","?","E","?","M","R","B",null,"M","?","$","?","M","E","R","E","T","R","M","$","M","M","R","B",null,"M","?","M","M","M","E","R","$","T","E"],"character_chosen":"WATCHER","items_purchased":["HandDrill","Molten Egg 2","Consecrate+1","Lantern","Flash of Steel+1"],"campfire_rested":4,"item_purchase_floors":[20,20,20,29,42],"current_hp_per_floor":[62,62,62,62,62,62,62,62,62,62,62,50,50,50,50,23,65,58,58,58,58,37,23,46,7,7,30,23,23,25,8,31,26,66,56,56,48,50,52,23,46,46,46,0,0],"gold":303,"neow_bonus":"RANDOM_COMMON_RELIC","is_daily":false,"chose_seed":false,"campfire_upgraded":3,"win_rate":0.0,"timestamp":1609372205,"path_taken":["M","?","M","M","M","E","R","E","T","R","?","E","?","M","R","BOSS","M","?","$","?","?","E","R","E","T","R","M","$","M","M","R","BOSS","M","?","M","M","M","E","R","$","T","E"],"items_purchased_type":["Relic","Relic","Card","Relic","Card"],"build_version":"2020-12-22","purchased_purges":0,"victory":false,"max_hp_per_floor":[79,79,79,79,79,79,79,79,79,79,79,79,79,79,79,79,79,79,79,79,79,79,79,79,79,79,79,79,79,79,79,79,79,79,79,79,79,79,79,79,79,79,79,79,79],"card_choices":[{"not_picked":["EmptyMind","ClearTheMind"],"picked":"ReachHeaven","floor":1.0},{"not_picked":["JustLucky","Meditate"],"picked":"DeceiveReality","floor":2.0},{"not_picked":["JustLucky","CrushJoints"],"picked":"ForeignInfluence","floor":3.0},{"not_picked":["Prostrate","EmptyFist"],"picked":"BattleHymn","floor":4.0},{"not_picked":["FlurryOfBlows","Vengeance"],"picked":"Swivel","floor":5.0},{"not_picked":["Protect","ThirdEye"],"picked":"MasterReality","floor":6.0},{"not_picked":["MentalFortress","ClearTheMind"],"picked":"SashWhip","floor":8},{"not_picked":["Pray","Wireheading"],"picked":"Crescendo","floor":12},{"not_picked":["FlurryOfBlows","MentalFortress"],"picked":"PathToVictory","floor":14},{"not_picked":["WheelKick","Prostrate","DeceiveReality"],"picked":"SKIP","floor":14},{"not_picked":["Prostrate","DeceiveReality"],"picked":"WheelKick","floor":14},{"not_picked":["MasterReality","SpiritShield"],"picked":"DeusExMachina","floor":16},{"not_picked":["FollowUp","CutThroughFate"],"picked":"SandsOfTime","floor":18},{"not_picked":["Vengeance","WreathOfFlame"],"picked":"EmptyBody","floor":18},{"not_picked":["FlyingSleeves+1","Consecrate+1"],"picked":"Crescendo+1","floor":22},{"not_picked":["CrushJoints+1","Pray"],"picked":"FollowUp+1","floor":22},{"not_picked":["CrushJoints+1","Fasting2","BattleHymn+1"],"picked":"SKIP","floor":23},{"not_picked":["Tantrum+1","CutThroughFate+1"],"picked":"Protect","floor":25},{"not_picked":["SashWhip+1","WreathOfFlame+1"],"picked":"PathToVictory+1","floor":28},{"not_picked":["Evaluate","Vault"],"picked":"FearNoEvil+1","floor":28},{"not_picked":["Evaluate","Wireheading"],"picked":"FlurryOfBlows+1","floor":30},{"not_picked":["Halt","SashWhip+1"],"picked":"Wallop+1","floor":30},{"not_picked":["Fasting2","Brilliance+1","Wireheading"],"picked":"SKIP","floor":31},{"not_picked":["Consecrate+1","FlyingSleeves+1","Crescendo"],"picked":"SKIP","floor":31},{"not_picked":["Blasphemy","Devotion"],"picked":"Wish","floor":33},{"not_picked":["EmptyBody+1","JustLucky+1"],"picked":"BowlingBash+1","floor":35},{"not_picked":["Indignation","Protect+1"],"picked":"EmptyFist+1","floor":35},{"not_picked":["FlyingSleeves+1","EmptyMind+1","SandsOfTime+1"],"picked":"SKIP","floor":37},{"not_picked":["Vault","FollowUp+1","SashWhip+1"],"picked":"SKIP","floor":37},{"not_picked":["Conclude+1","JustLucky+1"],"picked":"ThirdEye+1","floor":38},{"not_picked":["Crescendo+1","BowlingBash+1","FollowUp+1"],"picked":"SKIP","floor":38},{"not_picked":["Crescendo","Protect"],"picked":"ForeignInfluence","floor":39},{"not_picked":["LikeWater","Tantrum+1"],"picked":"Fasting2+1","floor":39},{"not_picked":["BattleHymn+1","ForeignInfluence","WaveOfTheHand"],"picked":"SKIP","floor":40}],"player_experience":1171951,"relics_obtained":[{"floor":6.0,"key":"Oddly Smooth Stone"},{"floor":8,"key":"Vajra"},{"floor":9,"key":"Du-Vu Doll"},{"floor":12,"key":"Prayer Wheel"},{"floor":23,"key":"Shovel"},{"floor":25,"key":"CaptainsWheel"},{"floor":26,"key":"Blood Vial"},{"floor":34,"key":"Happy Flower"},{"floor":34,"key":"Gremlin Horn"},{"floor":34,"key":"Gambling Chip"},{"floor":40,"key":"InkBottle"},{"floor":43,"key":"MealTicket"}],"event_choices":[{"damage_healed":0,"gold_gain":0,"player_choice":"Take Wound","damage_taken":0,"relics_obtained":["Golden Idol"],"max_hp_gain":0,"max_hp_loss":0,"event_name":"Golden Idol","floor":11,"gold_loss":0,"cards_obtained":["Injury"]},{"damage_healed":0,"gold_gain":59,"player_choice":"Gained Gold","damage_taken":0,"max_hp_gain":0,"max_hp_loss":0,"event_name":"Golden Wing","floor":13,"gold_loss":0},{"damage_healed":0,"gold_gain":0,"player_choice":"Ignored","damage_taken":0,"max_hp_gain":0,"max_hp_loss":0,"event_name":"Vampires","floor":19,"gold_loss":0},{"damage_healed":0,"gold_gain":0,"cards_transformed":["Strike_P"],"player_choice":"Transformed","damage_taken":0,"max_hp_gain":0,"max_hp_loss":0,"event_name":"Transmorgrifier","floor":21,"gold_loss":0,"cards_obtained":["Wireheading"]},{"cards_removed":["Wireheading"],"damage_healed":0,"gold_gain":0,"player_choice":"Removed Power","damage_taken":0,"max_hp_gain":0,"max_hp_loss":0,"event_name":"Falling","floor":36,"gold_loss":0}],"is_beta":false,"boss_relics":[{"not_picked":["Pandora\u0027s Box","Philosopher\u0027s Stone"],"picked":"Empty Cage"},{"not_picked":["HolyWater","Busted Crown"],"picked":"Calling Bell"}],"items_purged_floors":[],"is_endless":false,"potions_floor_spawned":[1,2,8,12,18,25,28,35],"killed_by":"Giant Head","ascension_level":11}}