{"host":"qgru5siit3fz0wh9","time":1609352035,"event":{"mods":["AchievementEnabler","BaseMod","Highlight Path","Minty Spire (QoL Compilation)"],"gold_per_floor":[114,63,63,77,92,128,128,168,168,168,168,202,202,217,217,340,340,360,379,258,258,258,258,272,610,663,701,325,22,42,65,65,190,190,215,278,278,301,356,387,387,430,500,535,571,6,6,6,6],"floor_reached":48,"playtime":3512,"items_purged":[],"score":821,"play_id":"6dd02fe7-2212-479f-9f74-69abf537a45a","local_time":"20201230191355","is_ascension_mode":true,"campfire_choices":[{"floor":7,"key":"REST"},{"data":"Darkness","floor":15,"key":"SMITH"},{"data":"Machine Learning","floor":23,"key":"SMITH"},{"data":"Self Repair","floor":32,"key":"SMITH"},{"floor":41,"key":"RECALL"},{"data":"Amplify","floor":47,"key":"SMITH"}],"circlet_count":0,"master_deck":["Strike_B","Strike_B","Strike_B","Strike_B","Defend_B","Defend_B","Defend_B","Defend_B","Zap","Dualcast","Apotheosis+1","Turbo","Conserve Battery","Darkness+1","Rip and Tear","Compile Driver","Amplify+1","Cold Snap","Heatsinks","Machine Learning+1","Self Repair","Turbo","Loop","Conserve Battery+1","Redo","Loop","Capacitor","Self Repair+1","Rebound+1","Multi-Cast+1","CurseOfTheBell","Cold Snap+1","Impatience","Mayhem+1","Loop+1"],"relics":["Cracked Core","Golden Idol","HornCleat","Du-Vu Doll","Thread and Needle","Akabeko","Busted Crown","Nilry\u0027s Codex","Old Coin","Bronze Scales","Unceasing Top","Anchor","MealTicket","Lantern","Calling Bell","Bag of Marbles","White Beast Statue","WingedGreaves","Prayer Wheel","Meat on the Bone","Singing Bowl","Frozen Egg 2","War Paint","Blue Candle","TungstenRod"],"acts_visited":["Exordium","TheCity","TheBeyond"],"potions_floor_usage":[12,24,40,40,42,45,45],"damage_taken":[{"damage":10,"enemies":"Small Slimes","floor":1,"turns":3},{"damage":0,"enemies":"2 Louse","floor":4,"turns":2},{"damage":4,"enemies":"Jaw Worm","floor":5,"turns":3},{"damage":34,"enemies":"Gremlin Nob","floor":6,"turns":4},{"damage":7,"enemies":"3 Sentries","floor":8,"turns":7},{"damage":0,"enemies":"Gremlin Nob","floor":12,"turns":3},{"damage":0,"enemies":"Gremlin Gang","floor":14,"turns":2},{"damage":13,"enemies":"The Guardian","floor":16,"turns":9},{"damage":0,"enemies":"Chosen","floor":18,"turns":3},{"damage":10,"enemies":"2 Thieves","floor":19,"turns":3},{"damage":7,"enemies":"Snake Plant","floor":24,"turns":4},{"damage":37,"enemies":"Slavers","floor":25,"turns":8},{"damage":11,"enemies":"Gremlin Leader","floor":27,"turns":5},{"damage":0,"enemies":"Centurion and Healer","floor":30,"turns":7},{"damage":13,"enemies":"3 Cultists","floor":31,"turns":6},{"damage":6,"enemies":"Collector","floor":33,"turns":8},{"damage":0,"enemies":"3 Darklings","floor":35,"turns":4},{"damage":0,"enemies":"Mind Bloom Boss Battle","floor":36,"turns":6},{"damage":0,"enemies":"3 Shapes","floor":38,"turns":5},{"damage":12,"enemies":"Giant Head","floor":40,"turns":8},{"damage":14,"enemies":"Reptomancer","floor":42,"turns":6},{"damage":34,"enemies":"Giant Head","floor":44,"turns":7},{"damage":38,"enemies":"Nemesis","floor":45,"turns":8},{"damage":66,"enemies":"Giant Head","floor":48,"turns":8}],"seed_played":"903025190598792276","potions_obtained":[{"floor":8,"key":"DistilledChaos"},{"floor":12,"key":"LiquidBronze"},{"floor":18,"key":"Swift Potion"},{"floor":30,"key":"FocusPotion"},{"floor":35,"key":"Block Potion"},{"floor":40,"key":"FearPotion"},{"floor":42,"key":"Ancient Potion"},{"floor":44,"key":"Block Potion"},{"floor":45,"key":"Ancient Potion"}],"is_trial":false,"path_per_floor":["M","$","?","M","M","E","R","E","T","?","?","E","?","M","R","B",null,"M","M","$","?","?","R","M","E","T","E","$","$","M","M","R","B",null,"M","?","?","M","T","E","R","E","T","E","E","$","R","E"],"character_chosen":"DEFECT","items_purchased":["Conserve Battery","Loop","Conserve Battery","Anchor","Capacitor","MealTicket","Lantern","Self Repair","EssenceOfSteel","TungstenRod","Mayhem+1","Loop+1"],"campfire_rested":1,"item_purchase_floors":[2,20,20,28,28,28,29,29,29,46,46,46],"current_hp_per_floor":[58,58,58,58,54,20,38,31,31,52,52,52,52,52,52,39,63,63,63,63,47,47,47,47,20,20,19,19,34,54,55,55,63,63,63,63,58,63,63,63,63,65,65,67,50,65,65,0,0],"gold":6,"neow_bonus":"RANDOM_COLORLESS_2","is_daily":false,"chose_seed":false,"campfire_upgraded":4,"win_rate":0.0,"timestamp":1609352035,"path_taken":["M","$","?","M","M","E","R","E","T","?","?","E","?","M","R","BOSS","M","M","$","?","?","R","M","E","T","E","?","$","?","M","R","BOSS","M","?","?","M","?","E","R","E","T","E","E","$","R","E"],"items_purchased_type":["Card","Card","Card","Relic","Card","Relic","Relic","Card","Potion","Relic","Card","Card"],"build_version":"2020-12-22","purchased_purges":0,"victory":false,"max_hp_per_floor":[68,68,63,63,63,63,63,63,63,63,63,63,63,63,63,63,63,63,63,63,63,63,63,63,63,63,63,63,63,63,63,63,63,63,63,63,63,63,63,63,63,65,65,67,69,69,69,69,69],"card_choices":[{"not_picked":["HandOfGreed","Transmutation"],"picked":"Apotheosis","floor":0},{"not_picked":["Ball Lightning","Gash"],"picked":"Turbo","floor":1},{"not_picked":["Coolheaded","Tempest"],"picked":"Darkness","floor":4},{"not_picked":["Rebound","Streamline"],"picked":"Rip and Tear","floor":5},{"not_picked":["Redo","Rebound"],"picked":"Compile Driver","floor":6},{"not_picked":["Rebound","Barrage"],"picked":"Amplify","floor":8},{"not_picked":["Compile Driver","Go for the Eyes"],"picked":"Cold Snap","floor":12},{"not_picked":["Skim","Leap"],"picked":"Heatsinks","floor":14},{"not_picked":["Seek","Electrodynamics"],"picked":"Machine Learning","floor":16},{"not_picked":[],"picked":"Self Repair","floor":18},{"not_picked":[],"picked":"Turbo","floor":19},{"not_picked":["Turbo"],"picked":"SKIP","floor":24},{"not_picked":[],"picked":"Redo","floor":25},{"not_picked":[],"picked":"Loop","floor":27},{"not_picked":[],"picked":"Rebound+1","floor":30},{"not_picked":["Beam Cell"],"picked":"SKIP","floor":31},{"not_picked":[],"picked":"Multi-Cast","floor":33},{"not_picked":[],"picked":"Cold Snap+1","floor":35},{"not_picked":[],"picked":"Impatience","floor":37},{"not_picked":["Glacier+1"],"picked":"SKIP","floor":38},{"not_picked":["Go for the Eyes"],"picked":"SKIP","floor":38},{"not_picked":["Redo"],"picked":"SKIP","floor":40},{"not_picked":["Compile Driver"],"picked":"Singing Bowl","floor":42},{"not_picked":["Stack"],"picked":"Singing Bowl","floor":44},{"not_picked":["Rip and Tear+1"],"picked":"Singing Bowl","floor":45}],"player_experience":360506,"relics_obtained":[{"floor":6,"key":"HornCleat"},{"floor":8,"key":"Du-Vu Doll"},{"floor":9,"key":"Thread and Needle"},{"floor":12,"key":"Akabeko"},{"floor":21,"key":"Nilry\u0027s Codex"},{"floor":25,"key":"Old Coin"},{"floor":26,"key":"Bronze Scales"},{"floor":27,"key":"Unceasing Top"},{"floor":34,"key":"Bag of Marbles"},{"floor":34,"key":"White Beast Statue"},{"floor":34,"key":"WingedGreaves"},{"floor":36,"key":"Prayer Wheel"},{"floor":40,"key":"Meat on the Bone"},{"floor":42,"key":"Singing Bowl"},{"floor":43,"key":"Frozen Egg 2"},{"floor":44,"key":"War Paint"},{"floor":45,"key":"Blue Candle"}],"event_choices":[{"damage_healed":0,"gold_gain":0,"player_choice":"Lose Max HP","damage_taken":0,"relics_obtained":["Golden Idol"],"max_hp_gain":0,"max_hp_loss":5,"event_name":"Golden Idol","floor":3,"gold_loss":0},{"damage_healed":21,"gold_gain":0,"player_choice":"Banana","damage_taken":0,"max_hp_gain":0,"max_hp_loss":0,"event_name":"Big Fish","floor":10,"gold_loss":0},{"damage_healed":0,"gold_gain":0,"player_choice":"Ignored","damage_taken":0,"max_hp_gain":0,"max_hp_loss":0,"event_name":"Golden Wing","floor":11,"gold_loss":0},{"damage_healed":0,"gold_gain":0,"player_choice":"Grow","damage_taken":0,"max_hp_gain":0,"max_hp_loss":0,"event_name":"Living Wall","floor":13,"gold_loss":0,"cards_upgraded":["Apotheosis"]},{"damage_healed":0,"gold_gain":0,"player_choice":"Obtained Book","damage_taken":16,"max_hp_gain":0,"max_hp_loss":0,"event_name":"Cursed Tome","floor":21,"gold_loss":0},{"damage_healed":0,"gold_gain":0,"player_choice":"Ignored","damage_taken":0,"max_hp_gain":0,"max_hp_loss":0,"event_name":"Beggar","floor":22,"gold_loss":0},{"damage_healed":0,"gold_gain":0,"player_choice":"Fight","damage_taken":0,"max_hp_gain":0,"max_hp_loss":0,"event_name":"MindBloom","floor":36,"gold_loss":0},{"damage_healed":0,"gold_gain":0,"player_choice":"Memory 2","damage_taken":5,"max_hp_gain":0,"max_hp_loss":0,"event_name":"SensoryStone","floor":37,"gold_loss":0}],"is_beta":false,"boss_relics":[{"not_picked":["SlaversCollar","Cursed Key"],"picked":"Busted Crown"},{"not_picked":["Sozu","Empty Cage"],"picked":"Calling Bell"}],"items_purged_floors":[],"is_endless":false,"potions_floor_spawned":[8,12,18,30,35,36,38,40,42,44,45],"killed_by":"Giant Head","ascension_level":3}}