{"host":"0luxfixkkfk9wck3","time":1609370191,"event":{"mods":["BaseMod","Downfall","Highlight Path","Minty Spire (QoL Compilation)","StSLib"],"gold_per_floor":[199,210,210,210,226,226,250,82,182,182,182,182],"floor_reached":10,"playtime":2035,"items_purged":["Guardian:Strike_Guardian"],"score":59,"play_id":"fb2b4805-697c-44d0-a31c-c3d48acc0134","local_time":"20201230171631","is_ascension_mode":true,"campfire_choices":[{"data":"Guardian:TwinSlam","floor":1,"key":"SMITH"},{"data":"Guardian:PrismaticBarrier","floor":6,"key":"SMITH"}],"circlet_count":0,"master_deck":["Guardian:Strike_Guardian","Guardian:Defend_Guardian","Guardian:Defend_Guardian","Guardian:Defend_Guardian","Guardian:Defend_Guardian","Guardian:CurlUp+1","Guardian:TwinSlam+1","Guardian:PrismaticBarrier+1","Guardian:PrismaticBeam","Guardian:Preprogram","Guardian:TimeCapacitor","Guardian:Recover"],"relics":["Guardian:ModeShifter","Bag of Preparation"],"acts_visited":["Exordium"],"potions_floor_usage":[],"damage_taken":[{"damage":5,"enemies":"Small Slimes","floor":2,"turns":3},{"damage":0,"enemies":"Jaw Worm","floor":5,"turns":3},{"damage":0,"enemies":"downfall:FleeingMerchant","floor":8,"turns":4},{"damage":16,"enemies":"downfall:Heads","floor":9,"turns":9},{"damage":68,"enemies":"Gremlin Nob","floor":10,"turns":7}],"seed_played":"-6608450114636171164","potions_obtained":[],"is_trial":false,"path_per_floor":["R","M","?","?","M","R","T","$","?","E"],"character_chosen":"GUARDIAN","items_purchased":["Guardian:Preprogram"],"campfire_rested":0,"item_purchase_floors":[8],"current_hp_per_floor":[80,75,69,69,69,69,69,69,53,0,0,0],"gold":182,"neow_bonus":"HUNDRED_GOLD","is_daily":false,"chose_seed":false,"campfire_upgraded":2,"win_rate":0.0,"timestamp":1609370191,"path_taken":["R","M","?","?","?","R","T","$","?","E"],"items_purchased_type":["Card"],"build_version":"2020-12-22","purchased_purges":1,"victory":false,"max_hp_per_floor":[80,80,80,80,80,80,80,80,80,80,80,80],"card_choices":[{"not_picked":["Guardian:Planning","Guardian:Suspension"],"picked":"Guardian:PrismaticBarrier","floor":2},{"not_picked":["Guardian:TemporalShield","Guardian:Incinerate"],"picked":"Guardian:Gem_White","floor":5},{"not_picked":["Guardian:Gem_Red","Guardian:ChargeCore"],"picked":"Guardian:PrismaticBeam","floor":8},{"not_picked":["Guardian:Gem_Red","Guardian:Planning"],"picked":"Guardian:TimeCapacitor","floor":9}],"player_experience":10782554,"relics_obtained":[{"floor":7,"key":"Bag of Preparation"}],"event_choices":[],"is_beta":false,"boss_relics":[],"items_purged_floors":[8],"is_endless":false,"potions_floor_spawned":[],"killed_by":"Gremlin Nob","ascension_level":2}}