{"host":"nlbm7eld1wcqj9ez","time":1609331838,"event":{"mods":["AchievementEnabler","BaseMod","Colored Map","Colored Powertips","DeckTracker","Minty Spire (QoL Compilation)","StSLib"],"gold_per_floor":[14,14,28,48,48,48,48,87,113,131,172,172,186,205,205,329,329,344,443,459,482,482,482,525,325,325,325,325,341,362,377,377,377,377],"floor_reached":33,"playtime":1683,"items_purged":["Injury"],"score":304,"play_id":"00e32ef5-fde3-458c-9be1-2c9aea6373f4","local_time":"20201230133718","is_ascension_mode":false,"campfire_choices":[{"data":"1","floor":6,"key":"LIFT"},{"floor":15,"key":"REST"},{"data":"Corpse Explosion","floor":23,"key":"SMITH"},{"floor":32,"key":"REST"}],"circlet_count":0,"master_deck":["Defend_G","Defend_G","Defend_G","Defend_G","Survivor","Neutralize","Dodge and Roll","Quick Slash","Deflect","Outmaneuver","Acrobatics","Well Laid Plans","Corpse Explosion+1","Poisoned Stab","Deadly Poison","Bite","Bite","Bite","Bite","Bite","Catalyst","Backflip","Flying Knee","PiercingWail","Endless Agony","Underhanded Strike","Endless Agony"],"relics":["Ring of the Snake","Girya","Golden Idol","Oddly Smooth Stone","Mummified Hand","Omamori","Bronze Scales","Sozu","Vajra","Ninja Scroll","Necronomicon"],"acts_visited":["Exordium","TheCity"],"potions_floor_usage":[16,33],"damage_taken":[{"damage":0,"enemies":"Cultist","floor":1,"turns":5},{"damage":0,"enemies":"Jaw Worm","floor":3,"turns":6},{"damage":0,"enemies":"Small Slimes","floor":4,"turns":4},{"damage":15,"enemies":"Gremlin Nob","floor":8,"turns":4},{"damage":0,"enemies":"Blue Slaver","floor":10,"turns":4},{"damage":10,"enemies":"Lagavulin","floor":11,"turns":8},{"damage":7,"enemies":"2 Fungi Beasts","floor":13,"turns":3},{"damage":6,"enemies":"Exordium Wildlife","floor":14,"turns":6},{"damage":36,"enemies":"Hexaghost","floor":16,"turns":12},{"damage":2,"enemies":"Spheric Guardian","floor":18,"turns":4},{"damage":2,"enemies":"Shell Parasite","floor":20,"turns":5},{"damage":15,"enemies":"Cultist and Chosen","floor":21,"turns":6},{"damage":30,"enemies":"Gremlin Leader","floor":24,"turns":5},{"damage":0,"enemies":"Sentry and Sphere","floor":29,"turns":3},{"damage":2,"enemies":"Snecko","floor":30,"turns":3},{"damage":10,"enemies":"3 Cultists","floor":31,"turns":4},{"damage":62,"enemies":"Automaton","floor":33,"turns":6}],"seed_played":"-3587665480315916772","potions_obtained":[{"floor":8,"key":"AttackPotion"},{"floor":11,"key":"SkillPotion"},{"floor":14,"key":"LiquidMemories"}],"is_trial":false,"path_per_floor":["M","$","M","M","?","R","T","E","T","M","E","?","M","M","R","B",null,"M","?","M","M","?","R","E","$","T","?","?","M","M","M","R","B"],"character_chosen":"THE_SILENT","items_purchased":["Backflip","Flying Knee","PiercingWail"],"campfire_rested":2,"item_purchase_floors":[25,25,25],"current_hp_per_floor":[70,70,70,70,70,70,70,55,55,55,45,68,61,55,70,34,70,68,68,66,51,49,49,27,27,27,11,11,19,21,19,33,0,0],"gold":377,"neow_bonus":"ONE_RARE_RELIC","is_daily":false,"chose_seed":false,"campfire_upgraded":1,"win_rate":0.0,"timestamp":1609331838,"path_taken":["M","$","M","?","?","R","?","E","T","M","E","?","M","M","R","BOSS","M","?","M","M","?","R","E","?","T","?","?","M","M","M","R","BOSS"],"items_purchased_type":["Card","Card","Card"],"build_version":"2020-12-22","purchased_purges":1,"victory":false,"max_hp_per_floor":[70,70,70,70,70,70,70,70,70,70,70,70,70,70,70,70,70,70,70,70,70,49,49,49,49,49,49,49,49,49,49,49,49,49],"card_choices":[{"not_picked":["Dagger Spray","Endless Agony"],"picked":"Dodge and Roll","floor":1},{"not_picked":["Dagger Spray","Acrobatics"],"picked":"Blade Dance","floor":3},{"not_picked":["Deflect","A Thousand Cuts"],"picked":"Quick Slash","floor":4},{"not_picked":["Dagger Throw","Finisher","Unload"],"picked":"SKIP","floor":8},{"not_picked":["Underhanded Strike","Leg Sweep"],"picked":"Deflect","floor":10},{"not_picked":["PiercingWail","Unload"],"picked":"Outmaneuver","floor":11},{"not_picked":["Heel Hook","Deadly Poison"],"picked":"Acrobatics","floor":13},{"not_picked":["Blade Dance","Dodge and Roll"],"picked":"Well Laid Plans","floor":14},{"not_picked":["Tools of the Trade","A Thousand Cuts"],"picked":"Corpse Explosion","floor":16},{"not_picked":["Tactician+1","Distraction+1"],"picked":"Poisoned Stab","floor":18},{"not_picked":["Predator","Dagger Spray+1","Reflex"],"picked":"SKIP","floor":20},{"not_picked":["Choke","Envenom"],"picked":"Deadly Poison","floor":21},{"not_picked":["Doppelganger","Quick Slash"],"picked":"Catalyst","floor":24},{"not_picked":["Dagger Spray+1","Flying Knee","Acrobatics"],"picked":"SKIP","floor":29},{"not_picked":["Malaise","Acrobatics+1","Outmaneuver+1"],"picked":"SKIP","floor":30},{"not_picked":["Caltrops","Deflect"],"picked":"Endless Agony","floor":31}],"player_experience":36112,"relics_obtained":[{"floor":7,"key":"Oddly Smooth Stone"},{"floor":8,"key":"Mummified Hand"},{"floor":9,"key":"Omamori"},{"floor":11,"key":"Bronze Scales"},{"floor":24,"key":"Vajra"},{"floor":26,"key":"Ninja Scroll"},{"floor":27,"key":"Necronomicon"}],"event_choices":[{"damage_healed":0,"gold_gain":0,"player_choice":"Take Wound","damage_taken":0,"relics_obtained":["Golden Idol"],"max_hp_gain":0,"max_hp_loss":0,"event_name":"Golden Idol","floor":5,"gold_loss":0,"cards_obtained":["Injury"]},{"damage_healed":23,"gold_gain":0,"player_choice":"Banana","damage_taken":0,"max_hp_gain":0,"max_hp_loss":0,"event_name":"Big Fish","floor":12,"gold_loss":0},{"damage_healed":0,"gold_gain":99,"player_choice":"Stole From Cult","damage_taken":0,"max_hp_gain":0,"max_hp_loss":0,"event_name":"Nest","floor":19,"gold_loss":0},{"damage_healed":0,"gold_gain":0,"player_choice":"Became a vampire","damage_taken":0,"max_hp_gain":0,"max_hp_loss":21,"event_name":"Vampires","floor":22,"gold_loss":0,"cards_obtained":["Bite","Bite","Bite","Bite","Bite"]},{"damage_healed":0,"gold_gain":0,"player_choice":"Obtained Book","damage_taken":16,"max_hp_gain":0,"max_hp_loss":0,"event_name":"Cursed Tome","floor":27,"gold_loss":0},{"damage_healed":0,"gold_gain":0,"cards_transformed":["Blade Dance","Defend_G"],"player_choice":"Became Test Subject","damage_taken":0,"max_hp_gain":0,"max_hp_loss":0,"event_name":"Drug Dealer","floor":28,"gold_loss":0,"cards_obtained":["Endless Agony","Underhanded Strike"]}],"is_beta":false,"boss_relics":[{"not_picked":["Busted Crown","SlaversCollar"],"picked":"Sozu"}],"items_purged_floors":[25],"is_endless":false,"potions_floor_spawned":[8,11,14,24,29,31],"killed_by":"Automaton","ascension_level":0}}