{"host":"lhth1efayex2023z","time":1609299859,"event":{"mods":["BaseMod","Colored Map","Googly Eyes","Minty Spire (QoL Compilation)","StSLib"],"gold_per_floor":[367,386,15,26,26,60,78,90,90,90,123,123,170,183,183,279,279,299,209,229,229,246,275,275,303,353,379,412,4,21,48,48,147,147,161,36,36,36,48,73,108,141,167,167,389,415,442,442,442,442,442,442,41,68,68],"floor_reached":56,"playtime":2649,"items_purged":["Strike_G","Strike_G","Strike_G","Riddle With Holes"],"score":2486,"play_id":"2647fff1-d5ff-4c81-a52b-c1c419eaf6f6","local_time":"20201229204419","is_ascension_mode":true,"campfire_choices":[{"data":"Footwork","floor":12,"key":"SMITH"},{"data":"Neutralize","floor":15,"key":"SMITH"},{"data":"Burst","floor":24,"key":"SMITH"},{"floor":32,"key":"RECALL"},{"data":"Adrenaline","floor":44,"key":"SMITH"},{"data":"1","floor":49,"key":"LIFT"},{"data":"2","floor":52,"key":"LIFT"}],"circlet_count":0,"master_deck":["AscendersBane","Defend_G","Defend_G","Defend_G","Defend_G","Defend_G","Survivor","Neutralize+1","Dagger Spray","Backflip","Footwork+1","Escape Plan+1","Cloak And Dagger+1","Accuracy+1","Slice","Adrenaline+1","Burst+1","Escape Plan","Masterful Stab","Burst+1","Escape Plan","Adrenaline+1","Blur","Finisher+1","Blade Dance+1","Blade Dance+1","Footwork","Masterful Stab","Outmaneuver+1"],"relics":["Ring of the Snake","Tiny Chest","Meat on the Bone","Shuriken","InkBottle","Regal Pillow","War Paint","SlaversCollar","Nunchaku","Letter Opener","Bag of Preparation","Omamori","Red Mask","Oddly Smooth Stone","DollysMirror","Blue Candle","Runic Pyramid","WingedGreaves","Pen Nib","Pear","Anchor","Toy Ornithopter","Girya","Membership Card","Bag of Marbles","Snake Skull"],"acts_visited":["Exordium","TheCity","TheBeyond","TheEnding"],"potions_floor_usage":[6,22,23,23,23,28,31,33,55],"damage_taken":[{"damage":0,"enemies":"Cultist","floor":1,"turns":6},{"damage":2,"enemies":"Small Slimes","floor":2,"turns":5},{"damage":0,"enemies":"Jaw Worm","floor":4,"turns":6},{"damage":14,"enemies":"3 Sentries","floor":6,"turns":10},{"damage":15,"enemies":"Exordium Wildlife","floor":7,"turns":5},{"damage":9,"enemies":"Lots of Slimes","floor":8,"turns":4},{"damage":11,"enemies":"Lagavulin","floor":11,"turns":7},{"damage":0,"enemies":"Looter","floor":14,"turns":3},{"damage":12,"enemies":"The Guardian","floor":16,"turns":9},{"damage":0,"enemies":"Spheric Guardian","floor":18,"turns":3},{"damage":0,"enemies":"3 Byrds","floor":20,"turns":4},{"damage":5,"enemies":"Snake Plant","floor":22,"turns":7},{"damage":1,"enemies":"Slavers","floor":23,"turns":7},{"damage":0,"enemies":"Gremlin Leader","floor":25,"turns":5},{"damage":0,"enemies":"Masked Bandits","floor":28,"turns":4},{"damage":0,"enemies":"Cultist and Chosen","floor":30,"turns":3},{"damage":0,"enemies":"Book of Stabbing","floor":31,"turns":3},{"damage":0,"enemies":"Automaton","floor":33,"turns":5},{"damage":0,"enemies":"Orb Walker","floor":35,"turns":1},{"damage":0,"enemies":"3 Darklings","floor":39,"turns":2},{"damage":0,"enemies":"Giant Head","floor":40,"turns":6},{"damage":0,"enemies":"Reptomancer","floor":41,"turns":3},{"damage":1,"enemies":"Giant Head","floor":42,"turns":1},{"damage":0,"enemies":"Reptomancer","floor":47,"turns":1},{"damage":0,"enemies":"Donu and Deca","floor":50,"turns":3},{"damage":0,"enemies":"Shield and Spear","floor":54,"turns":1},{"damage":29,"enemies":"The Heart","floor":55,"turns":6}],"seed_played":"-7722074615163251439","potions_obtained":[{"floor":2,"key":"Ancient Potion"},{"floor":4,"key":"Fire Potion"},{"floor":11,"key":"SpeedPotion"},{"floor":14,"key":"BlessingOfTheForge"},{"floor":16,"key":"SkillPotion"},{"floor":21,"key":"EntropicBrew"},{"floor":22,"key":"SkillPotion"},{"floor":25,"key":"DuplicationPotion"},{"floor":30,"key":"PowerPotion"},{"floor":31,"key":"SmokeBomb"},{"floor":33,"key":"LiquidBronze"},{"floor":41,"key":"Swift Potion"}],"is_trial":false,"path_per_floor":["M","M","$","M","T","E","M","M","T","?","E","R","T","M","R","B",null,"M","?","M","?","M","E","R","E","T","T","?","$","M","E","R","B",null,"M","$","T","?","M","E","E","E","T","R","?","T","E","?","R","B",null,"R","$","E","B",null],"character_chosen":"THE_SILENT","items_purchased":["Footwork","Tiny Chest","Escape Plan","Oddly Smooth Stone","DollysMirror","Membership Card","Footwork","FairyPotion","Masterful Stab","Bag of Marbles"],"campfire_rested":0,"item_purchase_floors":[3,3,3,29,29,53,53,53,53,53],"current_hp_per_floor":[63,61,61,61,61,47,32,35,35,35,36,36,36,36,36,36,56,56,56,56,56,51,50,50,50,50,50,50,50,50,50,50,50,60,60,60,60,60,60,60,70,69,69,69,69,69,69,69,69,69,72,72,72,72,44],"gold":68,"neow_bonus":"TWO_FIFTY_GOLD","is_daily":false,"chose_seed":false,"campfire_upgraded":4,"win_rate":0.0,"timestamp":1609299859,"path_taken":["M","M","$","M","?","E","M","?","T","?","E","R","?","M","R","BOSS","M","?","?","?","M","E","R","E","T","?","?","?","?","E","R","BOSS","M","$","?","?","?","E","E","E","T","R","?","?","E","?","R","BOSS","R","$","E","BOSS"],"items_purchased_type":["Card","Relic","Card","Relic","Relic","Relic","Card","Potion","Card","Relic"],"build_version":"2020-12-22","purchased_purges":4,"victory":true,"max_hp_per_floor":[63,63,63,63,63,63,63,63,63,63,63,63,63,63,63,63,63,63,63,63,63,63,63,63,63,63,63,63,63,63,63,63,63,63,63,63,63,63,63,63,73,73,73,73,73,73,73,73,73,73,73,73,73,73,73],"card_choices":[{"not_picked":["Dodge and Roll","Outmaneuver"],"picked":"Dagger Spray","floor":1},{"not_picked":["Deflect","Outmaneuver"],"picked":"Backflip","floor":2},{"not_picked":["Prepared","Underhanded Strike"],"picked":"Cloak And Dagger","floor":4},{"not_picked":["Dodge and Roll","Acrobatics"],"picked":"Accuracy","floor":6},{"not_picked":["Sucker Punch","Slice","Quick Slash"],"picked":"SKIP","floor":7},{"not_picked":["Sucker Punch","Quick Slash"],"picked":"Slice","floor":7},{"not_picked":["Bouncing Flask","Outmaneuver","Acrobatics"],"picked":"SKIP","floor":8},{"not_picked":["PiercingWail","Well Laid Plans"],"picked":"Adrenaline","floor":11},{"not_picked":["Underhanded Strike","Deflect"],"picked":"Riddle With Holes","floor":14},{"not_picked":["Die Die Die","Glass Knife"],"picked":"Burst","floor":16},{"not_picked":["Quick Slash","Dagger Throw","Riddle With Holes"],"picked":"SKIP","floor":18},{"not_picked":["Deflect","Backflip"],"picked":"Escape Plan","floor":20},{"not_picked":["Deflect","Acrobatics","Distraction"],"picked":"SKIP","floor":22},{"not_picked":["Outmaneuver","Bane+1","Quick Slash"],"picked":"SKIP","floor":23},{"not_picked":["Dash","Quick Slash"],"picked":"Masterful Stab","floor":25},{"not_picked":["Quick Slash","Expertise","Riddle With Holes"],"picked":"SKIP","floor":30},{"not_picked":["Tactician","Tools of the Trade"],"picked":"Escape Plan","floor":31},{"not_picked":["Wraith Form v2","Malaise"],"picked":"Adrenaline","floor":33},{"not_picked":["Slice","Dodge and Roll","Bane"],"picked":"SKIP","floor":35},{"not_picked":["Slice","Dodge and Roll","Bane"],"picked":"SKIP","floor":35},{"not_picked":["Dodge and Roll","All Out Attack","Acrobatics"],"picked":"SKIP","floor":39},{"not_picked":["Poisoned Stab","Terror"],"picked":"Finisher+1","floor":40},{"not_picked":["Backstab+1","Prepared"],"picked":"Blade Dance","floor":41},{"not_picked":["Prepared","Cloak And Dagger"],"picked":"Blade Dance+1","floor":42},{"not_picked":["Masterful Stab","Distraction","Backflip"],"picked":"SKIP","floor":47},{"not_picked":["Backflip","Phantasmal Killer","Outmaneuver+1"],"picked":"SKIP","floor":54},{"not_picked":["Backflip","Phantasmal Killer"],"picked":"Outmaneuver+1","floor":54}],"player_experience":426442,"relics_obtained":[{"floor":5,"key":"Meat on the Bone"},{"floor":6,"key":"Shuriken"},{"floor":9,"key":"InkBottle"},{"floor":11,"key":"Regal Pillow"},{"floor":13,"key":"War Paint"},{"floor":23,"key":"Nunchaku"},{"floor":25,"key":"Letter Opener"},{"floor":26,"key":"Bag of Preparation"},{"floor":27,"key":"Omamori"},{"floor":28,"key":"Red Mask"},{"floor":31,"key":"Blue Candle"},{"floor":37,"key":"WingedGreaves"},{"floor":40,"key":"Pen Nib"},{"floor":41,"key":"Pear"},{"floor":42,"key":"Anchor"},{"floor":46,"key":"Toy Ornithopter"},{"floor":47,"key":"Girya"},{"floor":54,"key":"Snake Skull"}],"event_choices":[{"damage_healed":0,"gold_gain":0,"player_choice":"Grow","damage_taken":0,"max_hp_gain":0,"max_hp_loss":0,"event_name":"Living Wall","floor":10,"gold_loss":0,"cards_upgraded":["Cloak And Dagger"]},{"cards_removed":["Strike_G"],"damage_healed":0,"gold_gain":0,"player_choice":"Upgrade and Remove","damage_taken":0,"max_hp_gain":0,"max_hp_loss":0,"event_name":"Designer","floor":19,"gold_loss":90,"cards_upgraded":["Accuracy"]},{"damage_healed":0,"gold_gain":0,"player_choice":"Got Potions","damage_taken":0,"max_hp_gain":0,"max_hp_loss":0,"event_name":"Lab","floor":21,"gold_loss":0},{"damage_healed":0,"gold_gain":0,"player_choice":"Fought Bandits","damage_taken":0,"max_hp_gain":0,"max_hp_loss":0,"event_name":"Masked Bandits","floor":28,"gold_loss":0},{"damage_healed":0,"gold_gain":0,"cards_transformed":["Strike_G"],"player_choice":"Transformed","damage_taken":0,"max_hp_gain":0,"max_hp_loss":0,"event_name":"Transmorgrifier","floor":38,"gold_loss":0,"cards_obtained":["Blur"]},{"damage_healed":0,"gold_gain":222,"player_choice":"Wore Mask","damage_taken":0,"max_hp_gain":0,"max_hp_loss":0,"event_name":"Tomb of Lord Red Mask","floor":45,"gold_loss":0},{"damage_healed":0,"gold_gain":0,"player_choice":"Upgraded","damage_taken":0,"max_hp_gain":0,"max_hp_loss":0,"event_name":"Upgrade Shrine","floor":48,"gold_loss":0,"cards_upgraded":["Blade Dance"]}],"is_beta":false,"boss_relics":[{"not_picked":["SacredBark","Busted Crown"],"picked":"SlaversCollar"},{"not_picked":["Snecko Eye","Fusion Hammer"],"picked":"Runic Pyramid"}],"items_purged_floors":[3,29,36,53],"is_endless":false,"potions_floor_spawned":[2,4,11,14,16,22,25,30,31,33,40,41,42],"ascension_level":12}}