{"host":"l8lkgdumzpe3823a","time":1609355562,"event":{"mods":["Always Whale","Aspiration","BaseMod","Beaked The Cultist","Better Note","Clockwork Mod","Colored Powertips","Curses Come First","Custom Start","DeckTracker","Defuse TimeMaze Blight","Highlight Path","Hubris","Infinite Spire","Minty Spire (QoL Compilation)","Quick Restart","Replay The Spire","Shop Mod","StSLib","SuperFastMode","The Construct","The Cursed","The Dragon Tamer","The Servant 0.9.4","vexMod"],"gold_per_floor":[118,46,46,62,107,107,107,107,107,107,126,139,157,175,175,175,175],"floor_reached":16,"playtime":367,"items_purged":[],"score":97,"play_id":"f35ab907-6918-4c69-83b0-e5870a053809","local_time":"20201230131242","is_ascension_mode":true,"campfire_choices":[{"data":"TheCursedMod:CursedWand","floor":6,"key":"SMITH"},{"data":"TheCursedMod:CircleOfCorruption","floor":8,"key":"SMITH"},{"floor":10,"key":"REST"},{"data":"TheCursedMod:CleanUpWorkshop","floor":15,"key":"SMITH"}],"circlet_count":0,"master_deck":["TheCursedMod:Strike_TheCursed","TheCursedMod:Strike_TheCursed","TheCursedMod:Strike_TheCursed","TheCursedMod:Defend_TheCursed","TheCursedMod:Defend_TheCursed","TheCursedMod:Defend_TheCursed","TheCursedMod:Defend_TheCursed","TheCursedMod:CursedWand+1","TheCursedMod:CleanUpWorkshop+1","TheCursedMod:Dregs","TheCursedMod:CircleOfCorruption+1","TheCursedMod:SpitefulPlan","TheCursedMod:CircleOfCorruption+1","TheCursedMod:CircleOfFlame","TheCursedMod:SurpriseAttack","TheCursedMod:RavingStaff"],"relics":["TheCursedMod:BlackMagic101","NeowsBlessing","PreservedInsect","Bottled Lightning"],"acts_visited":["Exordium"],"potions_floor_usage":[],"damage_taken":[{"damage":0.0,"enemies":"Jaw Worm","floor":1.0,"turns":1.0},{"damage":0.0,"enemies":"Cultist","floor":4.0,"turns":1.0},{"damage":0,"enemies":"infinitespire:Voidling","floor":11,"turns":1},{"damage":0,"enemies":"Blue Slaver","floor":12,"turns":2},{"damage":0,"enemies":"Large Slime","floor":13,"turns":4},{"damage":0,"enemies":"3 Louse","floor":14,"turns":1},{"damage":77,"enemies":"Hexaghost","floor":16,"turns":10}],"seed_played":"-6194605177895271723","potions_obtained":[{"floor":1.0,"key":"Weak Potion"},{"floor":13,"key":"BlessingOfTheForge"}],"is_trial":false,"path_per_floor":["M","$","?","M","T","R","?","R","T","R","M","M","M","M","R","B"],"character_chosen":"THE_CURSED","items_purchased":["TheCursedMod:SpitefulPlan"],"campfire_rested":1,"item_purchase_floors":[2],"current_hp_per_floor":[75,75,75,75,75,75,75,75,75,75,75,75,75,75,75,0,0],"gold":175,"neow_bonus":"THREE_ENEMY_KILL","is_daily":false,"chose_seed":false,"campfire_upgraded":3,"win_rate":0.0,"timestamp":1609355562,"path_taken":["M","$","?","?","?","R","?","R","T","R","M","M","M","?","R","BOSS"],"items_purchased_type":["Card"],"build_version":"2020-12-22","purchased_purges":0,"victory":false,"max_hp_per_floor":[75,75,75,75,75,75,75,75,75,75,75,75,75,75,75,75,75],"card_choices":[{"not_picked":["TheCursedMod:Stretching","TheCursedMod:SaltUponWound"],"picked":"TheCursedMod:CircleOfCorruption","floor":1.0},{"not_picked":["TheCursedMod:VitalStrike","TheCursedMod:CursedMace"],"picked":"TheCursedMod:CircleOfCorruption","floor":4},{"not_picked":["TheCursedMod:CircleOfCorruption","TheCursedMod:CursedMace"],"picked":"TheCursedMod:CircleOfFlame","floor":11},{"not_picked":["TheCursedMod:DoubleShield","TheCursedMod:Obscuration"],"picked":"TheCursedMod:SurpriseAttack","floor":12},{"not_picked":["TheCursedMod:RavingStaff","TheCursedMod:SurpriseAttack","TheCursedMod:CursedShiv"],"picked":"SKIP","floor":13},{"not_picked":["TheCursedMod:FuryStrike","TheCursedMod:AntiAging"],"picked":"TheCursedMod:RavingStaff","floor":14}],"player_experience":731378,"relics_obtained":[{"floor":5,"key":"PreservedInsect"},{"floor":9,"key":"Bottled Lightning"}],"event_choices":[{"damage_healed":0.0,"max_hp_gain":0.0,"max_hp_loss":0.0,"gold_gain":0.0,"event_name":"Upgrade Shrine","player_choice":"Upgraded","floor":3.0,"gold_loss":0.0,"damage_taken":0.0,"cards_upgraded":["TheCursedMod:CircleOfCorruption"]},{"cards_removed":["TheCursedMod:Strike_TheCursed"],"damage_healed":0,"gold_gain":0,"player_choice":"Purged","damage_taken":0,"max_hp_gain":0,"max_hp_loss":0,"event_name":"Purifier","floor":7,"gold_loss":0}],"is_beta":false,"boss_relics":[],"items_purged_floors":[],"is_endless":false,"potions_floor_spawned":[1,13],"killed_by":"Hexaghost","ascension_level":1}}