{"host":"tzyzz5n7hg2ni9q2","time":1609351548,"event":{"mods":["BaseMod","Minty Spire (QoL Compilation)","Quick Restart"],"gold_per_floor":[117,130,147,162,52,81,81,81,81,81,115,115,129,146,146,250,250,220,220,232,244,271,271,271,186,186,213,44,44,62,82,82,180,180,197,212,212,235,457,485,485,521,521,521,64,82,82,98,98,98],"floor_reached":51,"playtime":3222,"items_purged":["Strike_R"],"score":787,"play_id":"6b607671-c582-44cd-a73c-9763145abd51","local_time":"20201230190548","is_ascension_mode":false,"campfire_choices":[{"data":"Cleave","floor":8.0,"key":"SMITH"},{"data":"Ghostly Armor","floor":12.0,"key":"SMITH"},{"data":"Disarm","floor":15.0,"key":"SMITH"},{"data":"Barricade","floor":23.0,"key":"SMITH"},{"data":"Shrug It Off","floor":24.0,"key":"SMITH"},{"floor":32.0,"key":"REST"},{"floor":41.0,"key":"REST"},{"data":"Body Slam","floor":44.0,"key":"SMITH"},{"data":"Berserk","floor":47.0,"key":"SMITH"},{"data":"Juggernaut","floor":49,"key":"SMITH"}],"circlet_count":0,"master_deck":["Strike_R","Defend_R","Defend_R","Defend_R","Defend_R","Bash+1","Cleave+1","True Grit+1","Disarm+1","Ghostly Armor+1","Battle Trance","Shrug It Off+1","Barricade+1","Juggernaut+1","Shrug It Off+1","Shrug It Off+1","Body Slam+1","Berserk+1","Shrug It Off+1"],"relics":["Burning Blood","PreservedInsect","Self Forming Clay","WingedGreaves","Black Star","Red Mask","CeramicFish","Du-Vu Doll","Toxic Egg 2","Letter Opener","Ancient Tea Set","Nilry\u0027s Codex","Empty Cage","HornCleat","Akabeko","Lizard Tail","Anchor","Centennial Puzzle","Red Skull"],"acts_visited":["Exordium","TheCity","TheBeyond"],"potions_floor_usage":[50,50],"damage_taken":[{"damage":0.0,"enemies":"2 Louse","floor":1.0,"turns":3.0},{"damage":6.0,"enemies":"Jaw Worm","floor":2.0,"turns":3.0},{"damage":6.0,"enemies":"Cultist","floor":3.0,"turns":3.0},{"damage":16.0,"enemies":"Large Slime","floor":4.0,"turns":6.0},{"damage":31.0,"enemies":"Gremlin Nob","floor":6.0,"turns":5.0},{"damage":10.0,"enemies":"3 Sentries","floor":11.0,"turns":6.0},{"damage":7.0,"enemies":"Blue Slaver","floor":13.0,"turns":5.0},{"damage":1.0,"enemies":"3 Louse","floor":14.0,"turns":3.0},{"damage":7.0,"enemies":"The Guardian","floor":16.0,"turns":15.0},{"damage":15.0,"enemies":"2 Thieves","floor":18.0,"turns":5.0},{"damage":12.0,"enemies":"Shell Parasite","floor":20.0,"turns":20.0},{"damage":15.0,"enemies":"Snake Plant","floor":21.0,"turns":9.0},{"damage":10.0,"enemies":"Masked Bandits","floor":22.0,"turns":7.0},{"damage":18.0,"enemies":"Book of Stabbing","floor":27.0,"turns":10.0},{"damage":0.0,"enemies":"Snecko","floor":30.0,"turns":7.0},{"damage":4.0,"enemies":"Cultist and Chosen","floor":31.0,"turns":8.0},{"damage":19.0,"enemies":"Collector","floor":33.0,"turns":20.0},{"damage":6.0,"enemies":"3 Shapes","floor":35.0,"turns":7.0},{"damage":35.0,"enemies":"Orb Walker","floor":36.0,"turns":7.0},{"damage":0.0,"enemies":"Maw","floor":38.0,"turns":13.0},{"damage":9.0,"enemies":"Giant Head","floor":40.0,"turns":11.0},{"damage":0.0,"enemies":"Nemesis","floor":42.0,"turns":14.0},{"damage":0.0,"enemies":"3 Darklings","floor":46.0,"turns":8.0},{"damage":4,"enemies":"Spire Growth","floor":48,"turns":4},{"damage":52,"enemies":"Donu and Deca","floor":50,"turns":11}],"seed_played":"6009206995363747651","potions_obtained":[{"floor":1.0,"key":"BlessingOfTheForge"},{"floor":4.0,"key":"HeartOfIron"},{"floor":13.0,"key":"Strength Potion"},{"floor":22.0,"key":"AttackPotion"},{"floor":27.0,"key":"AttackPotion"},{"floor":33.0,"key":"SkillPotion"},{"floor":42.0,"key":"BloodPotion"},{"floor":46.0,"key":"LiquidBronze"},{"floor":48,"key":"Energy Potion"}],"is_trial":false,"path_per_floor":["M","M","M","M","$","E","?","R","T","?","E","R","M","M","R","B",null,"M","$","M","M","?","R","R","?","T","E","$","?","M","M","R","B",null,"M","M","?","M","?","E","R","E","T","R","$","M","R","M","R","B",null],"character_chosen":"IRONCLAD","items_purchased":["Disarm","Ghostly Armor","Shrug It Off+1","Ancient Tea Set","Berserk","Shrug It Off+1","Centennial Puzzle","Red Skull"],"campfire_rested":2,"item_purchase_floors":[5,5,28,28,45,45,45,45],"current_hp_per_floor":[80,80,80,70,70,45,45,45,45,45,41,41,40,45,45,44,80,71,71,65,56,52,52,52,52,52,40,40,24,30,32,56,43,80,80,51,51,57,57,54,78,80,80,80,80,80,80,80,80,34],"gold":98,"neow_bonus":"UPGRADE_CARD","is_daily":false,"chose_seed":false,"campfire_upgraded":8,"win_rate":0.0,"timestamp":1609351548,"path_taken":["M","M","M","M","$","E","?","R","T","?","E","R","M","M","R","BOSS","M","$","M","?","?","R","R","?","T","E","$","?","?","?","R","BOSS","M","?","?","M","?","E","R","E","T","R","?","M","R","M","R","BOSS"],"items_purchased_type":["Card","Card","Card","Relic","Card","Card","Relic","Relic"],"build_version":"2020-12-22","purchased_purges":1,"victory":true,"max_hp_per_floor":[80,80,80,80,80,80,80,80,80,80,80,80,80,80,80,80,80,80,80,80,80,80,80,80,80,80,80,80,80,80,80,80,80,80,80,80,80,80,80,80,80,80,80,80,80,80,80,80,80,80],"card_choices":[{"not_picked":["Feel No Pain","Flame Barrier","Sword Boomerang"],"picked":"SKIP","floor":1.0},{"not_picked":["Evolve","Anger"],"picked":"Cleave","floor":2.0},{"not_picked":["Hemokinesis","Headbutt"],"picked":"True Grit","floor":3.0},{"not_picked":["Fire Breathing","Sword Boomerang","Armaments"],"picked":"SKIP","floor":4.0},{"not_picked":["Thunderclap","Corruption","Pummel"],"picked":"SKIP","floor":6.0},{"not_picked":["Rampage","Body Slam"],"picked":"Battle Trance","floor":11.0},{"not_picked":["Thunderclap","Iron Wave","Clash"],"picked":"SKIP","floor":13.0},{"not_picked":["Havoc","Rage"],"picked":"Shrug It Off","floor":14.0},{"not_picked":["Immolate","Berserk"],"picked":"Barricade","floor":16.0},{"not_picked":["Dual Wield","Iron Wave","Cleave"],"picked":"SKIP","floor":18.0},{"not_picked":["Thunderclap+1","Pommel Strike","Burning Pact"],"picked":"SKIP","floor":20.0},{"not_picked":["Sever Soul+1","Searing Blow"],"picked":"Juggernaut","floor":21.0},{"not_picked":["Rupture","Perfected Strike+1","Infernal Blade+1"],"picked":"SKIP","floor":27.0},{"not_picked":["Headbutt","Bloodletting+1","Power Through+1"],"picked":"SKIP","floor":30.0},{"not_picked":["Dropkick","Iron Wave","Twin Strike"],"picked":"SKIP","floor":31.0},{"not_picked":["Cleave","Wild Strike+1","Uppercut"],"picked":"SKIP","floor":35.0},{"not_picked":["Clothesline+1","Shockwave+1","Armaments+1"],"picked":"SKIP","floor":36.0},{"not_picked":["Thunderclap+1","Clash+1"],"picked":"Shrug It Off+1","floor":38.0},{"not_picked":["Rupture","Uppercut+1","Second Wind+1"],"picked":"SKIP","floor":40.0},{"not_picked":["Headbutt","Clash"],"picked":"Body Slam","floor":42.0},{"not_picked":["Spot Weakness+1","Flex+1","Flame Barrier+1"],"picked":"SKIP","floor":46.0},{"not_picked":["Ghostly Armor+1","Searing Blow","Havoc+1"],"picked":"SKIP","floor":48}],"player_experience":206506,"relics_obtained":[{"floor":6.0,"key":"PreservedInsect"},{"floor":9.0,"key":"Self Forming Clay"},{"floor":11.0,"key":"WingedGreaves"},{"floor":22.0,"key":"Red Mask"},{"floor":26.0,"key":"Du-Vu Doll"},{"floor":27.0,"key":"Toxic Egg 2"},{"floor":27.0,"key":"Letter Opener"},{"floor":29.0,"key":"Nilry\u0027s Codex"},{"floor":40.0,"key":"HornCleat"},{"floor":40.0,"key":"Akabeko"},{"floor":42.0,"key":"Lizard Tail"},{"floor":43.0,"key":"Anchor"}],"event_choices":[{"damage_healed":0.0,"max_hp_gain":0.0,"max_hp_loss":0.0,"gold_gain":0.0,"event_name":"Living Wall","player_choice":"Grow","floor":7.0,"gold_loss":0.0,"damage_taken":0.0,"cards_upgraded":["True Grit"]},{"cards_removed":["Strike_R"],"damage_healed":0.0,"max_hp_gain":0.0,"max_hp_loss":0.0,"gold_gain":0.0,"event_name":"Purifier","player_choice":"Purged","floor":10.0,"gold_loss":0.0,"damage_taken":0.0},{"damage_healed":0.0,"max_hp_gain":0.0,"max_hp_loss":0.0,"gold_gain":0.0,"event_name":"Masked Bandits","player_choice":"Fought Bandits","floor":22.0,"gold_loss":0.0,"damage_taken":0.0},{"damage_healed":0.0,"max_hp_gain":0.0,"max_hp_loss":0.0,"gold_gain":0.0,"event_name":"Addict","player_choice":"Obtained Relic","floor":25.0,"gold_loss":85.0,"damage_taken":0.0,"relics_obtained":["CeramicFish"]},{"damage_healed":0.0,"max_hp_gain":0.0,"max_hp_loss":0.0,"gold_gain":0.0,"event_name":"Cursed Tome","player_choice":"Obtained Book","floor":29.0,"gold_loss":0.0,"damage_taken":16.0},{"damage_healed":0.0,"max_hp_gain":0.0,"max_hp_loss":0.0,"gold_gain":0.0,"event_name":"Mysterious Sphere","player_choice":"Ignored","floor":37.0,"gold_loss":0.0,"damage_taken":0.0},{"damage_healed":0.0,"max_hp_gain":0.0,"max_hp_loss":0.0,"gold_gain":222.0,"event_name":"Tomb of Lord Red Mask","player_choice":"Wore Mask","floor":39.0,"gold_loss":0.0,"damage_taken":0.0}],"is_beta":false,"boss_relics":[{"not_picked":["Pandora\u0027s Box","SacredBark"],"picked":"Black Star"},{"not_picked":["Runic Pyramid","Coffee Dripper"],"picked":"Empty Cage"}],"items_purged_floors":[45],"is_endless":false,"potions_floor_spawned":[1,4,13,14,22,27,33,42,46,48],"ascension_level":0}}