{"host":"zr590xw2unlz0wv7","time":1609354019,"event":{"mods":["BaseMod","Minty Spire (QoL Compilation)","READ ME - Guardian Mod","StSLib"],"gold_per_floor":[119,44,219,236,65,92,112,137,137,137,168,178,178,191,191,295,295,295,295,295,295,295,295,295,295],"floor_reached":24,"playtime":972,"items_purged":["Defend_P","Doubt"],"score":333,"play_id":"0dc25eea-e604-4e87-9fa7-56d1276d7c4b","local_time":"20201231024659","is_ascension_mode":true,"campfire_choices":[{"data":"ThirdEye","floor":10,"key":"SMITH"},{"floor":15,"key":"REST"},{"data":"Establishment","floor":23,"key":"SMITH"}],"circlet_count":0,"master_deck":["Strike_P","Strike_P","Strike_P","Strike_P","Defend_P","Defend_P","Defend_P","Eruption","Vigilance","SignatureMove","Swivel","ThirdEye+1","EmptyBody","Establishment+1","DeceiveReality"],"relics":["PureWater","NeowsBlessing","StrikeDummy","Oddly Smooth Stone","Eternal Feather","Blood Vial","Regal Pillow","Ectoplasm"],"acts_visited":["Exordium","TheCity"],"potions_floor_usage":[8,8,11,16,16,24,24],"damage_taken":[{"damage":0,"enemies":"2 Louse","floor":1,"turns":1},{"damage":0,"enemies":"Small Slimes","floor":4,"turns":1},{"damage":0,"enemies":"3 Sentries","floor":6,"turns":1},{"damage":0,"enemies":"Jaw Worm","floor":7,"turns":3},{"damage":0,"enemies":"Lagavulin","floor":8,"turns":2},{"damage":16,"enemies":"Gremlin Nob","floor":11,"turns":3},{"damage":3,"enemies":"3 Louse","floor":12,"turns":3},{"damage":0,"enemies":"Looter","floor":14,"turns":1},{"damage":44,"enemies":"The Guardian","floor":16,"turns":11},{"damage":8,"enemies":"Shell Parasite","floor":18,"turns":6},{"damage":0,"enemies":"Chosen","floor":19,"turns":2},{"damage":7,"enemies":"Centurion and Healer","floor":22,"turns":7},{"damage":74,"enemies":"Gremlin Leader","floor":24,"turns":8}],"seed_played":"3334194509775939294","potions_obtained":[{"floor":6,"key":"DistilledChaos"},{"floor":7,"key":"Fire Potion"},{"floor":8,"key":"AttackPotion"},{"floor":12,"key":"SkillPotion"},{"floor":14,"key":"Fire Potion"},{"floor":16,"key":"SteroidPotion"},{"floor":22,"key":"Block Potion"}],"is_trial":false,"path_per_floor":["M","$","?","M","$","E","M","E","T","R","E","M","?","M","R","B",null,"M","M","?","?","M","R","E"],"character_chosen":"WATCHER","items_purchased":["SignatureMove"],"campfire_rested":1,"item_purchase_floors":[5],"current_hp_per_floor":[72,72,72,72,72,72,72,72,72,72,56,55,37,39,72,28,61,55,57,57,57,52,61,0,0],"gold":295,"neow_bonus":"THREE_ENEMY_KILL","is_daily":false,"chose_seed":false,"campfire_upgraded":2,"win_rate":0.0,"timestamp":1609354019,"path_taken":["M","$","?","M","$","E","M","E","T","R","E","M","?","M","R","BOSS","M","M","?","?","M","R","E"],"items_purchased_type":["Card"],"build_version":"2020-12-22","purchased_purges":2,"victory":false,"max_hp_per_floor":[72,72,72,72,72,72,72,72,72,72,72,72,72,72,72,72,72,72,72,72,72,72,72,72,72],"card_choices":[{"not_picked":["Prostrate","ForeignInfluence","WheelKick"],"picked":"SKIP","floor":1},{"not_picked":["Pray","Protect","DeceiveReality"],"picked":"SKIP","floor":4},{"not_picked":["ReachHeaven","EmptyBody"],"picked":"Swivel","floor":6},{"not_picked":["CutThroughFate","Evaluate","JustLucky"],"picked":"SKIP","floor":7},{"not_picked":["Brilliance","CrushJoints"],"picked":"ThirdEye","floor":8},{"not_picked":["Wallop","Consecrate"],"picked":"EmptyBody","floor":11},{"not_picked":["Worship","BowlingBash","Adaptation"],"picked":"SKIP","floor":12},{"not_picked":["FollowUp","Indignation","ClearTheMind"],"picked":"SKIP","floor":14},{"not_picked":["LessonLearned","Omniscience"],"picked":"Establishment","floor":16},{"not_picked":["Halt","JustLucky","FollowUp+1"],"picked":"SKIP","floor":18},{"not_picked":["Protect+1","Evaluate","Prostrate+1"],"picked":"SKIP","floor":19},{"not_picked":["WreathOfFlame","FlyingSleeves","Prostrate+1"],"picked":"SKIP","floor":22}],"player_experience":531077,"relics_obtained":[{"floor":6,"key":"StrikeDummy"},{"floor":8,"key":"Oddly Smooth Stone"},{"floor":9,"key":"Eternal Feather"},{"floor":11,"key":"Blood Vial"}],"event_choices":[{"damage_healed":0,"gold_gain":175,"player_choice":"AGREE","damage_taken":0,"max_hp_gain":0,"max_hp_loss":0,"event_name":"Liars Game","floor":3,"gold_loss":0,"cards_obtained":["Doubt"]},{"damage_healed":0,"gold_gain":0,"player_choice":"Success","damage_taken":18,"relics_obtained":["Regal Pillow"],"max_hp_gain":0,"max_hp_loss":0,"event_name":"Scrap Ooze","floor":13,"gold_loss":0},{"damage_healed":0,"gold_gain":0,"player_choice":"Read","damage_taken":0,"max_hp_gain":0,"max_hp_loss":0,"event_name":"The Library","floor":20,"gold_loss":0,"cards_obtained":["DeceiveReality"]},{"damage_healed":0,"gold_gain":0,"player_choice":"Ignored","damage_taken":0,"max_hp_gain":0,"max_hp_loss":0,"event_name":"Ghosts","floor":21,"gold_loss":0}],"is_beta":false,"boss_relics":[{"not_picked":["SlaversCollar","Busted Crown"],"picked":"Ectoplasm"}],"items_purged_floors":[2,5],"is_endless":false,"potions_floor_spawned":[6,7,8,12,14,16,22],"killed_by":"Gremlin Leader","ascension_level":5}}