{"host":"Kent","time":1609335888,"event":{"mods":["Act Like it!","BaseMod","Colored Powertips","Downfall","Gensokyo","Hallownest","Infinite Spire","Koishi","Minty Spire (QoL Compilation)","Quick Restart","Replay The Spire","Robot Space Explorer","StSLib"],"gold_per_floor":[110,26,39,39,54,54,79,79,79,79,111,111,179,179,179,277,277,294,308,308,327,342,342,12,12,58,58,70,70,70,22,22,22,22],"floor_reached":33,"playtime":1757,"items_purged":[],"score":251,"play_id":"4e55fe6c-4d1a-4248-9087-6c2fe554c036","local_time":"20201230214448","is_ascension_mode":false,"campfire_choices":[{"floor":6.0,"key":"RECALL"},{"data":"RobotSpaceExplorer:Blaster","floor":8.0,"key":"SMITH"},{"data":"RobotSpaceExplorer:Pulsar","floor":10.0,"key":"SMITH"},{"data":"RobotSpaceExplorer:ToxicBomb","floor":15.0,"key":"SMITH"},{"floor":23.0,"key":"REST"},{"floor":25.0,"key":"REST"},{"data":"RobotSpaceExplorer:PowerCollector","floor":27.0,"key":"SMITH"},{"floor":32,"key":"REST"}],"circlet_count":0,"master_deck":["RobotSpaceExplorer:Strike","RobotSpaceExplorer:Strike","RobotSpaceExplorer:Strike","RobotSpaceExplorer:Strike","RobotSpaceExplorer:Defend","RobotSpaceExplorer:Defend","RobotSpaceExplorer:Defend","RobotSpaceExplorer:Defend","RobotSpaceExplorer:Scan","RobotSpaceExplorer:MiniLasers","RobotSpaceExplorer:Pulsar+1","RobotSpaceExplorer:MiniDrones","RobotSpaceExplorer:RigExplosive","RobotSpaceExplorer:Blaster+1","RobotSpaceExplorer:SurgingShield","ReplayTheSpireMod:Splinters","RobotSpaceExplorer:ToxicBomb+1","infinitespire:Pacifist","Overencumbered","infinitespire:Gouge","RobotSpaceExplorer:Multitool","RobotSpaceExplorer:PowerCollector","RobotSpaceExplorer:SurgingStrike+1","RobotSpaceExplorer:PowerCollector+1","RobotSpaceExplorer:DoubleBlock","Gensokyo:Shovel","Gensokyo:DepletedGenerator","Gensokyo:TarnishedGold","Gensokyo:RustyChest","RobotSpaceExplorer:LuckyStrike+1","RobotSpaceExplorer:ScrapMissile","Dash"],"relics":["RobotSpaceExplorer:RoboCore","StoneCalendar","Replay:Mystery Machine","FossilizedHelix","Replay:WaspNest","Boot","Black Star","infinitespire:Beetle Shell","Toolbox","Potion Belt","Gensokyo:UndefinedDarkness"],"acts_visited":["Exordium","Gensokyo:Gensokyo"],"potions_floor_usage":[28,33,33,33,33,33],"damage_taken":[{"damage":8.0,"enemies":"Gensokyo:Gryphon","floor":1.0,"turns":6.0},{"damage":6.0,"enemies":"Gensokyo:2_Kodama","floor":3.0,"turns":7.0},{"damage":0.0,"enemies":"Gensokyo:3_Fairies","floor":5.0,"turns":5.0},{"damage":5.0,"enemies":"Gensokyo:Mamizou","floor":7.0,"turns":6.0},{"damage":6.0,"enemies":"Gensokyo:Aya","floor":11.0,"turns":5.0},{"damage":26.0,"enemies":"Gensokyo:Yukari","floor":16.0,"turns":9.0},{"damage":0.0,"enemies":"Gensokyo:CosmicMonolith","floor":18.0,"turns":7.0},{"damage":19.0,"enemies":"Gensokyo:Chomper","floor":19.0,"turns":7.0},{"damage":38.0,"enemies":"Gensokyo:Mirror_and_Dog","floor":21.0,"turns":5.0},{"damage":15.0,"enemies":"Gensokyo:Swordslinger","floor":22.0,"turns":5.0},{"damage":20,"enemies":"Gensokyo:Monolith_and_Dog","floor":28,"turns":7},{"damage":52,"enemies":"Gensokyo:Kaguya","floor":33,"turns":4}],"seed_played":"669225626686535201","potions_obtained":[{"floor":1.0,"key":"RobotSpaceExplorer:PlasmaFlask"},{"floor":7.0,"key":"Toxic Potion"},{"floor":13.0,"key":"RobotSpaceExplorer:RecyclePotion"},{"floor":13.0,"key":"Milkshake"},{"floor":16.0,"key":"SkillPotion"},{"floor":21.0,"key":"LifebloodPotion"},{"floor":22.0,"key":"Adrenaline Potion"},{"floor":28,"key":"PowerPotion"}],"is_trial":false,"path_per_floor":["M","COS","M","?","M","R","E","R","T","R","E","?","?","?","R","B",null,"M","M","?","M","M","R","COS","R","T","R","M","?","?","$","R","B"],"character_chosen":"RobotSpaceExplorer","items_purchased":["Fire Potion"],"campfire_rested":3,"item_purchase_floors":[31],"current_hp_per_floor":[67,67,61,61,61,61,56,56,56,56,50,50,50,50,50,24,75,75,56,56,18,3,23,23,43,43,43,23,23,23,23,43,0,0],"gold":22,"neow_bonus":"ONE_RARE_RELIC","is_daily":false,"chose_seed":false,"campfire_upgraded":4,"win_rate":0.0,"timestamp":1609335888,"path_taken":["M","COS","M","?","M","R","E","R","T","R","E","?","?","?","R","BOSS","M","M","?","M","M","R","COS","R","T","R","M","?","?","$","R","BOSS"],"items_purchased_type":["Potion"],"build_version":"2020-12-18","purchased_purges":0,"victory":false,"max_hp_per_floor":[75,75,75,75,75,75,75,75,75,75,75,75,75,75,75,75,75,75,75,69,69,69,69,69,69,69,69,69,69,69,69,69,69,69],"card_choices":[{"not_picked":["RobotSpaceExplorer:Probe","RobotSpaceExplorer:SwiftStep"],"picked":"RobotSpaceExplorer:Pulsar","floor":1.0},{"not_picked":["RobotSpaceExplorer:MetalStrike","RobotSpaceExplorer:FranticSearch"],"picked":"RobotSpaceExplorer:MiniDrones","floor":3.0},{"not_picked":["RobotSpaceExplorer:FrostMissile","RobotSpaceExplorer:ScrapMissile"],"picked":"RobotSpaceExplorer:RigExplosive","floor":5.0},{"not_picked":["RobotSpaceExplorer:Fix","RobotSpaceExplorer:FrostMissile"],"picked":"RobotSpaceExplorer:Blaster","floor":7.0},{"not_picked":["RobotSpaceExplorer:Ammunition","RobotSpaceExplorer:FranticSearch"],"picked":"RobotSpaceExplorer:SurgingShield","floor":11.0},{"not_picked":["RobotSpaceExplorer:SlimeMissile","RobotSpaceExplorer:ImprovisedAttack"],"picked":"RobotSpaceExplorer:ToxicBomb","floor":13.0},{"not_picked":["ReplayTheSpireMod:Echoes of Time","infinitespire:SealOfDarkness+"],"picked":"infinitespire:Gouge","floor":14.0},{"not_picked":["RobotSpaceExplorer:BlastShield","RobotSpaceExplorer:ChargingLaser"],"picked":"RobotSpaceExplorer:Multitool","floor":16.0},{"not_picked":["RobotSpaceExplorer:FranticSearch","RobotSpaceExplorer:SlimeMissile+1"],"picked":"RobotSpaceExplorer:PowerCollector","floor":18.0},{"not_picked":["RobotSpaceExplorer:SlimeMissile","RobotSpaceExplorer:MiniDrones"],"picked":"RobotSpaceExplorer:SurgingStrike+1","floor":19.0},{"not_picked":["RobotSpaceExplorer:SurgingStrike+1","RobotSpaceExplorer:DoubleFind"],"picked":"RobotSpaceExplorer:PowerCollector","floor":21.0},{"not_picked":["RobotSpaceExplorer:MiniDrones","RobotSpaceExplorer:SurgingShield+1"],"picked":"RobotSpaceExplorer:DoubleBlock","floor":22.0},{"not_picked":["RobotSpaceExplorer:Reload+1","RobotSpaceExplorer:SwiftStep+1"],"picked":"RobotSpaceExplorer:LuckyStrike+1","floor":28},{"not_picked":["RobotSpaceExplorer:FrostMissile","RobotSpaceExplorer:MetalStrike"],"picked":"RobotSpaceExplorer:ScrapMissile","floor":28}],"player_experience":322191,"relics_obtained":[{"floor":7.0,"key":"Replay:Mystery Machine"},{"floor":11.0,"key":"Replay:WaspNest"},{"floor":13.0,"key":"Boot"},{"floor":26.0,"key":"Potion Belt"}],"event_choices":[],"is_beta":true,"boss_relics":[{"not_picked":["Kintsugi","Pandora\u0027s Box"],"picked":"Black Star"}],"items_purged_floors":[],"is_endless":false,"potions_floor_spawned":[1,7,16,21,22,28],"killed_by":"Gensokyo:Kaguya","ascension_level":0}}