{"host":"56qj8mvhgmcu65ix","time":1609316398,"event":{"mods":["AchievementEnabler","BaseMod","Better Vampires","Colored Map","Colored Powertips","DeckTracker","Highlight Path","Minty Spire (QoL Compilation)","Permanent Neow","Quick Restart","Rare Cards Sparkle","Relic Stats","StSLib","everything is the same but u backflip on backflip","slay the spire mod where everything is the same but ironclad has a cowboy hat"],"gold_per_floor":[116,134,145,145,145,145,177,192,217,217,217,235,41,60,60,157,157,170,95,75,88,104,104,121,121,148,180,180,180,212,85,85,182,182,197,197,216,236,236,236,255,278,328,350,383,383,27,45,45,45],"floor_reached":51,"playtime":2790,"items_purged":["Regret","Strike_B","Parasite"],"score":881,"play_id":"4d1bd5dc-586d-4e34-b5c8-e7b47f69ef6c","local_time":"20201230021958","is_ascension_mode":true,"campfire_choices":[{"data":"Zap","floor":6.0,"key":"SMITH"},{"data":"All For One","floor":11.0,"key":"SMITH"},{"data":"Redo","floor":15.0,"key":"SMITH"},{"data":"Echo Form","floor":23.0,"key":"SMITH"},{"data":"Go for the Eyes","floor":29.0,"key":"SMITH"},{"data":"White Noise","floor":32.0,"key":"SMITH"},{"data":"Dualcast","floor":40.0,"key":"SMITH"},{"data":"Go for the Eyes","floor":46.0,"key":"SMITH"},{"floor":49,"key":"REST"}],"circlet_count":0,"master_deck":["Zap+1","Dualcast+1","Compile Driver","Gash","All For One+1","Skim","Glacier","Go for the Eyes+1","Self Repair","Redo+1","Echo Form+1","Go for the Eyes+1","Loop+1","Scrape+1","Core Surge","White Noise+1","Conserve Battery","Core Surge","Auto Shields","Force Field","Core Surge","Amplify","Creative AI","Gash","Gash","Gash","Double Energy+1","Reboot","Madness","Madness"],"relics":["Cracked Core","Turnip","Orichalcum","Oddly Smooth Stone","Bag of Preparation","Runic Pyramid","Lizard Tail","Tiny Chest","Pear","Enchiridion","Shuriken","Pandora\u0027s Box","CeramicFish","Bronze Scales"],"acts_visited":["Exordium","TheCity","TheBeyond"],"potions_floor_usage":[50,50],"damage_taken":[{"damage":7.0,"enemies":"Jaw Worm","floor":1.0,"turns":3.0},{"damage":0.0,"enemies":"Small Slimes","floor":2.0,"turns":2.0},{"damage":1.0,"enemies":"Cultist","floor":3.0,"turns":3.0},{"damage":29.0,"enemies":"3 Sentries","floor":7.0,"turns":6.0},{"damage":5.0,"enemies":"2 Fungi Beasts","floor":8.0,"turns":3.0},{"damage":3.0,"enemies":"Exordium Wildlife","floor":12.0,"turns":3.0},{"damage":12.0,"enemies":"Large Slime","floor":14.0,"turns":5.0},{"damage":10.0,"enemies":"Slime Boss","floor":16.0,"turns":7.0},{"damage":8.0,"enemies":"Shell Parasite","floor":18.0,"turns":6.0},{"damage":2.0,"enemies":"Chosen","floor":21.0,"turns":4.0},{"damage":6.0,"enemies":"Snake Plant","floor":22.0,"turns":5.0},{"damage":4.0,"enemies":"Snecko","floor":24.0,"turns":5.0},{"damage":17.0,"enemies":"Gremlin Leader","floor":27.0,"turns":8.0},{"damage":35.0,"enemies":"Slavers","floor":30.0,"turns":5.0},{"damage":39.0,"enemies":"Collector","floor":33.0,"turns":9.0},{"damage":8.0,"enemies":"Orb Walker","floor":35.0,"turns":4.0},{"damage":7.0,"enemies":"3 Shapes","floor":37.0,"turns":3.0},{"damage":8.0,"enemies":"Sphere and 2 Shapes","floor":38.0,"turns":6.0},{"damage":0.0,"enemies":"Transient","floor":39.0,"turns":1.0},{"damage":9.0,"enemies":"4 Shapes","floor":41.0,"turns":6.0},{"damage":0.0,"enemies":"Maw","floor":44.0,"turns":7.0},{"damage":6.0,"enemies":"Writhing Mass","floor":45.0,"turns":5.0},{"damage":66,"enemies":"Donu and Deca","floor":50,"turns":6}],"seed_played":"687576250257006841","potions_obtained":[{"floor":2.0,"key":"SpeedPotion"},{"floor":8.0,"key":"LiquidMemories"},{"floor":12.0,"key":"SmokeBomb"},{"floor":14.0,"key":"Block Potion"},{"floor":16.0,"key":"Explosive Potion"},{"floor":20.0,"key":"Fruit Juice"},{"floor":21.0,"key":"PowerPotion"},{"floor":24.0,"key":"Explosive Potion"},{"floor":27.0,"key":"Regen Potion"},{"floor":30.0,"key":"DistilledChaos"},{"floor":37.0,"key":"SpeedPotion"},{"floor":41.0,"key":"SneckoOil"},{"floor":44.0,"key":"Swift Potion"}],"is_trial":false,"path_per_floor":["M","M","M","?","?","R","E","M","T","?","R","M","$","M","R","B",null,"M","?","?","M","M","R","M","?","T","E","?","R","E","$","R","B",null,"M","?","M","M","M","R","M","T","T","M","M","R","$","?","R","B",null],"character_chosen":"DEFECT","items_purchased":["Self Repair","Redo","Conserve Battery","Reboot","PowerPotion","Block Potion"],"campfire_rested":1,"item_purchase_floors":[13,13,31,47,47,47],"current_hp_per_floor":[61,61,60,60,60,60,31,26,26,26,26,23,23,18,18,15,55,54,54,59,64,65,65,68,68,68,75,59,59,45,45,45,13,66,58,58,51,50,50,50,55,55,55,69,70,70,70,60,80,21],"gold":45,"neow_bonus":"ONE_RARE_RELIC","is_daily":false,"chose_seed":false,"campfire_upgraded":8,"win_rate":0.0,"timestamp":1609316398,"path_taken":["M","M","M","?","?","R","E","?","T","?","R","M","$","M","R","BOSS","M","?","?","?","M","R","M","?","T","E","?","R","E","$","R","BOSS","M","?","M","M","?","R","M","?","T","M","M","R","$","?","R","BOSS"],"items_purchased_type":["Card","Card","Card","Card","Potion","Potion"],"build_version":"2020-12-22","purchased_purges":3,"victory":true,"max_hp_per_floor":[68,68,68,68,68,68,68,68,68,68,68,68,68,68,68,68,68,68,68,73,73,73,73,73,73,73,83,83,83,83,83,83,83,83,83,83,83,83,83,83,83,83,83,83,83,83,80,80,80,80],"relic_stats":{"Lizard Tail":0,"counters":[23,111],"Shuriken":[23],"CeramicFish":54,"Bronze Scales":[51],"Tiny Chest":1,"Pandora\u0027s Box":["Auto Shields","Force Field","Core Surge","Amplify","Creative AI"],"Turnip":[19],"Bag of Preparation":[36],"Orichalcum":[132],"obtain_stats":[{"Pear":27,"CeramicFish":42,"Oddly Smooth Stone":7,"Enchiridion":28,"Bag of Preparation":9,"Orichalcum":4,"Lizard Tail":25,"Shuriken":30,"Bronze Scales":43,"Tiny Chest":26,"Pandora\u0027s Box":34,"Turnip":0,"Cracked Core":0,"Runic Pyramid":17},{"Pear":13,"CeramicFish":20,"Oddly Smooth Stone":4,"Enchiridion":13,"Bag of Preparation":5,"Orichalcum":3,"Lizard Tail":12,"Shuriken":14,"Bronze Scales":20,"Tiny Chest":12,"Pandora\u0027s Box":15,"Turnip":0,"Cracked Core":0,"Runic Pyramid":8},{"Pear":60,"CeramicFish":93,"Oddly Smooth Stone":14,"Enchiridion":60,"Bag of Preparation":17,"Orichalcum":8,"Lizard Tail":52,"Shuriken":65,"Bronze Scales":93,"Tiny Chest":52,"Pandora\u0027s Box":74,"Turnip":0,"Cracked Core":0,"Runic Pyramid":32}]},"card_choices":[{"not_picked":["Stack","Force Field"],"picked":"Compile Driver","floor":1.0},{"not_picked":["Rebound","Scrape"],"picked":"Gash","floor":2.0},{"not_picked":["Rip and Tear","Static Discharge"],"picked":"All For One","floor":3.0},{"not_picked":["Streamline","Aggregate"],"picked":"Glacier","floor":7.0},{"not_picked":["Rip and Tear","Go for the Eyes","Steam"],"picked":"SKIP","floor":8.0},{"not_picked":["Leap","Compile Driver"],"picked":"Go for the Eyes","floor":12.0},{"not_picked":["Cold Snap","Coolheaded","Doom and Gloom"],"picked":"SKIP","floor":14.0},{"not_picked":["Fission","Multi-Cast"],"picked":"Echo Form","floor":16.0},{"not_picked":["Ball Lightning","Tempest"],"picked":"Go for the Eyes","floor":18.0},{"not_picked":["Conserve Battery","Go for the Eyes"],"picked":"Loop+1","floor":21.0},{"not_picked":["Auto Shields","Redo"],"picked":"Scrape+1","floor":22.0},{"not_picked":["Cold Snap","Go for the Eyes+1","Barrage"],"picked":"SKIP","floor":24.0},{"not_picked":["Streamline","Skim+1"],"picked":"Core Surge","floor":27.0},{"not_picked":["Leap","Go for the Eyes+1"],"picked":"White Noise","floor":30.0},{"not_picked":["Fission","Biased Cognition"],"picked":"Core Surge","floor":33.0},{"not_picked":["Ball Lightning+1","Loop+1"],"picked":"Gash","floor":35.0},{"not_picked":["Auto Shields+1","Beam Cell","Streamline"],"picked":"SKIP","floor":37.0},{"not_picked":["Go for the Eyes+1","Rebound+1","Compile Driver"],"picked":"SKIP","floor":38.0},{"not_picked":["Turbo","Stack","Consume"],"picked":"SKIP","floor":41.0},{"not_picked":["Streamline+1","Self Repair+1"],"picked":"Gash","floor":44.0},{"not_picked":["Rebound","Ball Lightning"],"picked":"Double Energy+1","floor":45.0}],"player_experience":306614,"relics_obtained":[{"floor":7.0,"key":"Oddly Smooth Stone"},{"floor":9.0,"key":"Bag of Preparation"},{"floor":26.0,"key":"Tiny Chest"},{"floor":27.0,"key":"Pear"},{"floor":28.0,"key":"Enchiridion"},{"floor":30.0,"key":"Shuriken"},{"floor":42.0,"key":"CeramicFish"},{"floor":43.0,"key":"Bronze Scales"}],"event_choices":[{"damage_healed":0.0,"max_hp_gain":0.0,"max_hp_loss":0.0,"gold_gain":0.0,"event_name":"Big Fish","player_choice":"Box","floor":4.0,"gold_loss":0.0,"damage_taken":0.0,"relics_obtained":["Orichalcum"],"cards_obtained":["Regret"]},{"damage_healed":0.0,"max_hp_gain":0.0,"max_hp_loss":0.0,"gold_gain":0.0,"cards_transformed":["Defend_B"],"event_name":"Transmorgrifier","player_choice":"Transformed","floor":5.0,"gold_loss":0.0,"damage_taken":0.0,"cards_obtained":["Skim"]},{"damage_healed":0.0,"max_hp_gain":0.0,"max_hp_loss":0.0,"gold_gain":0.0,"event_name":"Scrap Ooze","player_choice":"Fled","floor":10.0,"gold_loss":0.0,"damage_taken":0.0},{"cards_removed":["Strike_B"],"damage_healed":0.0,"max_hp_gain":0.0,"max_hp_loss":0.0,"gold_gain":0.0,"event_name":"Beggar","player_choice":"Gave Gold","floor":19.0,"gold_loss":75.0,"damage_taken":0.0},{"damage_healed":0.0,"max_hp_gain":0.0,"max_hp_loss":0.0,"gold_gain":0.0,"event_name":"The Woman in Blue","player_choice":"Bought 1 Potion","floor":20.0,"gold_loss":0.0,"damage_taken":0.0},{"damage_healed":0.0,"max_hp_gain":0.0,"max_hp_loss":0.0,"gold_gain":0.0,"event_name":"The Mausoleum","player_choice":"Opened","floor":25.0,"gold_loss":0.0,"damage_taken":0.0,"relics_obtained":["Lizard Tail"]},{"damage_healed":0.0,"max_hp_gain":0.0,"max_hp_loss":0.0,"gold_gain":0.0,"event_name":"Cursed Tome","player_choice":"Obtained Book","floor":28.0,"gold_loss":0.0,"damage_taken":16.0},{"damage_healed":0.0,"max_hp_gain":0.0,"max_hp_loss":0.0,"gold_gain":0.0,"event_name":"Duplicator","player_choice":"Copied","floor":36.0,"gold_loss":0.0,"damage_taken":0.0,"cards_obtained":["Gash"]},{"damage_healed":0,"gold_gain":0,"player_choice":"Embrace Madness","damage_taken":10,"max_hp_gain":0,"max_hp_loss":0,"event_name":"Winding Halls","floor":48,"gold_loss":0,"cards_obtained":["Madness","Madness"]}],"is_beta":false,"boss_relics":[{"not_picked":["Astrolabe","Snecko Eye"],"picked":"Runic Pyramid"},{"not_picked":["Empty Cage","Runic Dome"],"picked":"Pandora\u0027s Box"}],"items_purged_floors":[13,31,47],"is_endless":false,"potions_floor_spawned":[2,8,12,14,16,21,24,27,30,37,41,44],"ascension_level":6}}