{"host":"rqr5ppifgk2pyouj","time":1609299255,"event":{"mods":["AchievementEnabler","Act Like it!","Aspiration","BaseMod","Beaked The Cultist","Better Match","Better Note","Better Vampires","Better-Laid Plans","BetterRewards","Block Reminder","Colored Map","Colored Powertips","Conspire","Curses Come First","Custom Start","Defuse TimeMaze Blight","Downfall","Elementarium","Energized Spire","GifTheSpireLib","Hermit","Hubris","Infinite Spire","Minty Spire (QoL Compilation)","Pale of the Ancients","Random Character Button","Rare Cards Sparkle","RatMod","Replay The Spire","Reworked Bosses","Shop Mod","Spikes Relics","StSLib","Stuff the Spire","The Construct","The Hierophant","The Marked","The Poker Player","The Runesmith","The Spell Scribe","TheArtist","TheBandit","Trackpad","Unceasing Turn Reminder","Waifu the Spire","vexMod"],"gold_per_floor":[115,126,139,158,123,123,123],"floor_reached":6,"playtime":1689,"items_purged":[],"score":40,"play_id":"59b2cd2c-8157-4a0f-9194-140a8b4da272","local_time":"20201229213415","is_ascension_mode":true,"campfire_choices":[],"circlet_count":0,"master_deck":["construct:Strike_Gold","construct:Strike_Gold","construct:Strike_Gold","construct:Strike_Gold","construct:Strike_Gold","construct:Defend_Gold","construct:Defend_Gold","construct:Defend_Gold","construct:Defend_Gold","construct:Defend_Gold","construct:AttackMode","construct:DefenseMode+1","construct:Reinforce","construct:SweepLaser","construct:OneWayMirror","construct:Autoturret"],"relics":["construct:ClockworkPhoenix"],"acts_visited":["Exordium"],"potions_floor_usage":[6],"damage_taken":[{"damage":33,"enemies":"infinitespire:Voidling","floor":1,"turns":11},{"damage":19,"enemies":"Jaw Worm","floor":2,"turns":7},{"damage":6,"enemies":"conspire:RoseBush","floor":3,"turns":8},{"damage":27,"enemies":"Gremlin Gang","floor":4,"turns":12},{"damage":57,"enemies":"3 Sentries","floor":6,"turns":31}],"seed_played":"-5830656246522505853","potions_obtained":[{"floor":2,"key":"Dexterity Potion"}],"is_trial":false,"path_per_floor":["M","M","M","M","?","E"],"character_chosen":"THE_CONSTRUCT_MOD","items_purchased":[],"campfire_rested":0,"item_purchase_floors":[],"current_hp_per_floor":[80,61,55,28,49,0,0],"gold":123,"neow_bonus":"UPGRADE_CARD","is_daily":false,"chose_seed":false,"campfire_upgraded":0,"win_rate":0.0,"timestamp":1609299255,"path_taken":["M","?","M","M","?","E"],"items_purchased_type":[],"build_version":"2020-12-22","purchased_purges":0,"victory":false,"max_hp_per_floor":[85,85,85,85,85,85,85],"card_choices":[{"not_picked":["construct:MetalShell","construct:Backfire"],"picked":"construct:Reinforce","floor":1},{"not_picked":["construct:ModeShift","construct:FlammableFog"],"picked":"construct:SweepLaser","floor":2},{"not_picked":["construct:ChargeShot","construct:Dampening"],"picked":"construct:OneWayMirror","floor":3},{"not_picked":["construct:Isolate","construct:Afterburners"],"picked":"construct:Autoturret","floor":4}],"player_experience":860105,"relics_obtained":[],"event_choices":[{"damage_healed":21,"gold_gain":0,"player_choice":"Healed","damage_taken":0,"max_hp_gain":0,"max_hp_loss":0,"event_name":"The Cleric","floor":5,"gold_loss":35}],"is_beta":false,"boss_relics":[],"items_purged_floors":[],"is_endless":false,"potions_floor_spawned":[2],"killed_by":"3 Sentries","ascension_level":1}}