{"host":"u9xtr94typ21duox","time":1609305634,"event":{"mods":["BaseMod","Key Reminder","KinomotoSakuraMod(木之本樱)","LagranYue(拉格朗・月)","Marisa（F雨　魔理沙）","Minty Spire (QoL Compilation)","Reimu（博丽灵梦）","Remilia（蕾米莉亚）","Replay The Spire","StSLib","Td1madao Mod","The Administrix","The Bladedancer","The Bug Knight","The Construct","The Cursed","The Gatherer","The Runesmith","The Servant 0.9.4","WarShipGirlsR/战舰少女R mod","Youmu（魂魄妖梦）","vexMod"],"gold_per_floor":[114,134,151,151,101,132,132,87,87,87,99,434,434,451,451,556,556,571,266,266,0,0,32,32,63,63,50,85,85,85],"floor_reached":29,"playtime":1565,"items_purged":["Normality","Strike_S"],"score":440,"play_id":"5635cb3e-9c22-4cec-a2ca-53084e898c9c","local_time":"20201230132034","is_ascension_mode":true,"campfire_choices":[{"data":"BestPractice","floor":7,"key":"SMITH"},{"data":"SurpressingFire","floor":10,"key":"SMITH"},{"data":"SilverBlades","floor":13,"key":"SMITH"},{"data":"SurpressingFire","floor":15,"key":"SMITH"}],"circlet_count":0,"master_deck":["Strike_S","Strike_S","Defend_S","Defend_S","Defend_S","Defend_S","KidneyShot","Exchange","BestPractice+1","SurpressingFire+1","SurpressingFire+1","Rearm","Misdirection","GearUp","SilverBlades+1","BottledTime","KillingDoll","Ricochet","Comet","Pot Of Greed+1","Pot Of Greed+1","Lust_TH","ShiftingGears","StarChef"],"relics":["Uniform","LagranYue:RandomDrawCardRelic","NeowsBlessing","ReplayTheSpireMod:CursedCoin","Pondfish Scales","keyreminder:keyreminder","Old Coin","vexMod:TanglingVine","Simple Rune","Membership Card","Mastiff:ReiMu","Grinning Jar","Blood Vial","Mercury Hourglass","HollowMod:LifeEnderRelic"],"acts_visited":["Exordium","TheCity"],"potions_floor_usage":[25,27,28,28],"damage_taken":[{"damage":0,"enemies":"Cultist","floor":1,"turns":1},{"damage":0,"enemies":"Jaw Worm","floor":2,"turns":1},{"damage":0,"enemies":"Small Slimes","floor":3,"turns":1},{"damage":6,"enemies":"HollowMod:MossKnight","floor":6,"turns":17},{"damage":1,"enemies":"Looter","floor":8,"turns":5},{"damage":0,"enemies":"3 Louse","floor":11,"turns":6},{"damage":0,"enemies":"Lagavulin","floor":12,"turns":11},{"damage":5,"enemies":"Exordium Wildlife","floor":14,"turns":6},{"damage":32,"enemies":"Slime Boss","floor":16,"turns":19},{"damage":0,"enemies":"Chosen","floor":18,"turns":6},{"damage":2,"enemies":"Book of Stabbing","floor":23,"turns":6},{"damage":12,"enemies":"Gremlin Leader","floor":25,"turns":5},{"damage":10,"enemies":"2 Thieves","floor":27,"turns":5},{"damage":28,"enemies":"Slavers","floor":28,"turns":4},{"damage":22,"enemies":"3 Cultists","floor":29,"turns":3}],"seed_played":"-8248387103500349386","potions_obtained":[{"floor":2,"key":"Regen Potion"},{"floor":12,"key":"GamblersBrew"},{"floor":14,"key":"GamblersBrew"},{"floor":16,"key":"Elixir"},{"floor":23,"key":"Swift Potion"},{"floor":25,"key":"SneckoOil"}],"is_trial":false,"path_per_floor":["M","M","M","?","$","E","R","M","T","R","M","E","R","M","R","B",null,"M","$","?","$","?","E","?","E","T","M","E","M"],"character_chosen":"THE_SERVANT","items_purchased":["SurpressingFire","Rearm","ReplayTheSpireMod:CursedCoin","Ricochet","Simple Rune","Membership Card","Comet","Mastiff:ReiMu"],"campfire_rested":0,"item_purchase_floors":[5,5,5,19,19,21,21,21],"current_hp_per_floor":[59,59,59,59,59,53,53,52,52,52,52,52,52,47,47,15,53,53,53,53,53,53,51,51,39,39,31,14,0,0],"gold":85,"neow_bonus":"THREE_ENEMY_KILL","is_daily":false,"chose_seed":false,"campfire_upgraded":4,"win_rate":0.0,"timestamp":1609305634,"path_taken":["M","M","?","?","$","E","R","M","T","R","?","E","R","M","R","BOSS","M","$","?","$","?","E","?","E","T","M","E","M"],"items_purchased_type":["Card","Card","Relic","Card","Relic","Relic","Card","Relic"],"build_version":"2020-12-22","purchased_purges":2,"victory":false,"max_hp_per_floor":[65,65,65,65,65,65,65,65,65,65,65,65,65,65,65,65,65,65,65,65,65,65,65,65,65,65,65,65,65,65],"card_choices":[{"not_picked":["Replace","Unruled","TimeWarp"],"picked":"SKIP","floor":1},{"not_picked":["Starlight","Spin","Ricochet"],"picked":"SKIP","floor":2},{"not_picked":["MoonPhase","Advance"],"picked":"BestPractice","floor":3},{"not_picked":["Replace","LightFlow"],"picked":"Misdirection","floor":6},{"not_picked":["StarChef","Rearm"],"picked":"GearUp","floor":8},{"not_picked":["Sabotage","Revamp","Alleviate"],"picked":"SKIP","floor":11},{"not_picked":["Snipe","Ricochet"],"picked":"SilverBlades","floor":12},{"not_picked":["TimeWarp","Foresight"],"picked":"BottledTime","floor":14},{"not_picked":["Initiator","FloweringNight"],"picked":"KillingDoll","floor":16},{"not_picked":["Alleviate+1","RealityMarble+1","Rewind+1"],"picked":"SKIP","floor":18},{"not_picked":["FastForward+1","Unruled","Deny"],"picked":"SKIP","floor":23},{"not_picked":["Alleviate","Rewind"],"picked":"ShiftingGears","floor":25},{"not_picked":["Alleviate","FanOfKnives","Spin"],"picked":"SKIP","floor":27},{"not_picked":["BottledTime","MoonPhase"],"picked":"StarChef","floor":28}],"player_experience":257897,"relics_obtained":[{"floor":6,"key":"Pondfish Scales"},{"floor":12,"key":"Old Coin"},{"floor":23,"key":"Grinning Jar"},{"floor":25,"key":"Blood Vial"},{"floor":26,"key":"Mercury Hourglass"},{"floor":28,"key":"HollowMod:LifeEnderRelic"}],"event_choices":[{"damage_healed":0,"gold_gain":0,"cards_transformed":["Strike_S"],"player_choice":"Transformed","damage_taken":0,"max_hp_gain":0,"max_hp_loss":0,"event_name":"Transmorgrifier","floor":4,"gold_loss":0,"cards_obtained":["SurpressingFire"]}],"is_beta":false,"boss_relics":[{"not_picked":["SacredBark","vexMod:CursedCompass"],"picked":"vexMod:TanglingVine"}],"items_purged_floors":[5,19],"is_endless":false,"potions_floor_spawned":[2,12,14,16,23,25],"killed_by":"3 Cultists","ascension_level":8}}