{"host":"lreod2rejfd0az5i","time":1609314565,"event":{"mods":["AchievementEnabler","Aspiration","BaseMod","Colored Powertips","Conspire","Downfall","Highlight Path","Hubris","Infinite Spire","Mad Scientist","Minty Spire (QoL Compilation)","Rare Cards Sparkle","Relic Stats","Replay The Spire","StSLib","The Bug Knight","The Jungle"],"gold_per_floor":[112,112,112,127,127,127,153,163,244,254,272,272,369,394,394,471,471,490,86,86,1,1,30,30,62,62,62,73,98,98,116,116,188,188,205,185,185,196,216,216,236,262,286,286,286,286,312,140,140,140,140],"floor_reached":50,"playtime":1481,"items_purged":[],"score":1327,"play_id":"c44b3c3c-1964-492c-a3a0-25b48ac7bae3","local_time":"20201230004925","is_ascension_mode":true,"campfire_choices":[{"data":"infinitespire:FinalStrike","floor":6,"key":"SMITH"},{"floor":12,"key":"REST"},{"floor":15,"key":"REST"},{"floor":24,"key":"REST"},{"floor":30,"key":"REST"},{"floor":32,"key":"REST"},{"floor":40,"key":"REST"},{"floor":44,"key":"REST"},{"floor":49,"key":"REST"}],"circlet_count":0,"master_deck":["AscendersBane","Strike_R+2","Strike_R","Strike_R+1","Strike_R+1","Strike_R","Defend_R","Defend_R+1","Defend_R","Defend_R","Bash","Flame Barrier","infinitespire:FinalStrike+1","Shrug It Off","Perfected Strike","Cleave+1","Twin Strike","Immolate","Battle Trance","Apotheosis","Pommel Strike+1","Shrug It Off+1","conspire:HitWhereItHurts","Pommel Strike+1","Body Slam+1","Barricade+1"],"relics":["Replay:Bronze Core","Ring of Hypnosis","Ring of Searing","Spirit Poop","Peace Pipe","Replay:Accelerometer","King of Hearts","Pet Ghost","Mark of Pain","HandDrill","MutagenicStrength","Gremlin Food","Vajra","aspiration:DSix","Gremlin Horn","Mummified Hand","Replay:Baseball","Blood Vial","hubris:Towel","hubris:ChampionShield","Simple Rune"],"acts_visited":["Exordium","TheCity","TheBeyond"],"potions_floor_usage":[7,16,23,29,29,33,50],"damage_taken":[{"damage":2,"enemies":"Jaw Worm","floor":1,"turns":3},{"damage":10,"enemies":"Cultist","floor":4,"turns":3},{"damage":22,"enemies":"Lagavulin","floor":7,"turns":4},{"damage":0,"enemies":"Small Slimes","floor":8,"turns":2},{"damage":0,"enemies":"2 Fungi Beasts","floor":10,"turns":2},{"damage":0,"enemies":"Looter","floor":11,"turns":2},{"damage":0,"enemies":"Gremlin Nob","floor":14,"turns":2},{"damage":35,"enemies":"Fading Forest","floor":16,"turns":13},{"damage":5,"enemies":"Chosen","floor":18,"turns":2},{"damage":24,"enemies":"Gremlin Leader","floor":23,"turns":3},{"damage":10,"enemies":"Book of Stabbing","floor":25,"turns":3},{"damage":0,"enemies":"Spheric Guardian","floor":28,"turns":3},{"damage":11,"enemies":"Slavers","floor":29,"turns":3},{"damage":0,"enemies":"Snake Plant","floor":31,"turns":2},{"damage":29,"enemies":"hubris:MusketHawk","floor":33,"turns":5},{"damage":11,"enemies":"3 Shapes","floor":35,"turns":3},{"damage":0,"enemies":"Orb Walker","floor":38,"turns":1},{"damage":21,"enemies":"Spire Growth","floor":39,"turns":3},{"damage":5,"enemies":"4 Shapes","floor":41,"turns":3},{"damage":23,"enemies":"R_Hoarder","floor":42,"turns":5},{"damage":16,"enemies":"Nemesis","floor":47,"turns":3},{"damage":87,"enemies":"conspire:OrnateMirror","floor":50,"turns":2}],"seed_played":"-1395158736659336614","potions_obtained":[{"floor":1,"key":"DistilledChaos"},{"floor":8,"key":"Milkshake"},{"floor":16,"key":"Flashbang"},{"floor":23,"key":"Block Potion"},{"floor":28,"key":"SteroidPotion"},{"floor":31,"key":"ColorlessPotion"},{"floor":33,"key":"LiquidBronze"},{"floor":36,"key":"Venom Potion"},{"floor":39,"key":"Ancient Potion"},{"floor":41,"key":"HeartOfIron"}],"is_trial":false,"path_per_floor":["M","?","?","M","?","R","E","M","T","M","M","R","?","E","R","B",null,"M","$","?","?","?","E","R","E","T","?","M","E","R","M","R","B",null,"M","?","$","M","M","R","M","E","T","R","?","?","E","$","R","B"],"character_chosen":"IRONCLAD","items_purchased":["Apotheosis","HandDrill","Pommel Strike+1","Simple Rune"],"campfire_rested":8,"item_purchase_floors":[19,19,19,48],"current_hp_per_floor":[66,66,66,56,39,39,17,17,17,17,17,39,39,39,61,54,70,65,65,65,65,65,41,63,53,53,32,32,21,45,45,69,40,70,59,59,59,59,38,62,57,34,34,58,58,58,44,44,68,0,0],"gold":140,"neow_bonus":"BOSS_RELIC","is_daily":false,"chose_seed":false,"campfire_upgraded":1,"win_rate":0.0,"timestamp":1609314565,"path_taken":["M","?","?","?","?","R","E","M","T","M","M","R","?","E","R","BOSS","M","$","?","?","?","E","R","E","T","?","M","E","R","M","R","BOSS","M","?","?","?","M","R","M","E","T","R","?","?","E","$","R","BOSS"],"items_purchased_type":["Card","Relic","Card","Relic"],"build_version":"2020-12-22","purchased_purges":0,"victory":false,"max_hp_per_floor":[75,75,75,75,75,75,75,75,75,75,75,75,75,75,75,75,75,75,75,75,75,75,75,75,75,75,80,80,80,80,80,80,80,80,80,80,80,80,80,80,80,80,80,80,80,80,80,80,80,80,80],"relic_stats":{"Peace Pipe":0,"Blood Vial":4,"Gremlin Horn":[16,17],"counters":[22,72],"Mummified Hand":[0],"HandDrill":[18],"obtain_stats":[{"Gremlin Food":21,"Replay:Accelerometer":9,"Ring of Hypnosis":2,"Gremlin Horn":26,"Spirit Poop":3,"Vajra":23,"King of Hearts":13,"hubris:Towel":45,"Burning Blood":0,"Pet Ghost":14,"Ring of Searing":2,"Peace Pipe":7,"Blood Vial":43,"Replay:Baseball":42,"Mummified Hand":29,"Replay:Bronze Core":0,"MutagenicStrength":20,"Simple Rune":48,"Mark of Pain":17,"HandDrill":19,"hubris:ChampionShield":47,"aspiration:DSix":25},{"Gremlin Food":9,"Replay:Accelerometer":4,"Ring of Hypnosis":1,"Gremlin Horn":11,"Spirit Poop":1,"Vajra":10,"King of Hearts":6,"hubris:Towel":20,"Burning Blood":0,"Pet Ghost":7,"Ring of Searing":1,"Peace Pipe":3,"Blood Vial":20,"Replay:Baseball":20,"Mummified Hand":13,"Replay:Bronze Core":0,"MutagenicStrength":9,"Simple Rune":21,"Mark of Pain":8,"HandDrill":9,"hubris:ChampionShield":21,"aspiration:DSix":11},{"Gremlin Food":33,"Replay:Accelerometer":12,"Ring of Hypnosis":3,"Gremlin Horn":39,"Spirit Poop":3,"Vajra":36,"King of Hearts":16,"hubris:Towel":67,"Burning Blood":0,"Pet Ghost":18,"Ring of Searing":3,"Peace Pipe":10,"Blood Vial":67,"Replay:Baseball":67,"Mummified Hand":45,"Replay:Bronze Core":0,"MutagenicStrength":33,"Simple Rune":70,"Mark of Pain":31,"HandDrill":33,"hubris:ChampionShield":70,"aspiration:DSix":39}]},"card_choices":[{"not_picked":["ReplayTheSpireMod:Limb From Limb","hubris:ReadiedAction"],"picked":"Flame Barrier","floor":1},{"not_picked":["Evolve","Defy Death","hubris:ReadiedAction"],"picked":"SKIP","floor":4},{"not_picked":["ReplayTheSpireMod:Black Plague","infinitespire:NeuralNetwork"],"picked":"infinitespire:FinalStrike","floor":5},{"not_picked":["Battle Trance","Headbutt","Second Wind"],"picked":"SKIP","floor":7},{"not_picked":["Searing Blow","Life Link"],"picked":"Shrug It Off","floor":8},{"not_picked":["Heavy Blade","hubris:CleavingFinish"],"picked":"Perfected Strike","floor":10},{"not_picked":["Heavy Blade","Body Slam"],"picked":"Cleave","floor":11},{"not_picked":["Juggernaut","Feed"],"picked":"Twin Strike","floor":14},{"not_picked":["Feed","Impervious"],"picked":"Immolate","floor":16},{"not_picked":["Twin Strike","Sword Boomerang+1"],"picked":"Battle Trance","floor":18},{"not_picked":["Feel No Pain","ReplayTheSpireMod:Strike From Hell+1"],"picked":"Shrug It Off","floor":23},{"not_picked":["Iron Wave","Spot Weakness","Rupture"],"picked":"SKIP","floor":25},{"not_picked":["ReplayTheSpireMod:Muscle Training","Replay:Undeath\u0027s Touch","Headbutt"],"picked":"SKIP","floor":28},{"not_picked":["Run Through","Hemokinesis","Infernal Blade"],"picked":"SKIP","floor":29},{"not_picked":["Second Wind","True Grit","Iron Wave"],"picked":"SKIP","floor":31},{"not_picked":["Bludgeon","Immolate"],"picked":"conspire:HitWhereItHurts","floor":33},{"not_picked":["Thunderclap","Flame Barrier","Warcry"],"picked":"SKIP","floor":35},{"not_picked":["Heavy Blade","Iron Wave"],"picked":"Pommel Strike+1","floor":38},{"not_picked":["Pommel Strike","Feel No Pain","ReplayTheSpireMod:Corrosion Curse"],"picked":"SKIP","floor":39},{"not_picked":["hubris:ReadiedAction","Havoc"],"picked":"Body Slam+1","floor":41},{"not_picked":["Anger","Power Through","Impervious"],"picked":"SKIP","floor":42},{"not_picked":["Run Through","Clash"],"picked":"Barricade","floor":47}],"player_experience":876326,"relics_obtained":[{"floor":2,"key":"Ring of Hypnosis"},{"floor":2,"key":"Ring of Searing"},{"floor":7,"key":"Peace Pipe"},{"floor":9,"key":"Replay:Accelerometer"},{"floor":13,"key":"King of Hearts"},{"floor":14,"key":"Pet Ghost"},{"floor":23,"key":"Vajra"},{"floor":25,"key":"aspiration:DSix"},{"floor":26,"key":"Gremlin Horn"},{"floor":29,"key":"Mummified Hand"},{"floor":42,"key":"Replay:Baseball"},{"floor":43,"key":"Blood Vial"},{"floor":47,"key":"hubris:ChampionShield"}],"event_choices":[{"cards_removed":["Normality"],"damage_healed":0,"gold_gain":0,"player_choice":"Offered Curse","damage_taken":0,"relics_obtained":["Spirit Poop"],"max_hp_gain":0,"max_hp_loss":0,"event_name":"Bonfire Elementals","floor":3,"gold_loss":0},{"damage_healed":0,"gold_gain":0,"player_choice":"Inject Mutagens","damage_taken":0,"relics_obtained":["MutagenicStrength"],"max_hp_gain":0,"max_hp_loss":0,"event_name":"Drug Dealer","floor":20,"gold_loss":0},{"damage_healed":0,"gold_gain":0,"player_choice":"Obtained Relic","damage_taken":0,"relics_obtained":["Gremlin Food"],"max_hp_gain":0,"max_hp_loss":0,"event_name":"Addict","floor":21,"gold_loss":85},{"damage_healed":0,"gold_gain":0,"player_choice":"Shed Blood","damage_taken":26,"max_hp_gain":5,"max_hp_loss":0,"event_name":"Forgotten Altar","floor":27,"gold_loss":0},{"damage_healed":0,"gold_gain":0,"player_choice":"Bought 1 Potion","damage_taken":0,"max_hp_gain":0,"max_hp_loss":0,"event_name":"The Woman in Blue","floor":36,"gold_loss":0},{"damage_healed":0,"gold_gain":0,"player_choice":"Ignored","damage_taken":0,"max_hp_gain":0,"max_hp_loss":0,"event_name":"Mysterious Sphere","floor":46,"gold_loss":0}],"is_beta":false,"boss_relics":[{"not_picked":["Coffee Dripper","Empty Cage"],"picked":"Mark of Pain"},{"not_picked":["hubris:RunicObelisk","Replay:Drink Me","Kintsugi"]}],"items_purged_floors":[],"is_endless":false,"potions_floor_spawned":[1,8,16,23,28,31,33,39,41,47],"killed_by":"conspire:OrnateMirror","ascension_level":20}}