{"host":"2lvuisjyit3p3u01","time":1609349765,"event":{"mods":["Act Like it!","BaseMod","Bestiary","Better Synergies","CapriCore","Colored Map","Colored Powertips","Gensokyo","GifTheSpireLib","Marisa????????","Minty Spire (QoL Compilation)","Quick Restart","Remilia??????","Replay The Spire","StSLib","The Servant 0.9.4"],"gold_per_floor":[114,61,72,72,85,85,8,39,39,39,39,51,234,246,246,351,351,364,383,343,343,46,46,46],"floor_reached":23,"playtime":1455,"items_purged":[],"score":199,"play_id":"3d317f24-b074-46e5-a9eb-68b1b35e832f","local_time":"20201230193605","is_ascension_mode":false,"campfire_choices":[{"data":"StarOfDavid","floor":6,"key":"SMITH"},{"data":"CharismaGuard","floor":11,"key":"SMITH"}],"circlet_count":0,"master_deck":["Strike_RM","Strike_RM","Strike_RM","Strike_RM","Defend_RM","Defend_RM","Defend_RM","RedMoon","ScarletShoot","StarOfDavid+1","NightDance","RedRainbow","CharismaGuard+1","Maim+1","EquivalentExchange+1","MiserableFate+1","ScarletMeister+1","Gensokyo:BlemishedSteel","Gensokyo:LockedMedkit"],"relics":["ScarletHat","NeowsBlessing","Gensokyo:Justice","Meat on the Bone","Frozen Egg 2","Blue Doll","Centennial Puzzle","Busted Crown","Ice Cream","HandDrill"],"acts_visited":["Gensokyo:Gensokyo","Gensokyo:Gensokyoer"],"potions_floor_usage":[14,16,16],"damage_taken":[{"damage":0,"enemies":"Gensokyo:Python","floor":1,"turns":1},{"damage":0,"enemies":"Gensokyo:3_Fairies","floor":3,"turns":1},{"damage":0,"enemies":"Gensokyo:Gryphon","floor":5,"turns":1},{"damage":4,"enemies":"Gensokyo:Aya","floor":8,"turns":4},{"damage":0,"enemies":"Gensokyo:VengefulSpirit","floor":12,"turns":5},{"damage":11,"enemies":"Gensokyo:Cirno","floor":13,"turns":4},{"damage":0,"enemies":"Gensokyo:Gryphon_and_Rabbit","floor":14,"turns":5},{"damage":30,"enemies":"Gensokyo:Reimu","floor":16,"turns":12},{"damage":14,"enemies":"Gensokyo:AngelMirror","floor":18,"turns":2},{"damage":24,"enemies":"Gensokyo:3_Dogs","floor":19,"turns":7},{"damage":80,"enemies":"Gensokyo:Tenshi","floor":23,"turns":6}],"seed_played":"-8739532995053251140","potions_obtained":[{"floor":1,"key":"Elixir"},{"floor":8,"key":"LiquidBronze"},{"floor":13,"key":"DistilledChaos"}],"is_trial":false,"path_per_floor":["M","$","M","?","M","R","COS","E","T","?","R","M","E","M","R_BF","B",null,"M","M","?","?","COS","E"],"character_chosen":"REMILIA","items_purchased":["StarOfDavid"],"campfire_rested":0,"item_purchase_floors":[2],"current_hp_per_floor":[75,75,75,75,75,75,75,72,72,72,72,75,64,68,75,51,75,67,53,53,53,53,0,0],"gold":46,"neow_bonus":"THREE_ENEMY_KILL","is_daily":false,"chose_seed":false,"campfire_upgraded":2,"win_rate":0.0,"timestamp":1609349765,"path_taken":["M","$","?","?","M","R","COS","E","T","?","R","M","E","M","R_BF","BOSS","M","M","?","?","COS","E"],"items_purchased_type":["Card"],"build_version":"2020-12-22","purchased_purges":0,"victory":false,"max_hp_per_floor":[75,75,75,75,75,75,75,75,75,75,75,75,75,75,75,75,75,75,75,75,69,69,69,69],"card_choices":[{"not_picked":["BlasphemousPunishment","BloodHunter"],"picked":"AfternoonTea","floor":1},{"not_picked":["BloodyTrap","ChainGang"],"picked":"NightDance","floor":3},{"not_picked":["NightLord","ScarletDream"],"picked":"RedRainbow","floor":5},{"not_picked":["UnderTheZenith","RedMagic"],"picked":"CharismaGuard","floor":8},{"not_picked":["ScarletDevilSign","BlasphemousPunishment"],"picked":"Maim","floor":12},{"not_picked":["TwelveNightmare+1","ScarletDream"],"picked":"EquivalentExchange+1","floor":13},{"not_picked":["ScarletImprint","StarOfDavid"],"picked":"MiserableFate","floor":14},{"not_picked":["ChaoticDestiny","BloodyCatastrophe"],"picked":"ScarletMeister+1","floor":16},{"not_picked":["ScarletDevil"],"picked":"SKIP","floor":18},{"not_picked":["ScarletDevilSign"],"picked":"SKIP","floor":19}],"player_experience":209764,"relics_obtained":[{"floor":8,"key":"Meat on the Bone"},{"floor":9,"key":"Frozen Egg 2"},{"floor":13,"key":"Centennial Puzzle"}],"event_choices":[],"is_beta":false,"boss_relics":[{"not_picked":["Kintsugi","Honey Jar"],"picked":"Busted Crown"}],"items_purged_floors":[],"is_endless":false,"potions_floor_spawned":[1,8,13],"killed_by":"Gensokyo:Tenshi","ascension_level":0}}