{"host":"dntw6kil9p09eemm","time":1609359033,"event":{"mods":["Alarm Clock","BaseMod","Downfall","Minty Spire (QoL Compilation)","Permanent Neow","Replay The Spire","Shop Mod","StSLib"],"gold_per_floor":[210,210,225,245,245,276,276,80,80,101,101,115,115,138,138,266,266,287,170,170,188,188,188,288,28,54,54,54,67,88,101,101,230,230,255,255,274,274,337,337,337,304,304,42,62,62,85,100,100,100,100,100],"floor_reached":50,"playtime":2833,"items_purged":["hexamod:Defend","hexamod:GhostLash"],"score":492,"play_id":"794e6301-719d-40c6-86c1-c121a96963ee","local_time":"20201231051033","is_ascension_mode":false,"campfire_choices":[{"data":"hexamod:CatchUp","floor":13.0,"key":"SMITH"},{"data":"hexamod:Defend","floor":15.0,"key":"PURGE"},{"data":"hexamod:Float","floor":23.0,"key":"SMITH"},{"data":"hexamod:FastForward","floor":28.0,"key":"SMITH"},{"data":"hexamod:UnlimitedPower","floor":40.0,"key":"SMITH"},{"floor":46.0,"key":"REST"},{"floor":49,"key":"REST"}],"circlet_count":0,"master_deck":["hexamod:Sear","hexamod:Float+1","hexamod:CatchUp+1","hexamod:PhantomFireball","hexamod:HeatMetal","hexamod:FastForward+1","hexamod:VolcanoVisage","hexamod:GhostOfSpireFuture+1","hexamod:PhantomFireball+1","hexamod:UnlimitedPower+1","hexamod:PowerFromBeyond","hexamod:ShieldOfDarkness","hexamod:GhostflameInferno","hexamod:ExtraCrispy","hexamod:Firestarter+1","hexamod:BurningTouch+1","hexamod:ThermalTransfer+1","hexamod:RadiantFlame","hexamod:RadiantFlame","hexamod:PhantomFireball+1","hexamod:ThermalTransfer","hexamod:StepThrough+1"],"relics":["hexamod:SpiritBrand","Golden Idol","Replay:WaspNest","ReplayTheSpireMod:TigerMarble","MerchantsRug","Replay:Wax Seal","Ice Cream","hexamod:MatchstickCase","Enchiridion","Pandora\u0027s Box","Prayer Wheel","Letter Opener","Guardian:PocketSentry","Vajra"],"acts_visited":["Exordium","TheCity","TheBeyond"],"potions_floor_usage":[50,50],"damage_taken":[{"damage":0.0,"enemies":"Cultist","floor":1.0,"turns":3.0},{"damage":1.0,"enemies":"2 Louse","floor":3.0,"turns":2.0},{"damage":0.0,"enemies":"Jaw Worm","floor":4.0,"turns":3.0},{"damage":4.0,"enemies":"Gremlin Nob","floor":6.0,"turns":4.0},{"damage":0.0,"enemies":"Looter","floor":10.0,"turns":2.0},{"damage":8.0,"enemies":"3 Louse","floor":12.0,"turns":3.0},{"damage":5.0,"enemies":"Gremlin Gang","floor":14.0,"turns":3.0},{"damage":28.0,"enemies":"Hexaghost","floor":16.0,"turns":5.0},{"damage":0.0,"enemies":"Spheric Guardian","floor":18.0,"turns":3.0},{"damage":10.0,"enemies":"3 Byrds","floor":21.0,"turns":3.0},{"damage":0.0,"enemies":"Centurion and Healer","floor":29.0,"turns":5.0},{"damage":1.0,"enemies":"Cultist and Chosen","floor":30.0,"turns":3.0},{"damage":0.0,"enemies":"Sentry and Sphere","floor":31.0,"turns":2.0},{"damage":38.0,"enemies":"Automaton","floor":33.0,"turns":9.0},{"damage":9.0,"enemies":"Orb Walker","floor":35.0,"turns":2.0},{"damage":16.0,"enemies":"3 Shapes","floor":37.0,"turns":4.0},{"damage":14.0,"enemies":"Mind Bloom Boss Battle","floor":39.0,"turns":5.0},{"damage":15.0,"enemies":"3 Darklings","floor":45.0,"turns":4.0},{"damage":0,"enemies":"Maw","floor":47,"turns":6},{"damage":13,"enemies":"4 Shapes","floor":48,"turns":5},{"damage":40,"enemies":"Awakened One","floor":50,"turns":3}],"seed_played":"-3348504701783383212","potions_obtained":[{"floor":3.0,"key":"Adrenaline Potion"},{"floor":4.0,"key":"sneckomod:MuddlingPotion"},{"floor":16.0,"key":"Dexterity Potion"},{"floor":18.0,"key":"SkillPotion"},{"floor":30.0,"key":"Death Potion"},{"floor":37.0,"key":"Elixir"},{"floor":45.0,"key":"SmokeBomb"},{"floor":47,"key":"FearPotion"}],"is_trial":false,"path_per_floor":["M","$","M","M","?","E","T","$","T","M","?","M","R","M","R","B",null,"M","$","?","M","?","R","?","$","T","?","R","M","M","M","R","B",null,"M","?","M","?","?","R","T","$","T","$","M","R","M","M","R","B"],"character_chosen":"THE_SPIRIT","items_purchased":["MerchantsRug","Replay:Wax Seal","hexamod:GhostOfSpireFuture","Ice Cream","hexamod:RadiantFlame","Guardian:PocketSentry","Vajra"],"campfire_rested":2,"item_purchase_floors":[8,19,19,25,42,44,44],"current_hp_per_floor":[70,70,69,69,65,61,61,61,61,61,61,53,53,48,48,20,65,65,65,65,55,49,49,49,49,49,33,33,33,32,32,51,13,65,56,56,40,40,26,26,26,26,26,26,11,30,30,17,36,0,0,0],"gold":100,"neow_bonus":"HUNDRED_GOLD","is_daily":false,"chose_seed":false,"campfire_upgraded":4,"win_rate":0.0,"timestamp":1609359033,"path_taken":["M","$","?","M","?","E","?","$","T","M","?","M","R","M","R","BOSS","M","$","?","M","?","R","?","?","T","?","R","M","M","M","R","BOSS","M","?","M","?","?","R","?","$","T","?","M","R","?","M","R","BOSS"],"items_purchased_type":["Relic","Relic","Card","Relic","Card","Relic","Relic"],"build_version":"2020-12-22","purchased_purges":2,"victory":false,"max_hp_per_floor":[70,70,70,70,65,65,65,65,65,65,65,65,65,65,65,65,65,65,65,65,65,65,65,65,65,65,65,65,65,65,65,65,65,65,65,65,65,65,65,65,65,65,65,65,65,65,65,65,65,65,65,65],"card_choices":[{"not_picked":["hexamod:SpectersWail","hexamod:PowerFromBeyond"],"picked":"hexamod:CatchUp","floor":1.0},{"not_picked":["hexamod:GhostShield","hexamod:Firestarter"],"picked":"hexamod:PhantomFireball","floor":3.0},{"not_picked":["hexamod:SpectersWail","hexamod:NightmareStrike","hexamod:RainOfEmbers"],"picked":"SKIP","floor":4.0},{"not_picked":["hexamod:BacktrackSmack","hexamod:ShieldOfDarkness"],"picked":"hexamod:HeatMetal","floor":6.0},{"not_picked":["hexamod:GhostShield","hexamod:FlamesFromBeyond","hexamod:SpectersWail"],"picked":"SKIP","floor":10.0},{"not_picked":["hexamod:SwordOfDarkness","hexamod:HauntingEcho","hexamod:SpectersWail"],"picked":"SKIP","floor":12.0},{"not_picked":["hexamod:FourthSeal","hexamod:GhostOfSpirePast"],"picked":"hexamod:FastForward","floor":14.0},{"not_picked":["hexamod:ParanormalForm","hexamod:GiftsFromTheDead"],"picked":"hexamod:VolcanoVisage","floor":16.0},{"not_picked":["hexamod:FourthSeal","hexamod:SkipABeat","hexamod:NightmareStrike"],"picked":"SKIP","floor":18.0},{"not_picked":["hexamod:InspiringFlames","hexamod:AdvancingGuard","hexamod:GhostShield+1"],"picked":"SKIP","floor":21.0},{"not_picked":["hexamod:SpectersWail","hexamod:GhostLash","hexamod:HeatCrush+1"],"picked":"SKIP","floor":29.0},{"not_picked":["hexamod:BacktrackSmack","hexamod:UnlimitedPower"],"picked":"hexamod:PhantomFireball+1","floor":30.0},{"not_picked":["hexamod:SpectersWail","hexamod:PhantomCloak","hexamod:GhostShield+1"],"picked":"SKIP","floor":31.0},{"not_picked":["hexamod:TimeOfNeed","hexamod:GiftsFromTheDead"],"picked":"hexamod:UnlimitedPower","floor":33.0},{"not_picked":["hexamod:InspiringFlames","hexamod:GhostLash+1"],"picked":"hexamod:Firestarter+1","floor":35.0},{"not_picked":["hexamod:GhostShield+1","hexamod:Hexaguard+1"],"picked":"hexamod:BurningTouch+1","floor":37.0},{"not_picked":["hexamod:InspiringFlames","hexamod:HauntingEcho+1"],"picked":"hexamod:ThermalTransfer+1","floor":39.0},{"not_picked":["hexamod:RainOfEmbers","hexamod:Firestarter","hexamod:SwordOfDarkness+1"],"picked":"SKIP","floor":45.0},{"not_picked":["hexamod:Haunt+1","hexamod:GhostLash+1","hexamod:RainOfEmbers+1"],"picked":"SKIP","floor":45.0},{"not_picked":["hexamod:ChargedBarrage","hexamod:SuperheatedStrike"],"picked":"hexamod:PhantomFireball+1","floor":47},{"not_picked":["hexamod:NightmareStrike","hexamod:SpectersWail+1"],"picked":"hexamod:ThermalTransfer","floor":47},{"not_picked":["hexamod:GhostShield+1","hexamod:AdvancingGuard"],"picked":"hexamod:StepThrough+1","floor":48},{"not_picked":["hexamod:HauntingEcho","hexamod:SpectersWail+1","hexamod:NecessarySacrifice"],"picked":"SKIP","floor":48}],"player_experience":444859,"relics_obtained":[{"floor":6.0,"key":"Replay:WaspNest"},{"floor":7.0,"key":"ReplayTheSpireMod:TigerMarble"},{"floor":9.0,"key":"Juzu Bracelet"},{"floor":26.0,"key":"hexamod:MatchstickCase"},{"floor":27.0,"key":"Enchiridion"},{"floor":39.0,"key":"Prayer Wheel"},{"floor":41.0,"key":"Letter Opener"},{"floor":43.0,"key":"Replay:Mystery Machine"}],"event_choices":[{"damage_healed":0.0,"max_hp_gain":0.0,"max_hp_loss":5.0,"gold_gain":0.0,"event_name":"Golden Idol","player_choice":"Lose Max HP","floor":5.0,"gold_loss":0.0,"damage_taken":0.0,"relics_obtained":["Golden Idol"]},{"cards_removed":["hexamod:Strike"],"damage_healed":0.0,"max_hp_gain":0.0,"max_hp_loss":0.0,"gold_gain":0.0,"event_name":"Living Wall","player_choice":"Forget","floor":11.0,"gold_loss":0.0,"damage_taken":0.0},{"damage_healed":0.0,"max_hp_gain":0.0,"max_hp_loss":0.0,"gold_gain":0.0,"event_name":"NoteForYourself","player_choice":"Ignored","floor":20.0,"gold_loss":0.0,"damage_taken":0.0},{"damage_healed":0.0,"max_hp_gain":0.0,"max_hp_loss":0.0,"gold_gain":0.0,"event_name":"Wheel of Change","player_choice":"Damaged","floor":22.0,"gold_loss":0.0,"damage_taken":6.0},{"damage_healed":0.0,"max_hp_gain":0.0,"max_hp_loss":0.0,"gold_gain":100.0,"event_name":"Golden Shrine","player_choice":"Pray","floor":24.0,"gold_loss":0.0,"damage_taken":0.0},{"damage_healed":0.0,"max_hp_gain":0.0,"max_hp_loss":0.0,"gold_gain":0.0,"event_name":"Cursed Tome","player_choice":"Obtained Book","floor":27.0,"gold_loss":0.0,"damage_taken":16.0},{"damage_healed":0.0,"max_hp_gain":0.0,"max_hp_loss":0.0,"gold_gain":0.0,"event_name":"SensoryStone","player_choice":"Memory 1","floor":38.0,"gold_loss":0.0,"damage_taken":0.0},{"damage_healed":0.0,"max_hp_gain":0.0,"max_hp_loss":0.0,"gold_gain":0.0,"event_name":"MindBloom","player_choice":"Fight","floor":39.0,"gold_loss":0.0,"damage_taken":0.0}],"is_beta":false,"boss_relics":[{"not_picked":["ChewingGum","expansioncontent:StudyCardRelic"],"picked":"Coffee Dripper"},{"not_picked":["Empty Cage","Black Star"],"picked":"Pandora\u0027s Box"}],"items_purged_floors":[8,42],"is_endless":false,"potions_floor_spawned":[3,4,16,18,30,37,45,47],"killed_by":"Awakened One","ascension_level":0}}