{"host":"8xt6qtpg1rkermdd","time":1609305078,"event":{"mods":["AchievementEnabler","Astrologer","Bard","BaseMod","Colored Powertips","Conspire","Downfall","Hermit","Highlight Path","Hubris","Infinite Spire","Jorbs\u0027s Wanderer Trilogy","Minty Spire (QoL Compilation)","Replay The Spire","Shade Mod","StSLib","The Blackbeard","The Bladedancer","The Bug Knight","The Caster","The Construct","The Cursed","The Disciple","The Gatherer","The Hayseed","The Hierophant","The Marked","The Mystic","The Runesmith","The Servant 0.9.4","TheArtist","TheFirefly","TheVacant"],"gold_per_floor":[109,120,120,120,120,120,135,135,160,174,190,222,222,233,233,336,336,352,367,59,74,74,0,0,18,70,70,86,86,100,116,116,116,116],"floor_reached":33,"playtime":2520,"items_purged":[],"score":251,"play_id":"fe9fa425-a2c8-4280-984f-af79f06f7280","local_time":"20201229231118","is_ascension_mode":false,"campfire_choices":[{"data":"thefirefly:StealthMode","floor":6.0,"key":"SMITH"},{"data":"thefirefly:Lamentation","floor":8.0,"key":"SMITH"},{"data":"thefirefly:Nova","floor":13.0,"key":"SMITH"},{"data":"thefirefly:LaserBarrage","floor":15.0,"key":"SMITH"},{"floor":27,"key":"REST"},{"floor":29,"key":"REST"},{"floor":32,"key":"REST"}],"circlet_count":0,"master_deck":["thefirefly:Strike","thefirefly:Strike","thefirefly:Strike","thefirefly:Strike","thefirefly:Defend","thefirefly:Defend+1","thefirefly:Defend","thefirefly:Defend+1","thefirefly:StealthMode+1","thefirefly:PhotonBlast+1","thefirefly:ArtillleryBeam+1","thefirefly:ShieldArray+1","thefirefly:Lamentation+1","thefirefly:Nova+1","thefirefly:StarCinder","Pot Of Greed","Pot Of Greed","thefirefly:LaserBarrage+1","thefirefly:ShieldArray","thefirefly:Regeneration","thefirefly:EMP","thefirefly:InterceptingShot","thefirefly:DecoyShot","thefirefly:Prominence+1","thefirefly:LifeSupport+1","thefirefly:FlakCannon","Pot Of Greed","thefirefly:LifeSupport","thefirefly:Pacify"],"relics":["thefirefly:StealthSystem","NeowsBlessing","War Paint","Grinning Jar","hubris:TerracottaHorce","ReplayTheSpireMod:Ninjato","infinitespire:PuzzleCube"],"acts_visited":["Exordium","TheCity"],"potions_floor_usage":[],"damage_taken":[{"damage":0.0,"enemies":"Small Slimes","floor":1.0,"turns":1.0},{"damage":2.0,"enemies":"conspire:RoseBush","floor":2.0,"turns":1.0},{"damage":0.0,"enemies":"2 Louse","floor":7.0,"turns":1.0},{"damage":0.0,"enemies":"Gremlin Gang","floor":10.0,"turns":3.0},{"damage":0.0,"enemies":"Exordium Wildlife","floor":11.0,"turns":2.0},{"damage":5.0,"enemies":"HollowMod:MossKnight","floor":12.0,"turns":5.0},{"damage":7.0,"enemies":"Blue Slaver","floor":14.0,"turns":3.0},{"damage":18.0,"enemies":"Fading Forest","floor":16.0,"turns":11.0},{"damage":0,"enemies":"2 Thieves","floor":18,"turns":1},{"damage":14,"enemies":"Shell Parasite","floor":19,"turns":2},{"damage":0,"enemies":"Sentry and Sphere","floor":21,"turns":3},{"damage":23,"enemies":"Centurion and Healer","floor":25,"turns":4},{"damage":6,"enemies":"Cultist and Chosen","floor":28,"turns":3},{"damage":32,"enemies":"Shelled Parasite and Fungi","floor":30,"turns":3},{"damage":23,"enemies":"Centurion and Healer","floor":31,"turns":6},{"damage":51,"enemies":"Automaton","floor":33,"turns":6}],"seed_played":"-3603827674284268207","potions_obtained":[{"floor":1.0,"key":"Reflective Coating"},{"floor":2.0,"key":"Dexterity Potion"},{"floor":11.0,"key":"CultistPotion"},{"floor":12.0,"key":"DistilledChaos"}],"is_trial":false,"path_per_floor":["M","M","?","?","?","R","M","R","T","M","M","E","R","M","R","B",null,"M","M","$","M","?","?","?","M","T","R","M","R","M","M","R","B"],"character_chosen":"THE_FIREFLY","items_purchased":["ReplayTheSpireMod:Ninjato","thefirefly:DecoyShot"],"campfire_rested":3,"item_purchase_floors":[20,20],"current_hp_per_floor":[55,53,53,42,42,42,42,42,42,42,42,37,37,30,30,22,47,47,33,33,33,33,33,33,10,10,26,29,45,13,5,21,0,0],"gold":116,"neow_bonus":"THREE_ENEMY_KILL","is_daily":false,"chose_seed":false,"campfire_upgraded":4,"win_rate":0.0,"timestamp":1609305078,"path_taken":["M","M","?","?","?","R","M","R","T","M","?","E","R","M","R","BOSS","M","M","$","M","?","?","?","M","T","R","M","R","M","M","R","BOSS"],"items_purchased_type":["Relic","Card"],"build_version":"2020-12-22","purchased_purges":0,"victory":false,"max_hp_per_floor":[55,55,55,55,55,55,55,55,55,55,55,55,55,55,55,55,55,55,55,55,55,55,55,55,55,55,55,55,55,55,55,55,55,55],"card_choices":[{"not_picked":["thefirefly:Reposition","thefirefly:FlareScreen"],"picked":"thefirefly:ArtillleryBeam","floor":1.0},{"not_picked":["thefirefly:NebulaVeil","thefirefly:Flight"],"picked":"thefirefly:ShieldArray","floor":2.0},{"not_picked":["thefirefly:ShieldArray","thefirefly:Pacify"],"picked":"thefirefly:Lamentation","floor":7.0},{"not_picked":["thefirefly:Flight","thefirefly:Distort"],"picked":"thefirefly:Nova","floor":10.0},{"not_picked":["thefirefly:Ruminate","thefirefly:FlareScreen"],"picked":"thefirefly:StarCinder","floor":11.0},{"not_picked":["thefirefly:ArtillleryBeam","thefirefly:MirrorShield"],"picked":"thefirefly:LaserBarrage","floor":12.0},{"not_picked":["thefirefly:EphemeronForm","thefirefly:StoredPower"],"picked":"thefirefly:ShieldArray","floor":14.0},{"not_picked":["thefirefly:Unweft","thefirefly:Cosmogenesis"],"picked":"thefirefly:Regeneration","floor":16.0},{"not_picked":["thefirefly:CoveringFire","thefirefly:Boost"],"picked":"thefirefly:EMP","floor":18},{"not_picked":["thefirefly:Preload","thefirefly:Prominence+1"],"picked":"thefirefly:InterceptingShot","floor":19},{"not_picked":["thefirefly:Quine","thefirefly:InterceptingShot"],"picked":"thefirefly:Prominence","floor":21},{"not_picked":["thefirefly:Ruminate+1","thefirefly:FullProjection"],"picked":"thefirefly:LifeSupport+1","floor":25},{"not_picked":["thefirefly:Pacify","thefirefly:QuantumTunneling"],"picked":"thefirefly:FlakCannon","floor":28},{"not_picked":["thefirefly:InterceptingShot","thefirefly:DecoyShot"],"picked":"thefirefly:LifeSupport","floor":30},{"not_picked":["thefirefly:Teleport+1","thefirefly:AuroralDischarge"],"picked":"thefirefly:Pacify","floor":31}],"player_experience":40380,"relics_obtained":[{"floor":9.0,"key":"War Paint"},{"floor":12.0,"key":"Grinning Jar"},{"floor":26,"key":"infinitespire:PuzzleCube"}],"event_choices":[{"damage_healed":0.0,"max_hp_gain":0.0,"max_hp_loss":0.0,"gold_gain":0.0,"event_name":"Shining Light","player_choice":"Entered Light","floor":4.0,"gold_loss":0.0,"damage_taken":11.0,"cards_upgraded":["thefirefly:ShieldArray","thefirefly:PhotonBlast"]},{"damage_healed":0.0,"max_hp_gain":0.0,"max_hp_loss":0.0,"gold_gain":0.0,"event_name":"Accursed Blacksmith","player_choice":"Forge","floor":5.0,"gold_loss":0.0,"damage_taken":0.0,"cards_upgraded":["thefirefly:ArtillleryBeam"]},{"damage_healed":0,"gold_gain":0,"player_choice":"Paid Fearfully","damage_taken":0,"max_hp_gain":0,"max_hp_loss":0,"event_name":"Masked Bandits","floor":23,"gold_loss":74},{"damage_healed":0,"gold_gain":0,"player_choice":"Ignored","damage_taken":0,"max_hp_gain":0,"max_hp_loss":0,"event_name":"NoteForYourself","floor":24,"gold_loss":0}],"is_beta":false,"boss_relics":[{"not_picked":["Replay:Ancient Bell","hubris:BlackHole"],"picked":"hubris:TerracottaHorce"}],"items_purged_floors":[],"is_endless":false,"potions_floor_spawned":[1,2,11,12,18,19],"killed_by":"Automaton","ascension_level":0}}