{"host":"kh6fvhxn285ncg0o","time":1609304188,"event":{"mods":["Act Like it!","BaseMod","Colored Map","Friendly Minions","Keyboard Shortcuts","Minty Spire (QoL Compilation)","Quick Restart","Relic Stats","StSLib","SuperFastMode"],"gold_per_floor":[109,109,121,121,121,121,152,172,172,197,122,122,147,159,159,159,159],"floor_reached":16,"playtime":384,"items_purged":[],"score":236,"play_id":"8381f636-7011-4c32-999d-3a3e93102673","local_time":"20201230135628","is_ascension_mode":true,"campfire_choices":[{"data":"FlyingSleeves","floor":6,"key":"SMITH"},{"floor":12,"key":"REST"},{"floor":15,"key":"REST"}],"circlet_count":0,"master_deck":["AscendersBane","Strike_P","Strike_P","Strike_P","Defend_P","Defend_P","Defend_P","Defend_P","Eruption","Vigilance","FlyingSleeves+1","FearNoEvil","SandsOfTime"],"relics":["VioletLotus","Kunai","Happy Flower","Gremlin Horn","Omamori","Matryoshka"],"acts_visited":["Exordium"],"potions_floor_usage":[7,10,14],"damage_taken":[{"damage":1,"enemies":"2 Louse","floor":1,"turns":3},{"damage":4,"enemies":"Cultist","floor":3,"turns":3},{"damage":35,"enemies":"3 Sentries","floor":7,"turns":8},{"damage":2,"enemies":"Jaw Worm","floor":8,"turns":2},{"damage":2,"enemies":"Lagavulin","floor":10,"turns":7},{"damage":24,"enemies":"3 Sentries","floor":13,"turns":9},{"damage":0,"enemies":"2 Fungi Beasts","floor":14,"turns":3},{"damage":24,"enemies":"Hexaghost","floor":16,"turns":7}],"seed_played":"5498821315510961806","potions_obtained":[{"floor":3,"key":"SkillPotion"},{"floor":8,"key":"SpeedPotion"},{"floor":10,"key":"Weak Potion"}],"is_trial":false,"path_per_floor":["M","?","M","?","?","R","E","M","T","E","?","R","E","M","R","B"],"character_chosen":"WATCHER","items_purchased":[],"campfire_rested":2,"item_purchase_floors":[],"current_hp_per_floor":[60,60,56,51,44,44,9,7,7,5,5,25,1,1,21,0,0],"gold":159,"neow_bonus":"BOSS_RELIC","is_daily":false,"chose_seed":false,"campfire_upgraded":1,"win_rate":0.0,"timestamp":1609304188,"path_taken":["M","?","?","?","?","R","E","M","T","E","?","R","E","M","R","BOSS"],"items_purchased_type":[],"build_version":"2020-12-22","purchased_purges":0,"victory":false,"max_hp_per_floor":[68,68,68,68,68,68,68,68,68,68,68,68,68,68,68,68,68],"relic_stats":{"Happy Flower":[9],"Gremlin Horn":[3,3],"counters":[8,42],"VioletLotus":[10],"Kunai":[10],"obtain_stats":[{"Matryoshka":13,"Happy Flower":7,"Gremlin Horn":9,"VioletLotus":0,"Omamori":10,"Kunai":4,"PureWater":0},{"Matryoshka":6,"Happy Flower":3,"Gremlin Horn":4,"VioletLotus":0,"Omamori":5,"Kunai":2,"PureWater":0},{"Matryoshka":32,"Happy Flower":14,"Gremlin Horn":16,"VioletLotus":0,"Omamori":23,"Kunai":6,"PureWater":0}]},"card_choices":[{"not_picked":["Vengeance","ThirdEye"],"picked":"FlyingSleeves","floor":1},{"not_picked":["BowlingBash","Worship","FlyingSleeves"],"picked":"SKIP","floor":3},{"not_picked":["EmptyFist","CrushJoints"],"picked":"FearNoEvil","floor":7},{"not_picked":["BattleHymn","EmptyFist","ThirdEye"],"picked":"SKIP","floor":8},{"not_picked":["SashWhip","Crescendo","EmptyBody"],"picked":"SKIP","floor":10},{"not_picked":["CutThroughFate","Consecrate","Prostrate"],"picked":"SKIP","floor":13},{"not_picked":["EmptyFist","WheelKick"],"picked":"SandsOfTime","floor":14}],"player_experience":3321441,"relics_obtained":[{"floor":7,"key":"Happy Flower"},{"floor":9,"key":"Gremlin Horn"},{"floor":10,"key":"Omamori"},{"floor":13,"key":"Matryoshka"}],"event_choices":[{"damage_healed":0,"gold_gain":0,"player_choice":"Cursed","damage_taken":0,"max_hp_gain":0,"max_hp_loss":0,"event_name":"Wheel of Change","floor":2,"gold_loss":0,"cards_obtained":["Decay"]},{"damage_healed":0,"gold_gain":0,"player_choice":"Success","damage_taken":5,"relics_obtained":["Kunai"],"max_hp_gain":0,"max_hp_loss":0,"event_name":"Scrap Ooze","floor":4,"gold_loss":0},{"cards_removed":["Decay"],"damage_healed":0,"gold_gain":0,"player_choice":"Card Removal","damage_taken":7,"max_hp_gain":0,"max_hp_loss":0,"event_name":"Golden Wing","floor":5,"gold_loss":0},{"cards_removed":["Strike_P"],"damage_healed":0,"gold_gain":0,"player_choice":"Card Removal","damage_taken":0,"max_hp_gain":0,"max_hp_loss":0,"event_name":"The Cleric","floor":11,"gold_loss":75}],"is_beta":false,"boss_relics":[],"items_purged_floors":[],"is_endless":false,"potions_floor_spawned":[3,8,10],"killed_by":"Hexaghost","ascension_level":20}}