{"host":"akjsb4vg7478j4ls","time":1609334547,"event":{"mods":["BaseMod","Colored Powertips","Minty Spire (QoL Compilation)","Rare Cards Sparkle"],"gold_per_floor":[116,116,126,126,138,172,172,172,225,130,150,43,43,73,73,171,171,181,232,219,36,36,36],"floor_reached":22,"playtime":1489,"items_purged":[],"score":192,"play_id":"297e1134-6b73-4f82-b03a-00b1a0613c2b","local_time":"20201230112227","is_ascension_mode":false,"campfire_choices":[{"floor":8,"key":"REST"},{"floor":15,"key":"REST"}],"circlet_count":0,"master_deck":["Strike_R","Strike_R","Strike_R","Strike_R","Strike_R+1","Defend_R","Defend_R","Defend_R","Defend_R","Bash+1","True Grit","Shockwave","Pommel Strike","Inflame","Dramatic Entrance","Inflame","Flame Barrier","Fire Breathing","Shrug It Off","Limit Break","Heavy Blade","Cleave+1","Juggernaut","Pommel Strike"],"relics":["Burning Blood","Whetstone","Blood Vial","Boot","Dream Catcher","Black Star","Potion Belt"],"acts_visited":["Exordium","TheCity"],"potions_floor_usage":[14,14,18],"damage_taken":[{"damage":6,"enemies":"2 Louse","floor":1,"turns":4},{"damage":10,"enemies":"Jaw Worm","floor":3,"turns":6},{"damage":5,"enemies":"Small Slimes","floor":5,"turns":5},{"damage":40,"enemies":"3 Sentries","floor":6,"turns":12},{"damage":9,"enemies":"Looter","floor":11,"turns":3},{"damage":19,"enemies":"Gremlin Nob","floor":14,"turns":4},{"damage":78,"enemies":"The Guardian","floor":16,"turns":12},{"damage":31,"enemies":"3 Byrds","floor":18,"turns":5},{"damage":37,"enemies":"2 Thieves","floor":20,"turns":4},{"damage":36,"enemies":"3 Cultists","floor":22,"turns":4}],"seed_played":"-7283382604848718985","potions_obtained":[{"floor":3,"key":"Ancient Potion"},{"floor":6,"key":"Weak Potion"},{"floor":11,"key":"Explosive Potion"},{"floor":14,"key":"Explosive Potion"},{"floor":16,"key":"LiquidMemories"}],"is_trial":false,"path_per_floor":["M","?","M","?","M","E","?","R","T","$","M","$","?","E","R","B",null,"M","T","M","$","M"],"character_chosen":"IRONCLAD","items_purchased":["Dramatic Entrance","Inflame","Flame Barrier","Juggernaut","Pommel Strike"],"campfire_rested":2,"item_purchase_floors":[10,12,12,21,21],"current_hp_per_floor":[88,88,84,84,85,51,33,59,59,59,58,58,88,75,88,16,88,63,63,34,34,0,0],"gold":36,"neow_bonus":"TEN_PERCENT_HP_BONUS","is_daily":false,"chose_seed":false,"campfire_upgraded":0,"win_rate":0.0,"timestamp":1609334547,"path_taken":["M","?","M","?","M","E","?","R","T","$","M","$","?","E","R","BOSS","M","?","M","$","M"],"items_purchased_type":["Card","Card","Card","Card","Card"],"build_version":"2020-12-22","purchased_purges":0,"victory":false,"max_hp_per_floor":[88,88,88,88,88,88,88,88,88,88,88,88,88,88,88,88,88,88,88,88,88,88,88],"card_choices":[{"not_picked":["Body Slam","Flex"],"picked":"True Grit","floor":1},{"not_picked":["Carnage","Dual Wield"],"picked":"Shockwave","floor":3},{"not_picked":["Flex","Warcry"],"picked":"Pommel Strike","floor":5},{"not_picked":["Thunderclap","Second Wind"],"picked":"Inflame","floor":6},{"not_picked":["Bloodletting","Flex"],"picked":"Burning Pact","floor":11},{"not_picked":["Combust","Dark Embrace"],"picked":"Fire Breathing","floor":14},{"not_picked":["Anger","Cleave"],"picked":"Shrug It Off","floor":15},{"not_picked":["Exhume","Offering"],"picked":"Limit Break","floor":16},{"not_picked":["Carnage","Blood for Blood"],"picked":"Heavy Blade","floor":18},{"not_picked":["Armaments","Flex"],"picked":"Cleave+1","floor":20}],"player_experience":48078,"relics_obtained":[{"floor":6,"key":"Whetstone"},{"floor":9,"key":"Boot"},{"floor":14,"key":"Dream Catcher"},{"floor":19,"key":"Potion Belt"}],"event_choices":[{"damage_healed":0,"gold_gain":0,"player_choice":"Ignored","damage_taken":0,"max_hp_gain":0,"max_hp_loss":0,"event_name":"Golden Wing","floor":2,"gold_loss":0},{"damage_healed":0,"gold_gain":0,"player_choice":"Leave","damage_taken":0,"max_hp_gain":0,"max_hp_loss":0,"event_name":"The Cleric","floor":4,"gold_loss":0},{"damage_healed":0,"gold_gain":0,"player_choice":"Success","damage_taken":18,"relics_obtained":["Blood Vial"],"max_hp_gain":0,"max_hp_loss":0,"event_name":"Scrap Ooze","floor":7,"gold_loss":0},{"cards_removed":["Burning Pact"],"damage_healed":30,"gold_gain":0,"player_choice":"Offered Uncommon","damage_taken":0,"max_hp_gain":0,"max_hp_loss":0,"event_name":"Bonfire Elementals","floor":13,"gold_loss":0}],"is_beta":false,"boss_relics":[{"not_picked":["Runic Cube","Empty Cage"],"picked":"Black Star"}],"items_purged_floors":[],"is_endless":false,"potions_floor_spawned":[3,6,11,14,16],"killed_by":"3 Cultists","ascension_level":0}}