{"host":"nox","time":1609335391,"event":{"mods":["Act Like it!","Aspiration","BaseMod","Better Altar","Better Match","Better Note","Better Sensory Stone","Better Skull","Better Third Choice","BetterRewards","Colored Powertips","Conspire","Energized Spire","GifTheSpireLib","Hubris","Infinite Spire","Minty Spire (QoL Compilation)","Pale of the Ancients","Quick Restart","Rare Cards Sparkle","Replay The Spire","Shop Mod","Spikes Relics","StSLib","Stuff the Spire","SuperFastMode","The Alterego","vexMod"],"gold_per_floor":[118,293,312,312,19,51,51,51,51],"floor_reached":8,"playtime":219,"items_purged":["Survivor"],"score":73,"play_id":"8c2a9414-3316-4903-90d3-9aa6b782abe3","local_time":"20201230203631","is_ascension_mode":true,"campfire_choices":[],"circlet_count":0,"master_deck":["Strike_G","Strike_G","Strike_G","Strike_G","Strike_G","Defend_G","Defend_G","Defend_G","Defend_G","Defend_G","Neutralize","Footwork","Doubt","StuffTheSpire:BumpUp","Cloak And Dagger"],"relics":["Ring of the Snake","StuffTheSpire:ForceGauntlet","ReplayTheSpireMod:Ring of Exchange","ReplayTheSpireMod:Ring of Collecting","Iron Hammer","Meat on the Bone"],"acts_visited":["Exordium"],"potions_floor_usage":[6],"damage_taken":[{"damage":12,"enemies":"Small Slimes","floor":1,"turns":5},{"damage":8,"enemies":"2 Louse","floor":3,"turns":3},{"damage":24,"enemies":"3 Sentries","floor":6,"turns":7},{"damage":14,"enemies":"Gremlin Nob","floor":8,"turns":3}],"seed_played":"-6004805195876321253","potions_obtained":[{"floor":1,"key":"GamblersBrew"}],"is_trial":false,"path_per_floor":["M","?","M","?","$","E","$","E"],"character_chosen":"THE_SILENT","items_purchased":["StuffTheSpire:ForceGauntlet","Iron Hammer","StuffTheSpire:BumpUp"],"campfire_rested":0,"item_purchase_floors":[0,5,5],"current_hp_per_floor":[39,39,31,31,31,7,7,0,0],"gold":51,"neow_bonus":"","is_daily":false,"chose_seed":false,"campfire_upgraded":0,"win_rate":0.0,"timestamp":1609335391,"path_taken":["M","?","M","?","$","E","$","E"],"items_purchased_type":["Relic","Relic","Card"],"build_version":"2020-11-17","purchased_purges":1,"victory":false,"max_hp_per_floor":[70,70,70,70,70,70,70,70,70],"card_choices":[{"not_picked":["Draining Mist","Outmaneuver"],"picked":"Footwork","floor":1},{"not_picked":["ReplayTheSpireMod:The Works","Prepared","Deflect"],"picked":"SKIP","floor":3},{"not_picked":["Prepared","Hidden Blade"],"picked":"Cloak And Dagger","floor":6}],"player_experience":283086,"relics_obtained":[{"floor":4,"key":"ReplayTheSpireMod:Ring of Exchange"},{"floor":4,"key":"ReplayTheSpireMod:Ring of Collecting"},{"floor":6,"key":"Meat on the Bone"}],"event_choices":[{"damage_healed":0,"gold_gain":175,"player_choice":"AGREE","damage_taken":118,"max_hp_gain":0,"max_hp_loss":0,"event_name":"betterThird:BetterSerpent","floor":2,"gold_loss":0}],"is_beta":true,"boss_relics":[],"items_purged_floors":[0],"is_endless":false,"potions_floor_spawned":[1],"killed_by":"Gremlin Nob","ascension_level":7}}