{"host":"yo9wwslrag05lh37","time":1609370851,"event":{"mods":["AchievementEnabler","BaseMod","Block Reminder","Colored Map","Colored Powertips","GifTheSpireLib","HexUI Lib","Highlight Path","Minty Spire (QoL Compilation)","Rare Cards Sparkle","Relic Stats","StSLib","everything is the same but u backflip on backflip"],"gold_per_floor":[110,160,171,183,203,536,536,551,551,551,194,207,222,255,255,333,333,346,365,380,58,68,95,95,95,95,95,32,48,61,61,61,135,135,147,167,192,192,25,25,39,65,65,65,65,98,112,132,132,132,132],"floor_reached":50,"playtime":2783,"items_purged":["Strike_B","Strike_B","Defend_B","Strike_B"],"score":1122,"play_id":"3aecb2ad-09da-4784-b459-b3dcb7ce5c6d","local_time":"20201231002731","is_ascension_mode":true,"campfire_choices":[{"data":"Sweeping Beam","floor":7.0,"key":"SMITH"},{"floor":10.0,"key":"REST"},{"data":"Defragment","floor":15.0,"key":"SMITH"},{"data":"Defragment","floor":25.0,"key":"SMITH"},{"data":"Blizzard","floor":27.0,"key":"SMITH"},{"data":"Defragment","floor":32.0,"key":"SMITH"},{"floor":40.0,"key":"RECALL"},{"data":"Strike_B","floor":44.0,"key":"PURGE"},{"data":"Defend_B","floor":49,"key":"PURGE"}],"circlet_count":0,"master_deck":["AscendersBane","Defend_B","Defend_B","Zap+1","Dualcast","Compile Driver","Reinforced Body","Sweeping Beam+1","Self Repair","Defragment+1","Glacier","Seek","Cold Snap","Amplify","Defragment+1","Glacier","Blizzard+1","Electrodynamics","Ball Lightning","Chill","Defragment+1","Heatsinks+1","Echo Form","Gash+1","Self Repair+1","Apotheosis","Consume","Defragment+1","Darkness+1"],"relics":["Cracked Core","Old Coin","Incense Burner","Chemical X","Peace Pipe","Velvet Choker","Membership Card","Lizard Tail","Question Card","Fusion Hammer","Turnip","Vajra","Frozen Egg 2","Boot"],"acts_visited":["Exordium","TheCity","TheBeyond"],"potions_floor_usage":[50],"damage_taken":[{"damage":2.0,"enemies":"Jaw Worm","floor":1.0,"turns":3.0},{"damage":2.0,"enemies":"Cultist","floor":3.0,"turns":4.0},{"damage":0.0,"enemies":"Small Slimes","floor":4.0,"turns":2.0},{"damage":1.0,"enemies":"3 Louse","floor":5.0,"turns":3.0},{"damage":31.0,"enemies":"3 Sentries","floor":6.0,"turns":7.0},{"damage":10.0,"enemies":"Gremlin Gang","floor":8.0,"turns":3.0},{"damage":12.0,"enemies":"Exordium Thugs","floor":12.0,"turns":4.0},{"damage":1.0,"enemies":"Red Slaver","floor":13.0,"turns":4.0},{"damage":39.0,"enemies":"Gremlin Nob","floor":14.0,"turns":6.0},{"damage":7.0,"enemies":"The Guardian","floor":16.0,"turns":15.0},{"damage":2.0,"enemies":"2 Thieves","floor":18.0,"turns":4.0},{"damage":0.0,"enemies":"3 Byrds","floor":19.0,"turns":3.0},{"damage":22.0,"enemies":"Cultist and Chosen","floor":20.0,"turns":11.0},{"damage":2.0,"enemies":"Snecko","floor":22.0,"turns":6.0},{"damage":28.0,"enemies":"Gremlin Leader","floor":23.0,"turns":6.0},{"damage":0.0,"enemies":"Snake Plant","floor":29.0,"turns":5.0},{"damage":12.0,"enemies":"Sentry and Sphere","floor":30.0,"turns":7.0},{"damage":45.0,"enemies":"Champ","floor":33.0,"turns":21.0},{"damage":7.0,"enemies":"3 Darklings","floor":35.0,"turns":3.0},{"damage":0.0,"enemies":"Orb Walker","floor":36.0,"turns":4.0},{"damage":30.0,"enemies":"Mind Bloom Boss Battle","floor":37.0,"turns":8.0},{"damage":9.0,"enemies":"3 Darklings","floor":41.0,"turns":3.0},{"damage":28.0,"enemies":"Giant Head","floor":42.0,"turns":9.0},{"damage":31,"enemies":"Reptomancer","floor":46,"turns":9},{"damage":37,"enemies":"Spire Growth","floor":47,"turns":5},{"damage":10,"enemies":"Maw","floor":48,"turns":7},{"damage":71,"enemies":"Awakened One","floor":50,"turns":2}],"seed_played":"1535519584941057800","potions_obtained":[{"floor":3.0,"key":"DistilledChaos"},{"floor":5.0,"key":"Block Potion"},{"floor":6.0,"key":"ColorlessPotion"},{"floor":8.0,"key":"Weak Potion"},{"floor":14.0,"key":"LiquidBronze"},{"floor":16.0,"key":"Explosive Potion"},{"floor":18.0,"key":"SmokeBomb"},{"floor":20.0,"key":"GamblersBrew"},{"floor":30.0,"key":"EssenceOfSteel"},{"floor":38.0,"key":"FocusPotion"},{"floor":47,"key":"Block Potion"}],"is_trial":false,"path_per_floor":["M","?","M","M","M","E","R","M","T","R","$","M","M","E","R","B",null,"M","M","M","$","M","E","?","R","T","R","$","M","M","?","R","B",null,"M","M","?","?","$","R","M","E","T","R","T","E","M","M","R","B"],"character_chosen":"DEFECT","items_purchased":["Chemical X","Defragment","Glacier","Membership Card","Electrodynamics","Ball Lightning","Apotheosis"],"campfire_rested":1,"item_purchase_floors":[11,11,11,21,21,21,39],"current_hp_per_floor":[62,62,60,60,59,28,28,25,25,46,46,41,47,15,15,15,57,69,71,63,63,68,47,27,27,27,27,27,34,36,36,36,45,68,68,75,62,62,62,62,73,65,65,65,65,74,54,64,64,0,0],"gold":132,"neow_bonus":"UPGRADE_CARD","is_daily":false,"chose_seed":false,"campfire_upgraded":5,"win_rate":0.0,"timestamp":1609370851,"path_taken":["M","?","M","?","?","E","R","M","T","R","$","M","M","E","R","BOSS","M","M","M","$","M","E","?","R","T","R","?","?","M","?","R","BOSS","M","M","?","?","$","R","?","E","T","R","?","E","M","?","R","BOSS"],"items_purchased_type":["Relic","Card","Card","Relic","Card","Card","Card"],"build_version":"2020-12-22","purchased_purges":4,"victory":false,"max_hp_per_floor":[71,71,71,71,71,71,71,71,71,71,71,71,71,71,71,71,71,71,71,71,71,71,71,76,76,76,76,76,76,76,76,76,76,76,76,76,76,76,76,76,76,76,76,76,76,76,76,76,76,76,76],"relic_stats":{"Peace Pipe":2,"Lizard Tail":38,"counters":[27,164],"Turnip":[5],"Chemical X":[21],"Question Card":11,"Boot":[1],"obtain_stats":[{"Velvet Choker":17,"Vajra":42,"Incense Burner":9,"Frozen Egg 2":45,"Question Card":26,"Boot":46,"Old Coin":6,"Peace Pipe":14,"Lizard Tail":23,"Fusion Hammer":34,"Turnip":37,"Chemical X":11,"Membership Card":21,"Cracked Core":0},{"Velvet Choker":10,"Vajra":23,"Incense Burner":6,"Frozen Egg 2":23,"Question Card":15,"Boot":24,"Old Coin":5,"Peace Pipe":9,"Lizard Tail":15,"Fusion Hammer":18,"Turnip":21,"Chemical X":6,"Membership Card":13,"Cracked Core":0},{"Velvet Choker":51,"Vajra":141,"Incense Burner":22,"Frozen Egg 2":141,"Question Card":81,"Boot":150,"Old Coin":19,"Peace Pipe":36,"Lizard Tail":81,"Fusion Hammer":114,"Turnip":129,"Chemical X":22,"Membership Card":69,"Cracked Core":0}]},"card_choices":[{"not_picked":["Go for the Eyes","Hologram","Barrage"],"picked":"SKIP","floor":1.0},{"not_picked":["Steam","Turbo"],"picked":"Compile Driver","floor":3.0},{"not_picked":["Force Field","Compile Driver"],"picked":"Reinforced Body","floor":4.0},{"not_picked":["Barrage","Coolheaded"],"picked":"Sweeping Beam","floor":5.0},{"not_picked":["White Noise","Coolheaded"],"picked":"Self Repair","floor":6.0},{"not_picked":["Cold Snap","Go for the Eyes","Rip and Tear"],"picked":"SKIP","floor":8.0},{"not_picked":["Cold Snap","Conserve Battery"],"picked":"Seek","floor":12.0},{"not_picked":["Skim","Rebound"],"picked":"Cold Snap","floor":13.0},{"not_picked":["Compile Driver","Gash","Turbo"],"picked":"SKIP","floor":14.0},{"not_picked":["Reboot","Multi-Cast"],"picked":"Amplify","floor":16.0},{"not_picked":["Go for the Eyes","Leap"],"picked":"Defragment","floor":18.0},{"not_picked":["Go for the Eyes","Barrage"],"picked":"Glacier","floor":19.0},{"not_picked":["Go for the Eyes","Glacier+1"],"picked":"Blizzard","floor":20.0},{"not_picked":["Gash","Static Discharge"],"picked":"Chill","floor":22.0},{"not_picked":["Hello World","Redo","Conserve Battery"],"picked":"SKIP","floor":23.0},{"not_picked":["Heatsinks","Rebound+1","Go for the Eyes+1"],"picked":"Defragment","floor":29.0},{"not_picked":["Ball Lightning","Gash","Fission"],"picked":"Heatsinks+1","floor":30.0},{"not_picked":["Seek","Biased Cognition","Creative AI"],"picked":"Echo Form","floor":33.0},{"not_picked":["Streamline+1","Cold Snap","Conserve Battery"],"picked":"Gash+1","floor":35.0},{"not_picked":["Leap","Redo","Darkness"],"picked":"Self Repair+1","floor":36.0},{"not_picked":["Melter","Reprogram+1","Auto Shields+1","BootSequence"],"picked":"SKIP","floor":41.0},{"not_picked":["Go for the Eyes","Streamline+1","Stack"],"picked":"Consume","floor":42.0},{"not_picked":["Rebound","Compile Driver","Turbo","Stack+1"],"picked":"SKIP","floor":46},{"not_picked":["Static Discharge+1","Hologram","Chill"],"picked":"Defragment+1","floor":47},{"not_picked":["Stack","Hello World+1","Steam"],"picked":"Darkness+1","floor":48}],"player_experience":1417827,"relics_obtained":[{"floor":6.0,"key":"Old Coin"},{"floor":9.0,"key":"Incense Burner"},{"floor":14.0,"key":"Peace Pipe"},{"floor":23.0,"key":"Lizard Tail"},{"floor":26.0,"key":"Question Card"},{"floor":37.0,"key":"Turnip"},{"floor":42.0,"key":"Vajra"},{"floor":45.0,"key":"Frozen Egg 2"},{"floor":46,"key":"Boot"}],"event_choices":[{"damage_healed":0.0,"max_hp_gain":0.0,"max_hp_loss":0.0,"gold_gain":50.0,"event_name":"Golden Shrine","player_choice":"Pray","floor":2.0,"gold_loss":0.0,"damage_taken":0.0},{"damage_healed":0.0,"max_hp_gain":5.0,"max_hp_loss":0.0,"gold_gain":0.0,"event_name":"Forgotten Altar","player_choice":"Shed Blood","floor":24.0,"gold_loss":0.0,"damage_taken":25.0},{"damage_healed":0.0,"max_hp_gain":0.0,"max_hp_loss":0.0,"gold_gain":0.0,"event_name":"Cursed Tome","player_choice":"Ignored","floor":31.0,"gold_loss":0.0,"damage_taken":0.0},{"damage_healed":0.0,"max_hp_gain":0.0,"max_hp_loss":0.0,"gold_gain":0.0,"event_name":"MindBloom","player_choice":"Fight","floor":37.0,"gold_loss":0.0,"damage_taken":0.0},{"damage_healed":0.0,"max_hp_gain":0.0,"max_hp_loss":0.0,"gold_gain":0.0,"event_name":"Lab","player_choice":"Got Potions","floor":38.0,"gold_loss":0.0,"damage_taken":0.0}],"is_beta":false,"boss_relics":[{"not_picked":["Busted Crown","Inserter"],"picked":"Velvet Choker"},{"not_picked":["Tiny House","Runic Dome"],"picked":"Fusion Hammer"}],"items_purged_floors":[11,21,28,39],"is_endless":false,"potions_floor_spawned":[3,5,6,8,14,16,18,20,23,30,41,47,48],"killed_by":"Awakened One","ascension_level":20}}