{"host":"h1l2j95f0ioyx0nx","time":1609309321,"event":{"mods":["AchievementEnabler","BaseMod","BetterRewards","Gold Saver","Minty Spire (QoL Compilation)","Quick Restart","Replay The Spire","Shop Mod","Spicy Shops","StSLib","The Cursed","The Dragon Tamer","The Hierophant","The Poker Player","The Runesmith"],"gold_per_floor":[117,117,130,130,148,148,177,23,23,40,40,58,11,31,31,128,128,142,142,142,13,26,26,125,125,125,125,125,135,135,162,162,260,260,278,278,278,288,7,7,7,17,17,17,35,35,35,50,50,50,50],"floor_reached":50,"playtime":4107,"items_purged":[],"score":533,"play_id":"ade0c731-0f6f-4b6f-815b-c658a5d4867d","local_time":"20201230152201","is_ascension_mode":false,"campfire_choices":[{"floor":6,"key":"RECALL"},{"floor":11,"key":"REST"},{"floor":15,"key":"REST"},{"data":"TheCursedMod:CollectTribute","floor":23,"key":"SMITH"},{"floor":25,"key":"REST"},{"floor":32,"key":"REST"},{"data":"Mind Blast","floor":40,"key":"SMITH"},{"data":"TheCursedMod:Neurasthenia","floor":41,"key":"SMITH"},{"data":"TheCursedMod:HellfireBreathing","floor":44,"key":"SMITH"},{"floor":46,"key":"REST"},{"floor":49,"key":"DIG"}],"circlet_count":0,"master_deck":["TheCursedMod:Strike_TheCursed","TheCursedMod:Strike_TheCursed","TheCursedMod:Strike_TheCursed","TheCursedMod:Defend_TheCursed","TheCursedMod:Defend_TheCursed","TheCursedMod:Defend_TheCursed","TheCursedMod:CursedWand","TheCursedMod:CleanUpWorkshop","TheCursedMod:Dregs","TheCursedMod:ReleasedKnowledge+1","TheCursedMod:WearCloak","TheCursedMod:BlessingInDisguise","Mind Blast+1","TheCursedMod:CircleOfCorruption","TheCursedMod:ReleasedStrength","TheCursedMod:AbyssShockwave","TheCursedMod:HellfireBreathing+1","TheCursedMod:SurpriseAttack","TheCursedMod:CursedBoomerang","TheCursedMod:CircleOfFlame","TheCursedMod:CursedStaff","TheCursedMod:CollectTribute+1","ReplayTheSpireMod:Doomed","ReplayTheSpireMod:Splinters","TheCursedMod:Dregs","TheCursedMod:Torture+1","TheCursedMod:ReleasedKnowledge+1","TheCursedMod:HellsGateOpen+1","TheCursedMod:CircleOfAbyss","TheCursedMod:CursedArmor","TheCursedMod:RavingStaff","TheCursedMod:FuryStrike","TheCursedMod:Evocation+1","TheCursedMod:Neurasthenia+1","TheCursedMod:RapidMovement","TheCursedMod:ReleasedStrength+1","TheCursedMod:CursedMace","TheCursedMod:AshesToAshes","TheCursedMod:RapidMovement","Transmutation","Apotheosis","Magnetism+1","TheCursedMod:Evocation"],"relics":["TheCursedMod:BlackMagic101","Sundial","Lantern","Replay:Ancient Bell","Happy Flower","Frozen Egg 2","Gambling Chip","TheCursedMod:DemonicMark","Replay:Accelerometer","WingedGreaves","Philosopher\u0027s Stone","Blood Vial","Membership Card","Blue Doll","Lee\u0027s Waffle","Kunai","Bottled Lightning"],"acts_visited":["Exordium","TheCity","TheBeyond"],"potions_floor_usage":[16,18,33,50,50],"damage_taken":[{"damage":0,"enemies":"Jaw Worm","floor":1,"turns":5},{"damage":0,"enemies":"Small Slimes","floor":3,"turns":5},{"damage":0,"enemies":"Cultist","floor":5,"turns":3},{"damage":49,"enemies":"3 Sentries","floor":7,"turns":17},{"damage":13,"enemies":"Red Slaver","floor":10,"turns":4},{"damage":10,"enemies":"Exordium Thugs","floor":12,"turns":3},{"damage":6,"enemies":"Large Slime","floor":14,"turns":3},{"damage":1,"enemies":"Slime Boss","floor":16,"turns":5},{"damage":10,"enemies":"2 Thieves","floor":18,"turns":2},{"damage":14,"enemies":"3 Byrds","floor":22,"turns":4},{"damage":10,"enemies":"Sentry and Sphere","floor":29,"turns":3},{"damage":22,"enemies":"Book of Stabbing","floor":31,"turns":5},{"damage":41,"enemies":"Automaton","floor":33,"turns":8},{"damage":6,"enemies":"Orb Walker","floor":35,"turns":3},{"damage":3,"enemies":"3 Darklings","floor":38,"turns":3},{"damage":19,"enemies":"Sphere and 2 Shapes","floor":42,"turns":4},{"damage":42,"enemies":"Writhing Mass","floor":45,"turns":4},{"damage":0,"enemies":"Jaw Worm Horde","floor":48,"turns":3},{"damage":57,"enemies":"Awakened One","floor":50,"turns":7}],"seed_played":"-4556696120702517233","potions_obtained":[{"floor":1,"key":"TheCursedMod:DregsPotion"},{"floor":3,"key":"Fire Potion"},{"floor":7,"key":"PowerPotion"},{"floor":31,"key":"DistilledChaos"},{"floor":33,"key":"Energy Potion"},{"floor":38,"key":"Venom Potion"}],"is_trial":false,"path_per_floor":["M","?","M","?","M","R","E","$","T","M","R","M","$","M","R","B",null,"M","?","?","$","M","R","?","R","T","?","?","M","T","E","R","B",null,"M","T","?","M","$","R","R","M","T","R","M","R","?","M","R","B"],"character_chosen":"THE_CURSED","items_purchased":["TheCursedMod:AbyssShockwave","TheCursedMod:HellfireBreathing","TheCursedMod:CircleOfFlame","TheCursedMod:ReleasedKnowledge+1","TheCursedMod:HellsGateOpen+1","Membership Card","Blue Doll","Lee\u0027s Waffle","TheCursedMod:CursedMace"],"campfire_rested":5,"item_purchase_floors":[8,8,13,21,21,39,39,39,39],"current_hp_per_floor":[82,75,75,75,75,75,26,26,26,13,37,27,27,21,45,44,82,72,72,56,56,42,42,42,68,68,68,68,58,58,36,62,21,87,81,81,81,80,94,94,94,75,75,75,35,63,53,55,55,0,0],"gold":50,"neow_bonus":"TEN_PERCENT_HP_BONUS","is_daily":false,"chose_seed":false,"campfire_upgraded":4,"win_rate":0.0,"timestamp":1609309321,"path_taken":["M","?","M","?","M","R","E","$","T","M","R","?","?","M","R","BOSS","M","?","?","?","M","R","?","R","T","?","?","M","?","E","R","BOSS","M","?","?","?","$","R","R","M","T","R","M","R","?","M","R","BOSS"],"items_purchased_type":["Card","Card","Card","Card","Card","Relic","Relic","Relic","Card"],"build_version":"2020-12-22","purchased_purges":0,"victory":false,"max_hp_per_floor":[82,82,82,82,82,82,82,82,82,82,82,82,82,82,82,82,82,82,82,87,87,87,87,87,87,87,87,87,87,87,87,87,87,87,87,87,87,87,94,94,94,94,94,94,94,94,94,94,94,94,94],"card_choices":[{"not_picked":["TheCursedMod:BloodBarrier","TheCursedMod:CursedShiv"],"picked":"TheCursedMod:ReleasedKnowledge","floor":1},{"not_picked":["TheCursedMod:RavingStaff","TheCursedMod:TacticalStrike"],"picked":"TheCursedMod:WearCloak","floor":3},{"not_picked":["TheCursedMod:Wield","TheCursedMod:Evocation"],"picked":"TheCursedMod:CircleOfCorruption","floor":5},{"not_picked":["TheCursedMod:VitalStrike","TheCursedMod:CircleOfCorruption"],"picked":"TheCursedMod:ReleasedStrength","floor":7},{"not_picked":["TheCursedMod:Wield","TheCursedMod:TacticalStrike"],"picked":"TheCursedMod:SurpriseAttack","floor":10},{"not_picked":["TheCursedMod:Hemoplague","TheCursedMod:TacticalStrike"],"picked":"TheCursedMod:CursedBoomerang","floor":12},{"not_picked":["TheCursedMod:UltimatePain","TheCursedMod:RavingStaff"],"picked":"TheCursedMod:CursedStaff","floor":14},{"not_picked":["TheCursedMod:DemonicPact","TheCursedMod:CircleOfAbyss"],"picked":"TheCursedMod:CollectTribute","floor":16},{"not_picked":["ReplayTheSpireMod:IOU","Spreading Infection"],"picked":"ReplayTheSpireMod:Doomed","floor":17},{"not_picked":["Replay:Hysterical Blindness","Normality"],"picked":"ReplayTheSpireMod:Splinters","floor":17},{"not_picked":["Spreading Infection","Overencumbered"],"picked":"TheCursedMod:Dregs","floor":17},{"not_picked":["TheCursedMod:FleshFromBone","TheCursedMod:Wield"],"picked":"TheCursedMod:Torture+1","floor":18},{"not_picked":["TheCursedMod:DoubleShield","TheCursedMod:CursedMace+1"],"picked":"TheCursedMod:CircleOfAbyss","floor":22},{"not_picked":["TheCursedMod:BloodBarrier","TheCursedMod:StingEye"],"picked":"TheCursedMod:FuryStrike","floor":29},{"not_picked":["TheCursedMod:FleshFromBone+1","TheCursedMod:CircleOfBlood"],"picked":"TheCursedMod:Evocation+1","floor":31},{"not_picked":["TheCursedMod:NeowsMight","TheCursedMod:StunningStrike"],"picked":"TheCursedMod:Neurasthenia","floor":33},{"not_picked":["TheCursedMod:Stretching+1","TheCursedMod:CircleOfWindfury+1"],"picked":"TheCursedMod:RapidMovement","floor":35},{"not_picked":["TheCursedMod:CircleOfCorruption","TheCursedMod:FleshFromBone+1"],"picked":"TheCursedMod:ReleasedStrength+1","floor":38},{"not_picked":["TheCursedMod:ManaBullet","TheCursedMod:CursedAmulet+1"],"picked":"TheCursedMod:AshesToAshes","floor":42},{"not_picked":["TheCursedMod:BlessingInDisguise","TheCursedMod:PrepareRite+1"],"picked":"TheCursedMod:RapidMovement","floor":45},{"not_picked":["Replay:Sssssssssshield","Forethought"],"picked":"Transmutation","floor":47},{"not_picked":["Panacea","Blind"],"picked":"Apotheosis","floor":47},{"not_picked":["Apotheosis","Replay:Bootleg Shield Generator"],"picked":"Magnetism+1","floor":47},{"not_picked":["TheCursedMod:Stretching+1","TheCursedMod:CursedMace+1"],"picked":"TheCursedMod:Evocation","floor":48}],"player_experience":108914,"relics_obtained":[{"floor":7,"key":"Lantern"},{"floor":26,"key":"TheCursedMod:DemonicMark"},{"floor":30,"key":"Replay:Accelerometer"},{"floor":31,"key":"WingedGreaves"},{"floor":36,"key":"Blood Vial"},{"floor":43,"key":"Kunai"},{"floor":49,"key":"Bottled Lightning"}],"event_choices":[{"damage_healed":0,"gold_gain":0,"player_choice":"Success","damage_taken":7,"relics_obtained":["Sundial"],"max_hp_gain":0,"max_hp_loss":0,"event_name":"Scrap Ooze","floor":2,"gold_loss":0},{"damage_healed":0,"gold_gain":0,"player_choice":"2 cards matched","damage_taken":0,"max_hp_gain":0,"max_hp_loss":0,"event_name":"Match and Keep!","floor":4,"gold_loss":0,"cards_obtained":["TheCursedMod:BlessingInDisguise","Mind Blast"]},{"damage_healed":0,"gold_gain":0,"player_choice":"Ignored","damage_taken":0,"max_hp_gain":0,"max_hp_loss":0,"event_name":"Ghosts","floor":19,"gold_loss":0},{"damage_healed":0,"gold_gain":0,"player_choice":"Shed Blood","damage_taken":21,"max_hp_gain":5,"max_hp_loss":0,"event_name":"Forgotten Altar","floor":20,"gold_loss":0},{"damage_healed":0,"gold_gain":99,"player_choice":"Stole From Cult","damage_taken":0,"max_hp_gain":0,"max_hp_loss":0,"event_name":"Nest","floor":24,"gold_loss":0},{"damage_healed":0,"gold_gain":0,"cards_transformed":["TheCursedMod:Strike_TheCursed","TheCursedMod:Defend_TheCursed"],"player_choice":"Became Test Subject","damage_taken":0,"max_hp_gain":0,"max_hp_loss":0,"event_name":"Drug Dealer","floor":27,"gold_loss":0,"cards_obtained":["TheCursedMod:CursedArmor","TheCursedMod:RavingStaff"]},{"damage_healed":0,"gold_gain":0,"player_choice":"Ignored","damage_taken":0,"max_hp_gain":0,"max_hp_loss":0,"event_name":"Vampires","floor":28,"gold_loss":0},{"damage_healed":0,"gold_gain":0,"player_choice":"Upgraded","damage_taken":0,"max_hp_gain":0,"max_hp_loss":0,"event_name":"Upgrade Shrine","floor":37,"gold_loss":0,"cards_upgraded":["TheCursedMod:ReleasedKnowledge"]},{"damage_healed":0,"gold_gain":0,"player_choice":"Memory 3","damage_taken":10,"max_hp_gain":0,"max_hp_loss":0,"event_name":"SensoryStone","floor":47,"gold_loss":0}],"is_beta":false,"boss_relics":[{"not_picked":["Tiny House","ReplayTheSpireMod:DimensionalGlitch"],"picked":"Replay:Ancient Bell"},{"not_picked":["MealTicket","Vajra"],"picked":"Happy Flower"},{"not_picked":["Meat on the Bone","Mummified Hand"],"picked":"Frozen Egg 2"},{"not_picked":["Replay:Multitool","Shovel"],"picked":"Gambling Chip"},{"not_picked":["TheCursedMod:BlackMagicAdvanced","SacredBark"],"picked":"Philosopher\u0027s Stone"}],"items_purged_floors":[],"is_endless":false,"potions_floor_spawned":[1,3,7,31,33,38,42],"killed_by":"Awakened One","ascension_level":0}}