{"host":"ixqzyafodex1tsi5","time":1609333806,"event":{"mods":["AchievementEnabler","Act Like it!","BaseMod","Gensokyo","GifTheSpireLib","Hallownest","KinomotoSakuraMod(木之本樱)","Lobotomy","LobotomyExtend","Minty Spire (QoL Compilation)","Relic Stats","Replay The Spire","RumiaBox-露米娅的神秘盒子","Spicy Shops","StSLib","The Bug Knight","[IsaacMod]以撒尖塔","【功能Mod】混沌之环修复补丁","【遗物卡牌】REMEMod"],"gold_per_floor":[116,116,291,311,311,23,23,43,43,81,128,228,281,308,308,449,449,468,567,622,722,757,757,672,30,109,109,133,154,29,54,68,68],"floor_reached":4,"playtime":1769,"items_purged":["Writhe","Doubt"],"score":112,"play_id":"43cf896c-7b17-4b22-bafc-27814543cc1d","local_time":"20201230211006","is_ascension_mode":false,"campfire_choices":[{"data":"HollowMod:DesolateDive","floor":7,"key":"SMITH"},{"data":"HollowMod:HuntersJournal","floor":15,"key":"SMITH"},{"data":"HollowMod:LifebloodCocoon","floor":23,"key":"SMITH"},{"data":"HollowMod:SoulStrike","floor":27,"key":"SMITH"}],"circlet_count":0,"master_deck":["HollowMod:NailStrikeStart","HollowMod:NailStrikeStart","HollowMod:NailStrikeStart","HollowMod:NailStrikeStart","HollowMod:QuickDashStart","HollowMod:QuickDashStart","HollowMod:QuickDashStart","HollowMod:QuickDashStart","HollowMod:FocusHealStart+1","HollowMod:PogoStrike","Replay:Sssssssssshield","EpicFetus","HollowMod:DesolateDive+1","HollowMod:SoulSplash","HollowMod:QuirrelsAssistance","HollowMod:HuntersJournal+1","HollowMod:LifebloodCocoon+1","HollowMod:NewLittleFool","HollowMod:SiblingsSouls","HollowMod:SoulMaster+1","HollowMod:Weaversong+1","HollowMod:NewJinnsSoul","HollowMod:SoulStrike+1","HollowMod:DoubleDash","HollowMod:GrimmsGift+1"],"relics":["HollowMod:VesselMask","REME_ComplimentaryCards","HushsDoor","SatanicBible","SalivaCoin","Ccalipers","Frozen Egg 2","GuppysTail","Ice Cream","EasyGame_NEW","GuppysHairball","HollowMod:MillibellesNoteRelic","Membership Card","Potion Belt","REME_CardOfGreed","Pen Nib","White Beast Statue","Replay:Kaleidoscope","UnicornStump","LetterFromLob","Strawberry","InspiredRelic","MagicBullet_r"],"acts_visited":["Exordium","TheCity"],"potions_floor_usage":[11,16],"damage_taken":[{"damage":7,"enemies":"2 Louse","floor":1,"turns":3},{"damage":4,"enemies":"Small Slimes","floor":4,"turns":4},{"damage":0,"enemies":"Jaw Worm","floor":8,"turns":3},{"damage":8,"enemies":"Large Slime","floor":10,"turns":6},{"damage":0,"enemies":"Lagavulin","floor":11,"turns":4},{"damage":40,"enemies":"Gremlin Nob","floor":13,"turns":5},{"damage":2,"enemies":"3 Louse","floor":14,"turns":5},{"damage":43,"enemies":"HollowMod:FalseKnight","floor":16,"turns":9},{"damage":0,"enemies":"Shell Parasite","floor":18,"turns":3},{"damage":12,"enemies":"3 Byrds","floor":20,"turns":2},{"damage":15,"enemies":"Snake Plant","floor":22,"turns":3},{"damage":0,"enemies":"Sentry and Sphere","floor":28,"turns":3},{"damage":11,"enemies":"Jaw Worm","floor":1,"turns":2},{"damage":0,"enemies":"2 Louse","floor":3,"turns":1}],"seed_played":"8573452608663378257","potions_obtained":[{"floor":4,"key":"Reflective Coating"},{"floor":8,"key":"EssenceOfSteel"},{"floor":13,"key":"Cursed Concoction"},{"floor":14,"key":"BlessingOfTheForge"},{"floor":28,"key":"AttackPotion"},{"floor":1,"key":"Weak Potion"},{"floor":3,"key":"FearPotion"}],"is_trial":false,"path_per_floor":["M","?","?","M","?","$","R","M","T","M","E","?","E","M","R","B",null,"M","?","M","?","M","R","?","$","T","R","M","M","M","$","M","M"],"character_chosen":"THE_BUGKNIGHT","items_purchased":["SalivaCoin","Ccalipers","GuppysHairball","HollowMod:Weaversong+1","Membership Card","Potion Belt","REME_CardOfGreed","Pen Nib","White Beast Statue","Replay:Kaleidoscope","Strawberry"],"campfire_rested":0,"item_purchase_floors":[6,6,17,17,25,25,25,25,25,25,2],"current_hp_per_floor":[68,68,68,70,70,70,70,70,70,68,74,74,40,48,48,17,62,62,62,50,50,41,41,41,41,41,41,47,51,58,58,0,0],"gold":68,"neow_bonus":"RANDOM_COLORLESS","is_daily":false,"chose_seed":false,"campfire_upgraded":4,"win_rate":0.0,"timestamp":1609333806,"path_taken":["M","?","?","M","?","$","R","M","T","M","E","?","E","M","R","BOSS","M","?","M","?","M","R","?","?","T","R","M","M","M","$","M","M"],"items_purchased_type":["Relic","Relic","Relic","Card","Relic","Relic","Relic","Relic","Relic","Relic","Relic"],"build_version":"2020-12-22","purchased_purges":2,"victory":false,"max_hp_per_floor":[75,75,75,75,75,75,75,75,75,75,75,75,75,75,75,75,62,62,62,62,62,62,62,62,62,62,62,62,62,69,69,64,64],"relic_stats":{"counters":[14,53],"Pen Nib":[1],"obtain_stats":[{"KeepersGift":0,"Ice Cream":13,"Potion Belt":25,"GuppysTail":11,"UnicornStump":26,"MagicBullet_r":4,"HollowMod:VesselMask":0,"Pen Nib":25,"Replay:Kaleidoscope":25,"Frozen Egg 2":9,"HollowMod:MillibellesNoteRelic":24,"White Beast Statue":25,"SatanicBible":0,"Ccalipers":6,"Strawberry":2,"LetterFromLob":1,"SalivaCoin":6,"GuppysHairball":17,"Membership Card":25,"REME_CardOfGreed":25,"HushsDoor":0,"InspiredRelic":4,"EasyGame_NEW":17,"REME_ComplimentaryCards":0},{"KeepersGift":0,"Ice Cream":6,"Potion Belt":11,"GuppysTail":5,"UnicornStump":11,"MagicBullet_r":14,"HollowMod:VesselMask":0,"Pen Nib":11,"Replay:Kaleidoscope":11,"Frozen Egg 2":3,"HollowMod:MillibellesNoteRelic":11,"White Beast Statue":11,"SatanicBible":0,"Ccalipers":2,"Strawberry":13,"LetterFromLob":1,"SalivaCoin":2,"GuppysHairball":8,"Membership Card":11,"REME_CardOfGreed":11,"HushsDoor":0,"InspiredRelic":14,"EasyGame_NEW":8,"REME_ComplimentaryCards":0},{"KeepersGift":0,"Ice Cream":25,"Potion Belt":47,"GuppysTail":20,"UnicornStump":47,"MagicBullet_r":53,"HollowMod:VesselMask":0,"Pen Nib":47,"Replay:Kaleidoscope":47,"Frozen Egg 2":10,"HollowMod:MillibellesNoteRelic":47,"White Beast Statue":47,"SatanicBible":0,"Ccalipers":7,"Strawberry":52,"LetterFromLob":3,"SalivaCoin":7,"GuppysHairball":39,"Membership Card":47,"REME_CardOfGreed":47,"HushsDoor":0,"InspiredRelic":53,"EasyGame_NEW":39,"REME_ComplimentaryCards":0}]},"card_choices":[{"not_picked":["Enlightenment","Jack Of All Trades"],"picked":"Replay:Sssssssssshield","floor":0},{"not_picked":["HollowMod:SharpenedShadows","HollowMod:WraithStrike"],"picked":"HollowMod:DesolateDive","floor":1},{"not_picked":["HollowMod:DoubleDash","HollowMod:TaintedHusks"],"picked":"HollowMod:SoulSplash","floor":4},{"not_picked":["HollowMod:CornifersMapStart","HollowMod:MawleksShell"],"picked":"HollowMod:QuirrelsAssistance","floor":8},{"not_picked":["HollowMod:InfectedAttack","HollowMod:GrimmsGift"],"picked":"HollowMod:HuntersJournal","floor":10},{"not_picked":["HollowMod:SoulSplash","HollowMod:SoulStrike"],"picked":"HollowMod:LifebloodCocoon","floor":11},{"not_picked":["HollowMod:CloakDash","HollowMod:WraithStrike"],"picked":"HollowMod:NewLittleFool","floor":12},{"not_picked":["HollowMod:InfectedCysts","HollowMod:DescendingDark"],"picked":"HollowMod:SiblingsSouls","floor":13},{"not_picked":["HollowMod:RecoilStrike","HollowMod:HeavyBlow","HollowMod:InfectedCysts"],"picked":"SKIP","floor":14},{"not_picked":["HollowMod:AwokenDreamNail","HollowMod:theNailsmith"],"picked":"HollowMod:SoulMaster+1","floor":16},{"not_picked":["HollowMod:WraithStrike","HollowMod:HowlingWraiths","HollowMod:TaintedHusks"],"picked":"SKIP","floor":18},{"not_picked":["HollowMod:BlackTendrils","HollowMod:VoidDash"],"picked":"HollowMod:NewJinnsSoul","floor":20},{"not_picked":["HollowMod:SiblingsShadow+1","HollowMod:GreatSlash"],"picked":"HollowMod:SoulStrike","floor":21},{"not_picked":["HollowMod:GreatSlash","HollowMod:CornifersMapStart+1"],"picked":"HollowMod:DoubleDash","floor":22},{"not_picked":["HollowMod:FastStrike","HollowMod:SiblingsSouls"],"picked":"HollowMod:GrimmsGift+1","floor":28},{"not_picked":["HollowMod:CoiledNail","HollowMod:DashSlash","HollowMod:SoulSplash"],"picked":"SKIP","floor":1},{"not_picked":["HollowMod:InfectionAssault","HollowMod:LifebloodCocoon","HollowMod:MothsMistake+1"],"picked":"SKIP","floor":3}],"player_experience":152513,"relics_obtained":[{"floor":1,"key":"LetterFromLob"},{"floor":9,"key":"Frozen Egg 2"},{"floor":11,"key":"GuppysTail"},{"floor":13,"key":"Ice Cream"},{"floor":26,"key":"UnicornStump"},{"floor":1,"key":"LetterFromLob"}],"event_choices":[{"damage_healed":0,"gold_gain":175,"player_choice":"AGREE","damage_taken":0,"max_hp_gain":0,"max_hp_loss":0,"event_name":"Liars Game","floor":3,"gold_loss":0,"cards_obtained":["Doubt"]},{"damage_healed":0,"gold_gain":0,"player_choice":"Grow","damage_taken":0,"max_hp_gain":0,"max_hp_loss":0,"event_name":"Living Wall","floor":5,"gold_loss":0,"cards_upgraded":["HollowMod:FocusHealStart"]},{"damage_healed":0,"gold_gain":99,"player_choice":"Stole From Cult","damage_taken":0,"max_hp_gain":0,"max_hp_loss":0,"event_name":"Nest","floor":19,"gold_loss":0},{"damage_healed":0,"gold_gain":0,"player_choice":"Obtained Relic","damage_taken":0,"relics_obtained":["HollowMod:MillibellesNoteRelic"],"max_hp_gain":0,"max_hp_loss":0,"event_name":"Addict","floor":24,"gold_loss":85}],"is_beta":false,"boss_relics":[{"not_picked":["ReplayTheSpireMod:DimensionalGlitch","Busted Crown"],"picked":"EasyGame_NEW"},{"not_picked":[]}],"items_purged_floors":[6,2],"is_endless":false,"potions_floor_spawned":[4,8,13,14,20,28,1,3],"ascension_level":0}}