{"host":"sav7uxregyirlf69","time":1609309436,"event":{"mods":["AchievementEnabler","BaseMod","Colored Map","DeckTracker","Keyboard Shortcuts","Minty Spire (QoL Compilation)","READ ME - Guardian Mod","StSLib","SuperFastMode"],"gold_per_floor":[12,12,27,42,53,53,53,53],"floor_reached":7,"playtime":124,"items_purged":[],"score":86,"play_id":"c7fdaf41-5297-4840-82a3-1ba288901d38","local_time":"20201230152356","is_ascension_mode":true,"campfire_choices":[{"data":"Terror","floor":6,"key":"SMITH"}],"circlet_count":0,"master_deck":["AscendersBane","Strike_G","Strike_G","Strike_G","Strike_G","Strike_G","Defend_G","Defend_G","Defend_G","Defend_G","Defend_G","Survivor","Neutralize","Glass Knife","Calculated Gamble","Decay","Dagger Throw","PiercingWail","Terror+1"],"relics":["Ring of the Snake"],"acts_visited":["Exordium"],"potions_floor_usage":[7],"damage_taken":[{"damage":0,"enemies":"Cultist","floor":1,"turns":3},{"damage":1,"enemies":"Small Slimes","floor":3,"turns":4},{"damage":1,"enemies":"Jaw Worm","floor":4,"turns":3},{"damage":18,"enemies":"Blue Slaver","floor":5,"turns":5},{"damage":41,"enemies":"3 Sentries","floor":7,"turns":6}],"seed_played":"6421559433567468831","potions_obtained":[{"floor":1,"key":"SteroidPotion"},{"floor":3,"key":"BlessingOfTheForge"}],"is_trial":false,"path_per_floor":["M","?","M","M","M","R","E"],"character_chosen":"THE_SILENT","items_purchased":[],"campfire_rested":0,"item_purchase_floors":[],"current_hp_per_floor":[59,59,58,57,39,39,0,0],"gold":53,"neow_bonus":"THREE_RARE_CARDS","is_daily":false,"chose_seed":false,"campfire_upgraded":1,"win_rate":0.0,"timestamp":1609309436,"path_taken":["M","?","?","M","M","R","E"],"items_purchased_type":[],"build_version":"2020-12-22","purchased_purges":0,"victory":false,"max_hp_per_floor":[66,66,66,66,66,66,66,66],"card_choices":[{"not_picked":["Storm of Steel","Wraith Form v2"],"picked":"Glass Knife","floor":0},{"not_picked":["Choke","Slice"],"picked":"Calculated Gamble","floor":1},{"not_picked":["Skewer","Heel Hook"],"picked":"Dagger Throw","floor":3},{"not_picked":["Sucker Punch","Flying Knee"],"picked":"PiercingWail","floor":4},{"not_picked":["Eviscerate","Dagger Throw"],"picked":"Terror","floor":5}],"player_experience":1067232,"relics_obtained":[],"event_choices":[{"damage_healed":0,"gold_gain":0,"player_choice":"Cursed","damage_taken":0,"max_hp_gain":0,"max_hp_loss":0,"event_name":"Wheel of Change","floor":2,"gold_loss":0,"cards_obtained":["Decay"]}],"is_beta":false,"boss_relics":[],"items_purged_floors":[],"is_endless":false,"potions_floor_spawned":[1,3,4,5],"killed_by":"3 Sentries","ascension_level":20}}