{"host":"gk9qdtkqd8dwfeg2","time":1609336179,"event":{"mods":["Aspiration","BaseMod","Colored Powertips","KomeijiMod","Minty Spire (QoL Compilation)","Quick Restart","Replay The Spire","Shop Mod","StSLib","TestMod","The Gatherer","The Servant 0.9.4","Waifu the Spire","WarShipGirlsR/战舰少女R mod","Yuri Mod","【功能Mod】聪明的最终Boss"],"gold_per_floor":[114,129,129,529,541,541,541,576,599,618,651,669,669,689,689,787,787,800,817,537,551,551,551,576,594,594,606,633,650,676,601,601,706,706,718,678,690,242,149,149,149,183,234,266,266,293,21,35,35,35,35,35,23,50,50],"floor_reached":56,"playtime":2669,"items_purged":["Dropkick","Bash+1"],"score":2371,"play_id":"a122cac2-b722-4eb3-addd-a5776aa2df34","local_time":"20201230214939","is_ascension_mode":true,"campfire_choices":[{"data":"Bash","floor":6.0,"key":"SMITH"},{"data":"Abandon","floor":15.0,"key":"SMITH"},{"data":"Pommel Strike","floor":23.0,"key":"SMITH"},{"data":"Barricade","floor":32.0,"key":"SMITH"},{"data":"Muse","floor":40.0,"key":"SMITH"},{"data":"Replay:Many Hands","floor":45.0,"key":"SMITH"},{"floor":49.0,"key":"RECALL"},{"data":"ReplayTheSpireMod:Brewmster","floor":52.0,"key":"SMITH"}],"circlet_count":0,"master_deck":["Dropkick+1","Eclipse","Abandon+1","Replay:Many Hands+1","Barricade+1","Ghostly Armor","Dark Embrace","Ghostly Armor","Rage","Feed+1","Body Slam+1","Thunderclap+1","Evolve+1","Midas Touch","Pommel Strike+1","Dark Embrace+1","Bloodletting+1","ReplayTheSpireMod:Stacked","Burning Pact+1","Shrug It Off+1","Power Through","Second Wind","Shockwave","Muse+1","Shockwave+1","Entrench+1","ReplayTheSpireMod:Brewmster+1","testmod-Superconductor","Feel No Pain","Dual Wield"],"relics":["Burning Blood","testmod-BlackFramedGlasses","NeowsBlessing","Meat on the Bone","Omamori","Red Skull","Replay:Wax Seal","testmod-LifeArmor","SlaversCollar","Coffee Dripper","testmod-TimeTraveler","MerchantsRug","Anchor","Bottled Flame","Replay:Mystery Machine","aspiration:DefectSkillbook","Bottled Tornado","Toy Ornithopter","aspiration:HiddenCompartment","Blue Doll","aspiration:ChemicalBlood","ReplayTheSpireMod:ShopPack","HoshigumaDish"],"acts_visited":["Exordium","TheCity","TheBeyond","TheEnding"],"potions_floor_usage":[54,54,54,54,55,55,55,55,55,55,55],"damage_taken":[{"damage":0.0,"enemies":"Cultist","floor":1.0,"turns":1.0},{"damage":0.0,"enemies":"2 Louse","floor":2.0,"turns":1.0},{"damage":0.0,"enemies":"Jaw Worm","floor":5.0,"turns":1.0},{"damage":44.0,"enemies":"3 Sentries","floor":8.0,"turns":14.0},{"damage":3.0,"enemies":"Large Slime","floor":10.0,"turns":3.0},{"damage":27.0,"enemies":"Lagavulin","floor":11.0,"turns":4.0},{"damage":0.0,"enemies":"Exordium Wildlife","floor":12.0,"turns":2.0},{"damage":7.0,"enemies":"Exordium Thugs","floor":14.0,"turns":4.0},{"damage":45.0,"enemies":"Slime Boss","floor":16.0,"turns":6.0},{"damage":24.0,"enemies":"2 Thieves","floor":18.0,"turns":5.0},{"damage":3.0,"enemies":"3 Byrds","floor":19.0,"turns":9.0},{"damage":6.0,"enemies":"Cultist and Chosen","floor":21.0,"turns":6.0},{"damage":13.0,"enemies":"Gremlin Leader","floor":24.0,"turns":4.0},{"damage":8.0,"enemies":"Snake Plant","floor":25.0,"turns":3.0},{"damage":0.0,"enemies":"3 Cultists","floor":27.0,"turns":3.0},{"damage":22.0,"enemies":"Book of Stabbing","floor":28.0,"turns":3.0},{"damage":18.0,"enemies":"Snecko","floor":29.0,"turns":4.0},{"damage":12.0,"enemies":"Pondfish","floor":33.0,"turns":3.0},{"damage":0.0,"enemies":"Orb Walker","floor":35.0,"turns":3.0},{"damage":3.0,"enemies":"3 Shapes","floor":37.0,"turns":4.0},{"damage":12.0,"enemies":"Giant Head","floor":42.0,"turns":2.0},{"damage":3.0,"enemies":"R_Hoarder","floor":44.0,"turns":3.0},{"damage":6.0,"enemies":"Nemesis","floor":46.0,"turns":5.0},{"damage":6.0,"enemies":"Sphere and 2 Shapes","floor":48.0,"turns":4.0},{"damage":12.0,"enemies":"Awakened One","floor":50.0,"turns":15.0},{"damage":21,"enemies":"Shield and Spear","floor":54,"turns":6},{"damage":6,"enemies":"The Heart","floor":55,"turns":6}],"seed_played":"-5876854375883717688","potions_obtained":[{"floor":5.0,"key":"testmod-EscapePotion"},{"floor":10.0,"key":"Venom Potion"},{"floor":12.0,"key":"Energy Potion"},{"floor":14.0,"key":"Energy Potion"},{"floor":19.0,"key":"Explosive Potion"},{"floor":29.0,"key":"FearPotion"},{"floor":33.0,"key":"ElixirPotion"},{"floor":35.0,"key":"EntropicBrew"},{"floor":36.0,"key":"HeartOfIron"},{"floor":36.0,"key":"GamblersBrew"},{"floor":36.0,"key":"AttackPotion"}],"is_trial":false,"path_per_floor":["M","M","T","?","M","R","?","E","T","M","E","M","T","M","R","B",null,"M","M","$","M","?","R","E","M","T","M","E","M","T","?","R","B",null,"M","?","M","$","$","R","?","E","T","E","R","E","$","M","R","B",null,"R","$","E","B",null],"character_chosen":"IRONCLAD","items_purchased":["MerchantsRug","BargainBundle","Whetstone","SpeedPotion","testmod-SpacePotion","ColorlessPotion","Evolve+1","Midas Touch","Pommel Strike","Second Wind","Shockwave","Bottled Tornado","Muse","aspiration:ChemicalBlood","ReplayTheSpireMod:ShopPack","Feel No Pain","Dual Wield"],"campfire_rested":0,"item_purchase_floors":[20,20,20,20,20,20,20,20,20,38,38,38,39,47,47,53,53],"current_hp_per_floor":[79,80,80,80,80,80,64,52,52,58,53,61,61,64,64,43,71,61,76,76,86,100,100,96,101,101,108,97,93,93,93,93,90,110,116,116,116,116,116,116,116,115,115,124,124,128,128,132,132,132,132,132,132,132,132],"gold":50,"neow_bonus":"THREE_ENEMY_KILL","is_daily":false,"chose_seed":false,"campfire_upgraded":7,"win_rate":0.0,"timestamp":1609336179,"path_taken":["M","M","?","?","?","R","?","E","T","M","E","M","?","?","R","BOSS","M","M","$","M","?","R","E","M","T","?","E","M","?","?","R","BOSS","M","?","M","?","$","R","?","E","T","E","R","E","$","M","R","BOSS","R","$","E","BOSS"],"items_purchased_type":["Relic","Relic","Relic","Potion","Potion","Potion","Card","Card","Card","Card","Card","Relic","Card","Relic","Relic","Card","Card"],"build_version":"2020-12-22","purchased_purges":2,"victory":true,"max_hp_per_floor":[80,80,80,80,80,80,80,80,80,80,80,80,80,80,80,80,80,83,86,86,90,100,100,100,104,104,108,112,116,116,116,116,116,116,116,116,116,116,116,116,116,120,120,124,124,128,128,132,132,132,132,132,132,132,132],"card_choices":[{"not_picked":["True Grit","Wild Strike"],"picked":"Dropkick","floor":1.0},{"not_picked":["Anger","True Grit","Clothesline"],"picked":"SKIP","floor":2.0},{"not_picked":["Perfected Strike","Sever Soul"],"picked":"Dropkick","floor":5.0},{"not_picked":["Thunderclap","Replay:Undeath\u0027s Touch"],"picked":"Eclipse","floor":8.0},{"not_picked":["True Grit","Sword Boomerang","Twin Strike"],"picked":"SKIP","floor":10.0},{"not_picked":["Bloodletting","ReplayTheSpireMod:Limb From Limb","Twin Strike"],"picked":"SKIP","floor":11.0},{"not_picked":["Inflame","Flame Barrier","Pommel Strike"],"picked":"SKIP","floor":12.0},{"not_picked":["Intimidate","Flex"],"picked":"Abandon","floor":14.0},{"not_picked":["Immolate","Brutality"],"picked":"Replay:Many Hands","floor":16.0},{"not_picked":["Power Through","Headbutt"],"picked":"Body Slam","floor":18.0},{"not_picked":["Heavy Blade","Headbutt+1"],"picked":"Thunderclap+1","floor":19.0},{"not_picked":["Clothesline+1","Rupture","Wild Strike"],"picked":"SKIP","floor":21.0},{"not_picked":["Clothesline","Feed"],"picked":"Dark Embrace+1","floor":24.0},{"not_picked":["Clothesline","ReplayTheSpireMod:Strike From Hell","Anger+1"],"picked":"SKIP","floor":25.0},{"not_picked":["Headbutt+1","ReplayTheSpireMod:Muscle Training+1"],"picked":"Bloodletting+1","floor":27.0},{"not_picked":["Replay:Many Hands","Run Through"],"picked":"ReplayTheSpireMod:Stacked","floor":28.0},{"not_picked":["Perfected Strike","Metallicize+1"],"picked":"Burning Pact+1","floor":29.0},{"not_picked":["Armaments","Headbutt","Reckless Charge"],"picked":"Shrug It Off+1","floor":35.0},{"not_picked":["Run Through+1","Anger+1","Twin Strike+1"],"picked":"Power Through","floor":37.0},{"not_picked":["Warcry+1","Battle Trance","ReplayTheSpireMod:LeadingStrike+1","Sword Boomerang"],"picked":"SKIP","floor":42.0},{"not_picked":["Rupture+1","Anger+1","Feed"],"picked":"Shockwave+1","floor":44.0},{"not_picked":["Flex+1","Rupture","Wild Strike+1"],"picked":"Entrench+1","floor":46.0},{"not_picked":["testmod-Arrangement","testmod-EnhanceArmerment","testmod-FightingIntention"],"picked":"ReplayTheSpireMod:Brewmster","floor":47.0},{"not_picked":["testmod-PulseDistributor","testmod-TemporaryDeletion","Replay:Sssssssssshield"],"picked":"testmod-Superconductor","floor":47.0},{"not_picked":["Dropkick+1","ReplayTheSpireMod:Strike From Hell+1","Pommel Strike","ReplayTheSpireMod:Limb From Limb+1"],"picked":"SKIP","floor":48.0},{"not_picked":["Infernal Blade","Wild Strike","Inflame","ReplayTheSpireMod:Stacked+1"],"picked":"SKIP","floor":54}],"player_experience":583523,"relics_obtained":[{"floor":3.0,"key":"Meat on the Bone"},{"floor":8.0,"key":"Omamori"},{"floor":9.0,"key":"Red Skull"},{"floor":11.0,"key":"Replay:Wax Seal"},{"floor":13.0,"key":"testmod-LifeArmor"},{"floor":24.0,"key":"Anchor"},{"floor":28.0,"key":"Bottled Flame"},{"floor":30.0,"key":"Replay:Mystery Machine"},{"floor":42.0,"key":"Toy Ornithopter"},{"floor":43.0,"key":"aspiration:HiddenCompartment"},{"floor":44.0,"key":"testmod-Fortitude"},{"floor":46.0,"key":"Blue Doll"},{"floor":54,"key":"HoshigumaDish"}],"event_choices":[{"damage_healed":0.0,"max_hp_gain":0.0,"max_hp_loss":0.0,"gold_gain":400.0,"event_name":"恩洛斯的盘子","player_choice":"Sell","floor":4.0,"relics_lost":["testmod-TestBox"],"gold_loss":0.0,"damage_taken":0.0},{"damage_healed":0.0,"max_hp_gain":0.0,"max_hp_loss":0.0,"gold_gain":0.0,"event_name":"Shining Light","player_choice":"Entered Light","floor":7.0,"gold_loss":0.0,"damage_taken":16.0,"cards_upgraded":["Defend_R","Dropkick"]},{"cards_removed":["Replay:Many Hands"],"damage_healed":4.0,"max_hp_gain":10.0,"max_hp_loss":0.0,"gold_gain":0.0,"event_name":"Bonfire Elementals","player_choice":"Offered Rare","floor":22.0,"gold_loss":0.0,"damage_taken":0.0},{"cards_removed":["Havoc"],"damage_healed":0.0,"max_hp_gain":0.0,"max_hp_loss":0.0,"gold_gain":0.0,"event_name":"Beggar","player_choice":"Gave Gold","floor":31.0,"gold_loss":75.0,"damage_taken":0.0},{"damage_healed":0.0,"max_hp_gain":0.0,"max_hp_loss":0.0,"gold_gain":0.0,"event_name":"The Woman in Blue","player_choice":"Bought 3 Potions","floor":36.0,"gold_loss":0.0,"damage_taken":0.0},{"cards_removed":["Shrug It Off"],"damage_healed":0.0,"max_hp_gain":0.0,"max_hp_loss":0.0,"gold_gain":0.0,"event_name":"Purifier","player_choice":"Purged","floor":41.0,"gold_loss":0.0,"damage_taken":0.0}],"is_beta":false,"boss_relics":[{"not_picked":["Ectoplasm","SacredBark"],"picked":"Replay:Grab Bag"},{"not_picked":["Fusion Hammer","Philosopher\u0027s Stone"],"picked":"SlaversCollar"},{"not_picked":["Ooze Armor","Busted Crown"],"picked":"Coffee Dripper"},{"not_picked":["Snecko Eye","aspiration:SecretTechniqueScroll"],"picked":"testmod-TimeTraveler"},{"not_picked":["testmod-StringDisintegrator","testmod-DeterminationOfClimber"],"picked":"Pandora\u0027s Box"},{"not_picked":["aspiration:FutureDiary","testmod-Nine"],"picked":"aspiration:DefectSkillbook"}],"items_purged_floors":[20,38],"is_endless":false,"potions_floor_spawned":[5,10,12,14,18,19,29,33,35,37],"ascension_level":6}}