{"host":"873t0y8ybyo38pfq","time":1609334893,"event":{"mods":["BaseMod","Bestiary","Colored Map","Colored Powertips","Highlight Path","Minty Spire (QoL Compilation)","Quick Restart","RNG Fix","Rare Cards Sparkle","Relic Stats","StSLib"],"gold_per_floor":[111,130,147,158,233,233,262,262,262,262,262,6,25,36,36,36,36],"floor_reached":16,"playtime":651,"items_purged":[],"score":204,"play_id":"0100a062-c045-4533-8e3e-4cbb90dad85c","local_time":"20201230082813","is_ascension_mode":true,"campfire_choices":[{"data":"Poisoned Stab","floor":6,"key":"SMITH"},{"data":"Footwork","floor":11,"key":"SMITH"},{"data":"Phantasmal Killer","floor":15,"key":"SMITH"}],"circlet_count":0,"master_deck":["AscendersBane","Strike_G","Strike_G","Strike_G","Strike_G","Strike_G","Defend_G","Defend_G","Defend_G","Defend_G","Defend_G","Survivor","Neutralize","Poisoned Stab+1","Dagger Spray","Footwork+1","Backflip","Phantasmal Killer+1","Predator","Acrobatics"],"relics":["Ring of the Snake","Mummified Hand","The Courier","CaptainsWheel","Oddly Smooth Stone","Bag of Preparation"],"acts_visited":["Exordium"],"potions_floor_usage":[7],"damage_taken":[{"damage":0,"enemies":"Jaw Worm","floor":1,"turns":6},{"damage":0,"enemies":"2 Louse","floor":2,"turns":2},{"damage":0,"enemies":"Cultist","floor":3,"turns":3},{"damage":0,"enemies":"3 Louse","floor":4,"turns":3},{"damage":21,"enemies":"3 Sentries","floor":7,"turns":10},{"damage":3,"enemies":"Large Slime","floor":13,"turns":7},{"damage":4,"enemies":"Looter","floor":14,"turns":3},{"damage":25,"enemies":"Hexaghost","floor":16,"turns":9}],"seed_played":"-2597928195733391316","potions_obtained":[{"floor":1,"key":"SpeedPotion"},{"floor":3,"key":"Explosive Potion"},{"floor":7,"key":"Ancient Potion"},{"floor":13,"key":"SteroidPotion"}],"is_trial":false,"path_per_floor":["M","M","M","M","?","R","E","?","T","?","R","$","M","M","R","B"],"character_chosen":"THE_SILENT","items_purchased":["Oddly Smooth Stone","Bag of Preparation"],"campfire_rested":0,"item_purchase_floors":[12,12],"current_hp_per_floor":[65,65,65,65,54,54,33,57,57,31,31,31,28,24,24,0,0],"gold":36,"neow_bonus":"TEN_PERCENT_HP_BONUS","is_daily":false,"chose_seed":false,"campfire_upgraded":3,"win_rate":0.0,"timestamp":1609334893,"path_taken":["M","M","M","M","?","R","E","?","T","?","R","$","M","M","R","BOSS"],"items_purchased_type":["Relic","Relic"],"build_version":"2020-12-22","purchased_purges":0,"victory":false,"max_hp_per_floor":[72,72,72,72,72,72,72,72,72,72,72,72,72,72,72,72,72],"relic_stats":{"counters":[8,43],"Mummified Hand":[3],"Bag of Preparation":[6],"obtain_stats":[{"CaptainsWheel":10,"Mummified Hand":7,"Oddly Smooth Stone":12,"The Courier":9,"Bag of Preparation":12,"Ring of the Snake":0},{"CaptainsWheel":5,"Mummified Hand":5,"Oddly Smooth Stone":5,"The Courier":5,"Bag of Preparation":5,"Ring of the Snake":0},{"CaptainsWheel":24,"Mummified Hand":24,"Oddly Smooth Stone":24,"The Courier":24,"Bag of Preparation":24,"Ring of the Snake":0}],"Ring of the Snake":[16]},"card_choices":[{"not_picked":["Blur","Acrobatics"],"picked":"Poisoned Stab","floor":1},{"not_picked":["Choke","Finisher"],"picked":"Dagger Spray","floor":2},{"not_picked":["Expertise","Blur"],"picked":"Footwork","floor":3},{"not_picked":["Poisoned Stab","Eviscerate"],"picked":"Backflip","floor":4},{"not_picked":["Sucker Punch","Calculated Gamble"],"picked":"Phantasmal Killer","floor":7},{"not_picked":["Outmaneuver","Sucker Punch"],"picked":"Predator","floor":13},{"not_picked":["Sucker Punch","Finisher"],"picked":"Acrobatics","floor":14}],"player_experience":1412370,"relics_obtained":[{"floor":7,"key":"Mummified Hand"},{"floor":9,"key":"The Courier"}],"event_choices":[{"damage_healed":0,"gold_gain":75,"player_choice":"Gather Gold","damage_taken":11,"max_hp_gain":0,"max_hp_loss":0,"event_name":"World of Goop","floor":5,"gold_loss":0},{"damage_healed":24,"gold_gain":0,"player_choice":"Banana","damage_taken":0,"max_hp_gain":0,"max_hp_loss":0,"event_name":"Big Fish","floor":8,"gold_loss":0},{"damage_healed":0,"gold_gain":0,"player_choice":"Success","damage_taken":26,"relics_obtained":["CaptainsWheel"],"max_hp_gain":0,"max_hp_loss":0,"event_name":"Scrap Ooze","floor":10,"gold_loss":0}],"is_beta":false,"boss_relics":[],"items_purged_floors":[],"is_endless":false,"potions_floor_spawned":[1,3,7,13],"killed_by":"Hexaghost","ascension_level":20}}