{"host":"zig6x0mxqzam82fb","time":1609290315,"event":{"mods":["BaseMod","Block Reminder","Colored Map","Colored Powertips","Marisa????????","Minty Spire (QoL Compilation)","Relic Stats","StSLib","The Cursed","The Marked","Waifu the Spire"],"gold_per_floor":[113,133,133,156,156,156,156,199,199,199,199],"floor_reached":10,"playtime":503,"items_purged":[],"score":76,"play_id":"808e3a35-ffac-4e08-a7d5-0201a5767c1f","local_time":"20201229200515","is_ascension_mode":true,"campfire_choices":[{"floor":6,"key":"REST"}],"circlet_count":0,"master_deck":["theMarked:Strike","theMarked:Strike","theMarked:Strike","theMarked:Strike","theMarked:Strike","theMarked:Defend","theMarked:Defend","theMarked:Defend","theMarked:Defend","theMarked:SoldierOfQuellstein","theMarked:WastefulAttack","theMarked:ResourceFulStrike","theMarked:ContemptForTheProud","Pain","theMarked:Static"],"relics":["SacredBark","Golden Idol","Smiling Mask","WarpedTongs","theMarked:Gun","Gremlin Horn"],"acts_visited":["Exordium"],"potions_floor_usage":[10],"damage_taken":[{"damage":2,"enemies":"Small Slimes","floor":1,"turns":4},{"damage":8,"enemies":"Jaw Worm","floor":2,"turns":4},{"damage":1,"enemies":"Cultist","floor":4,"turns":3},{"damage":27,"enemies":"3 Sentries","floor":8,"turns":7},{"damage":32,"enemies":"Lagavulin","floor":10,"turns":4}],"seed_played":"-4036066909082630007","potions_obtained":[{"floor":1,"key":"Energy Potion"},{"floor":8,"key":"DuplicationPotion"}],"is_trial":false,"path_per_floor":["M","M","?","M","?","R","?","E","T","E"],"character_chosen":"THE_DEFAULT","items_purchased":[],"campfire_rested":1,"item_purchase_floors":[],"current_hp_per_floor":[68,60,60,59,34,53,53,26,26,0,0],"gold":199,"neow_bonus":"BOSS_RELIC","is_daily":false,"chose_seed":false,"campfire_upgraded":0,"win_rate":0.0,"timestamp":1609290315,"path_taken":["M","M","?","M","?","R","?","E","T","E"],"items_purchased_type":[],"build_version":"2020-12-22","purchased_purges":0,"victory":false,"max_hp_per_floor":[70,70,65,65,65,65,65,65,65,65,65],"relic_stats":{"Gremlin Horn":[0,0],"counters":[5,22],"Golden Idol":14,"Smiling Mask":0,"obtain_stats":[{"theMarked:ArtifactOfAir":0,"theMarked:Gun":8,"Gremlin Horn":9,"Golden Idol":3,"SacredBark":0,"Smiling Mask":5,"WarpedTongs":7},{"theMarked:ArtifactOfAir":0,"theMarked:Gun":4,"Gremlin Horn":4,"Golden Idol":2,"SacredBark":0,"Smiling Mask":3,"WarpedTongs":3},{"theMarked:ArtifactOfAir":0,"theMarked:Gun":18,"Gremlin Horn":18,"Golden Idol":8,"SacredBark":0,"Smiling Mask":11,"WarpedTongs":11}],"WarpedTongs":[11]},"card_choices":[{"not_picked":["theMarked:GodGivenPower","theMarked:Static"],"picked":"theMarked:WastefulAttack","floor":1},{"not_picked":["theMarked:Improvise","theMarked:Electrocute"],"picked":"theMarked:ResourceFulStrike","floor":2},{"not_picked":["theMarked:Improvise","theMarked:Electrocute"],"picked":"theMarked:ContemptForTheProud","floor":4},{"not_picked":["theMarked:Convert","theMarked:ElectricStrings"],"picked":"theMarked:Static","floor":8}],"player_experience":398417,"relics_obtained":[{"floor":8,"key":"theMarked:Gun"},{"floor":9,"key":"Gremlin Horn"}],"event_choices":[{"damage_healed":0,"gold_gain":0,"player_choice":"Lose Max HP","damage_taken":0,"relics_obtained":["Golden Idol"],"max_hp_gain":0,"max_hp_loss":5,"event_name":"Golden Idol","floor":3,"gold_loss":0},{"damage_healed":0,"gold_gain":0,"player_choice":"Success","damage_taken":25,"relics_obtained":["Smiling Mask"],"max_hp_gain":0,"max_hp_loss":0,"event_name":"Scrap Ooze","floor":5,"gold_loss":0},{"damage_healed":0,"gold_gain":0,"player_choice":"Rummage","damage_taken":0,"relics_obtained":["WarpedTongs"],"max_hp_gain":0,"max_hp_loss":0,"event_name":"Accursed Blacksmith","floor":7,"gold_loss":0,"cards_obtained":["Pain"]}],"is_beta":false,"boss_relics":[],"items_purged_floors":[],"is_endless":false,"potions_floor_spawned":[1,8],"killed_by":"Lagavulin","ascension_level":3}}