{"host":"Qube","time":1609287287,"event":{"mods":["AchievementEnabler","BaseMod","Colored Map","Colored Powertips","Minty Spire (QoL Compilation)","Quick Restart","Random Character Button","StSLib","The Cursed"],"gold_per_floor":[116,135,135,154,173,200,200,200,200,200,165,18,18,59,59,188,188,209,209,225,239,254,287,287,287],"floor_reached":24,"playtime":1916,"items_purged":[],"score":228,"play_id":"0e2a2599-f0d2-41b6-ae71-997e22ae8a85","local_time":"20201229161447","is_ascension_mode":false,"campfire_choices":[{"floor":8.0,"key":"REST"},{"data":"TheCursedMod:CleanUpWorkshop","floor":13,"key":"SMITH"},{"data":"TheCursedMod:CursedWand","floor":15,"key":"SMITH"}],"circlet_count":0,"master_deck":["TheCursedMod:Strike_TheCursed","TheCursedMod:Strike_TheCursed","TheCursedMod:Strike_TheCursed","TheCursedMod:Strike_TheCursed","TheCursedMod:Defend_TheCursed","TheCursedMod:Defend_TheCursed","TheCursedMod:Defend_TheCursed","TheCursedMod:Defend_TheCursed","TheCursedMod:CursedWand+1","TheCursedMod:CleanUpWorkshop+1","TheCursedMod:Dregs","TheCursedMod:RapidMovement","TheCursedMod:CursedRelics","TheCursedMod:TacticalStrike","TheCursedMod:PrepareRite","TheCursedMod:ShockAndAwe","Injury","TheCursedMod:HellfireBreathing","TheCursedMod:ReleasedStrength","TheCursedMod:ReleasedKnowledge","TheCursedMod:ManaCirculation","TheCursedMod:CursedAmulet+1","TheCursedMod:SpitefulStrike","TheCursedMod:SurpriseAttack","TheCursedMod:CursedShiv","TheCursedMod:SpitefulPray"],"relics":["TheCursedMod:BlackMagic101","Toy Ornithopter","Pantograph","Golden Idol","Vajra","Meat on the Bone","Philosopher\u0027s Stone","Sundial"],"acts_visited":["Exordium","TheCity"],"potions_floor_usage":[22],"damage_taken":[{"damage":0.0,"enemies":"Small Slimes","floor":1.0,"turns":3.0},{"damage":4.0,"enemies":"2 Louse","floor":2.0,"turns":4.0},{"damage":1.0,"enemies":"Cultist","floor":4.0,"turns":5.0},{"damage":3.0,"enemies":"Gremlin Gang","floor":5.0,"turns":7.0},{"damage":45.0,"enemies":"Gremlin Nob","floor":6.0,"turns":6.0},{"damage":0.0,"enemies":"Lots of Slimes","floor":10.0,"turns":1.0},{"damage":27,"enemies":"Lagavulin","floor":14,"turns":6},{"damage":47,"enemies":"Hexaghost","floor":16,"turns":10},{"damage":23,"enemies":"3 Byrds","floor":18,"turns":5},{"damage":33,"enemies":"Shell Parasite","floor":20,"turns":5},{"damage":13,"enemies":"3 Cultists","floor":21,"turns":5},{"damage":24,"enemies":"Shelled Parasite and Fungi","floor":22,"turns":5},{"damage":48,"enemies":"Slavers","floor":23,"turns":6},{"damage":19,"enemies":"Snake Plant","floor":24,"turns":3}],"seed_played":"-5687916237566482947","potions_obtained":[{"floor":1.0,"key":"FairyPotion"},{"floor":2.0,"key":"GamblersBrew"},{"floor":5.0,"key":"Block Potion"},{"floor":6.0,"key":"SmokeBomb"},{"floor":18,"key":"Energy Potion"},{"floor":21,"key":"Fruit Juice"},{"floor":23,"key":"SmokeBomb"}],"is_trial":false,"path_per_floor":["M","M","?","M","M","E","?","R","T","M","?","$","R","E","R","B",null,"M","?","M","M","M","E","M"],"character_chosen":"THE_CURSED","items_purchased":["TheCursedMod:HellfireBreathing","TheCursedMod:ReleasedStrength"],"campfire_rested":1,"item_purchase_floors":[12,12],"current_hp_per_floor":[82,78,45,44,41,6,6,30,30,35,55,55,55,28,28,18,82,59,59,38,37,35,30,11,11],"gold":287,"neow_bonus":"TEN_PERCENT_HP_BONUS","is_daily":false,"chose_seed":false,"campfire_upgraded":2,"win_rate":0.0,"timestamp":1609287287,"path_taken":["M","M","?","M","M","E","?","R","T","M","?","$","R","E","R","BOSS","M","?","?","M","?","E","M"],"items_purchased_type":["Card","Card"],"build_version":"2020-12-18","purchased_purges":0,"victory":false,"max_hp_per_floor":[82,82,82,82,82,82,82,82,82,82,82,82,82,82,82,82,82,82,82,82,82,87,87,87,87],"card_choices":[{"not_picked":["TheCursedMod:CursedShiv","TheCursedMod:Wield"],"picked":"TheCursedMod:RapidMovement","floor":1.0},{"not_picked":["TheCursedMod:CircleOfWindfury","TheCursedMod:CursedArmor"],"picked":"TheCursedMod:CursedRelics","floor":2.0},{"not_picked":["TheCursedMod:Stretching","TheCursedMod:SmokeScreen"],"picked":"TheCursedMod:TacticalStrike","floor":4.0},{"not_picked":["TheCursedMod:FleshFromBone","TheCursedMod:TacticalStrike"],"picked":"TheCursedMod:PrepareRite","floor":5.0},{"not_picked":["TheCursedMod:RapidMovement","TheCursedMod:SpreadPlague"],"picked":"TheCursedMod:ShockAndAwe","floor":6.0},{"not_picked":["TheCursedMod:SmokeScreen","TheCursedMod:CursedRelics"],"picked":"TheCursedMod:ReleasedKnowledge","floor":14},{"not_picked":["TheCursedMod:ParallelWorld","TheCursedMod:DarkBarrier"],"picked":"TheCursedMod:ManaCirculation","floor":16},{"not_picked":["TheCursedMod:WearCloak","TheCursedMod:Hemoplague"],"picked":"TheCursedMod:CursedAmulet+1","floor":18},{"not_picked":["TheCursedMod:CursedShiv","TheCursedMod:CircleOfBlood"],"picked":"TheCursedMod:SpitefulStrike","floor":20},{"not_picked":["TheCursedMod:AshesToAshes","TheCursedMod:CircleOfAmplification"],"picked":"TheCursedMod:SurpriseAttack","floor":21},{"not_picked":["TheCursedMod:CursedStaff","TheCursedMod:Torture"],"picked":"TheCursedMod:CursedShiv","floor":22},{"not_picked":["TheCursedMod:ParallelWorld","TheCursedMod:CursedArmor"],"picked":"TheCursedMod:SpitefulPray","floor":23}],"player_experience":735062,"relics_obtained":[{"floor":6.0,"key":"Pantograph"},{"floor":9.0,"key":"Vajra"},{"floor":14,"key":"Meat on the Bone"},{"floor":23,"key":"Sundial"}],"event_choices":[{"damage_healed":0.0,"max_hp_gain":0.0,"max_hp_loss":0.0,"gold_gain":0.0,"event_name":"Scrap Ooze","player_choice":"Success","floor":3.0,"gold_loss":0.0,"damage_taken":33.0,"relics_obtained":["Toy Ornithopter"]},{"damage_healed":0.0,"max_hp_gain":0.0,"max_hp_loss":0.0,"gold_gain":0.0,"event_name":"Golden Idol","player_choice":"Take Wound","floor":7.0,"gold_loss":0.0,"damage_taken":0.0,"relics_obtained":["Golden Idol"],"cards_obtained":["Injury"]},{"damage_healed":20,"gold_gain":0,"player_choice":"Healed","damage_taken":0,"max_hp_gain":0,"max_hp_loss":0,"event_name":"The Cleric","floor":11,"gold_loss":35},{"damage_healed":0,"gold_gain":0,"player_choice":"Ignored","damage_taken":0,"max_hp_gain":0,"max_hp_loss":0,"event_name":"Fountain of Cleansing","floor":19,"gold_loss":0}],"is_beta":true,"boss_relics":[{"not_picked":["TheCursedMod:BlackMagicAdvanced","Tiny House"],"picked":"Philosopher\u0027s Stone"}],"items_purged_floors":[],"is_endless":false,"potions_floor_spawned":[1,2,5,6,18,21,23],"killed_by":"Snake Plant","ascension_level":0}}