{"host":"v52ntiwll8g9892u","time":1609325596,"event":{"mods":["ATMod(°¢èªMod)","BaseMod","Minty Spire (QoL Compilation)","Prisma Mod","StSLib"],"gold_per_floor":[110,110,125,125,137,162,177,177,177,190,190,200,200,235,235,311,311,326,326,344,191,206,237,252,286,286,286,12,62,89,102,102,173,173,192,192,202,219,238,238,266,266,266,282,295,312,347,367,367,367,367,367,367,23,51,51],"floor_reached":57,"playtime":2433,"items_purged":["Strike_P","Strike_P+1"],"score":3126,"play_id":"e472c2eb-4390-44ec-a1f1-de76e6f7c5e2","local_time":"20201230185316","is_ascension_mode":true,"campfire_choices":[{"data":"Eruption","floor":8.0,"key":"SMITH"},{"data":"BowlingBash","floor":11.0,"key":"SMITH"},{"data":"Adaptation","floor":15.0,"key":"SMITH"},{"data":"Ragnarok","floor":32.0,"key":"SMITH"},{"floor":40.0,"key":"RECALL"}],"circlet_count":2,"master_deck":["AscendersBane","Strike_P+1","Strike_P+1","Defend_P+1","Eruption+1","Vigilance+1","BowlingBash+1","CutThroughFate+1","Vault+1","Adaptation+1","Ragnarok+1","WheelKick+1","Weave+1","LessonLearned+1","TalkToTheHand+1","Tantrum+1","MasterReality+1","FlurryOfBlows+1","TalkToTheHand+1","FearNoEvil"],"relics":["Coffee Dripper","HornCleat","Letter Opener","Circlet","Matryoshka","Astrolabe","Boot","Vajra","Regal Pillow","InkBottle","Omamori","War Paint","Shuriken","Frozen Egg 2","Runic Dome","Strawberry","Toolbox"],"acts_visited":["Exordium","TheCity","TheBeyond","TheEnding"],"potions_floor_usage":[56],"damage_taken":[{"damage":5.0,"enemies":"2 Louse","floor":1.0,"turns":4.0},{"damage":4.0,"enemies":"Jaw Worm","floor":3.0,"turns":5.0},{"damage":0.0,"enemies":"Cultist","floor":5.0,"turns":2.0},{"damage":7.0,"enemies":"Lagavulin","floor":6.0,"turns":5.0},{"damage":1.0,"enemies":"Exordium Thugs","floor":7.0,"turns":5.0},{"damage":11.0,"enemies":"Exordium Wildlife","floor":10.0,"turns":3.0},{"damage":0.0,"enemies":"Blue Slaver","floor":12.0,"turns":3.0},{"damage":0.0,"enemies":"Gremlin Nob","floor":14.0,"turns":3.0},{"damage":21.0,"enemies":"The Guardian","floor":16.0,"turns":11.0},{"damage":0.0,"enemies":"Chosen","floor":18.0,"turns":3.0},{"damage":0.0,"enemies":"2 Thieves","floor":20.0,"turns":3.0},{"damage":0.0,"enemies":"Snecko","floor":22.0,"turns":3.0},{"damage":0.0,"enemies":"Slavers","floor":23.0,"turns":3.0},{"damage":0.0,"enemies":"Centurion and Healer","floor":24.0,"turns":4.0},{"damage":4.0,"enemies":"Gremlin Leader","floor":25.0,"turns":4.0},{"damage":13.0,"enemies":"Slavers","floor":30.0,"turns":2.0},{"damage":0.0,"enemies":"Chosen and Byrds","floor":31.0,"turns":3.0},{"damage":0.0,"enemies":"Collector","floor":33.0,"turns":5.0},{"damage":0.0,"enemies":"Orb Walker","floor":35.0,"turns":2.0},{"damage":21.0,"enemies":"3 Shapes","floor":37.0,"turns":4.0},{"damage":0.0,"enemies":"Writhing Mass","floor":38.0,"turns":3.0},{"damage":0.0,"enemies":"Sphere and 2 Shapes","floor":39.0,"turns":3.0},{"damage":0.0,"enemies":"Reptomancer","floor":41.0,"turns":3.0},{"damage":0.0,"enemies":"Transient","floor":44.0,"turns":6.0},{"damage":0.0,"enemies":"Jaw Worm Horde","floor":45.0,"turns":2.0},{"damage":0.0,"enemies":"Spire Growth","floor":46.0,"turns":2.0},{"damage":0.0,"enemies":"Nemesis","floor":47.0,"turns":3.0},{"damage":0.0,"enemies":"Writhing Mass","floor":48.0,"turns":3.0},{"damage":0.0,"enemies":"Time Eater","floor":50.0,"turns":4.0},{"damage":26.0,"enemies":"Awakened One","floor":51.0,"turns":6.0},{"damage":14.0,"enemies":"Shield and Spear","floor":55.0,"turns":4.0},{"damage":27,"enemies":"The Heart","floor":56,"turns":7}],"seed_played":"-7485120206845710128","potions_obtained":[{"floor":1.0,"key":"BottledMiracle"},{"floor":5.0,"key":"Fruit Juice"},{"floor":10.0,"key":"SteroidPotion"},{"floor":16.0,"key":"Explosive Potion"},{"floor":25.0,"key":"EntropicBrew"},{"floor":30.0,"key":"Fire Potion"},{"floor":33.0,"key":"ColorlessPotion"},{"floor":37.0,"key":"DistilledChaos"},{"floor":55.0,"key":"SpeedPotion"}],"is_trial":false,"path_per_floor":["M","?","M","T","M","E","M","R","T","M","R","M","T","E","R","B",null,"M","?","M","$","M","E","M","E","T","T","$","?","E","M","R","B",null,"M","?","M","M","M","R","E","?","T","M","M","M","E","M","R","B","B",null,"R","$","E","B",null],"character_chosen":"WATCHER","items_purchased":["TalkToTheHand","Shuriken","FearNoEvil","Toolbox"],"campfire_rested":0,"item_purchase_floors":[21,28,54,54],"current_hp_per_floor":[56,61,57,57,57,50,49,49,49,43,43,43,43,43,43,22,64,64,64,64,64,64,64,64,60,60,60,60,60,47,47,47,47,70,70,70,49,49,49,49,56,56,56,56,56,56,56,56,56,56,30,71,71,71,57,30],"gold":51,"neow_bonus":"BOSS_RELIC","is_daily":false,"chose_seed":false,"campfire_upgraded":4,"win_rate":0.0,"timestamp":1609325596,"path_taken":["M","?","M","?","?","E","M","R","T","M","R","?","?","E","R","BOSS","M","?","M","$","M","E","M","E","T","?","?","?","E","M","R","BOSS","M","?","M","M","M","R","E","?","T","M","?","M","E","M","R","BOSS","BOSS","R","$","E","BOSS"],"items_purchased_type":["Card","Relic","Card","Relic"],"build_version":"2020-12-22","purchased_purges":2,"victory":true,"max_hp_per_floor":[68,73,73,73,73,73,73,73,73,78,78,78,78,78,78,78,78,78,78,78,78,78,78,78,78,78,78,78,78,78,78,78,78,78,78,78,78,78,78,78,85,85,85,85,85,85,85,85,85,85,85,85,85,85,85,85],"card_choices":[{"not_picked":["SashWhip","MentalFortress"],"picked":"BowlingBash","floor":1.0},{"not_picked":["FlyingSleeves","LikeWater"],"picked":"CutThroughFate","floor":3.0},{"not_picked":["FlyingSleeves","Nirvana","WindmillStrike"],"picked":"SKIP","floor":5.0},{"not_picked":["PathToVictory","WindmillStrike"],"picked":"Vault","floor":6.0},{"not_picked":["Meditate","FollowUp","CutThroughFate"],"picked":"SKIP","floor":7.0},{"not_picked":["CutThroughFate","SashWhip","WindmillStrike"],"picked":"SKIP","floor":10.0},{"not_picked":["JustLucky","BowlingBash"],"picked":"Adaptation","floor":12.0},{"not_picked":["EmptyBody","CutThroughFate","BattleHymn"],"picked":"SKIP","floor":14.0},{"not_picked":["Blasphemy","Vault"],"picked":"Ragnarok","floor":16.0},{"not_picked":["CrushJoints","Perseverance","Evaluate"],"picked":"SKIP","floor":18.0},{"not_picked":["CrushJoints","EmptyFist","Study"],"picked":"SKIP","floor":20.0},{"not_picked":["Halt+1","WreathOfFlame","EmptyFist"],"picked":"SKIP","floor":22.0},{"not_picked":["BattleHymn","Alpha","CrushJoints"],"picked":"SKIP","floor":23.0},{"not_picked":["CarveReality","EmptyBody","ThirdEye"],"picked":"SKIP","floor":24.0},{"not_picked":["DeceiveReality","SashWhip","Prostrate"],"picked":"SKIP","floor":25.0},{"not_picked":["Fasting2+1","Vengeance"],"picked":"Tantrum","floor":30.0},{"not_picked":["ThirdEye","FlyingSleeves","Protect"],"picked":"SKIP","floor":31.0},{"not_picked":["Blasphemy","ConjureBlade"],"picked":"MasterReality+1","floor":33.0},{"not_picked":["BowlingBash+1","FlyingSleeves","FlurryOfBlows"],"picked":"SKIP","floor":35.0},{"not_picked":["BowlingBash+1","FlyingSleeves"],"picked":"FlurryOfBlows","floor":35.0},{"not_picked":["Worship","Halt","Wish"],"picked":"SKIP","floor":37.0},{"not_picked":["Wallop","FollowUp","Wireheading+1"],"picked":"SKIP","floor":38.0},{"not_picked":["Crescendo","FlyingSleeves","CrushJoints"],"picked":"SKIP","floor":39.0},{"not_picked":["JustLucky","Halt","BowlingBash"],"picked":"SKIP","floor":41.0},{"not_picked":["Prostrate","ThirdEye","Fasting2+1"],"picked":"SKIP","floor":44.0},{"not_picked":["PathToVictory+1","ReachHeaven+1","CrushJoints"],"picked":"SKIP","floor":45.0},{"not_picked":["ThirdEye+1","CutThroughFate","EmptyBody"],"picked":"SKIP","floor":46.0},{"not_picked":["Evaluate","Brilliance"],"picked":"TalkToTheHand","floor":47.0},{"not_picked":["JustLucky","Indignation","ThirdEye"],"picked":"SKIP","floor":48.0},{"not_picked":["BattleHymn+1","TalkToTheHand","Devotion+1"],"picked":"SKIP","floor":55.0}],"player_experience":1234254,"relics_obtained":[{"floor":4.0,"key":"HornCleat"},{"floor":6.0,"key":"Letter Opener"},{"floor":13.0,"key":"aspiration:FrozenJewel"},{"floor":14.0,"key":"Matryoshka"},{"floor":23.0,"key":"Boot"},{"floor":25.0,"key":"Vajra"},{"floor":26.0,"key":"Regal Pillow"},{"floor":26.0,"key":"InkBottle"},{"floor":27.0,"key":"Omamori"},{"floor":27.0,"key":"War Paint"},{"floor":30.0,"key":"Frozen Egg 2"},{"floor":41.0,"key":"Strawberry"},{"floor":43.0,"key":"aspiration:HummingbirdHeart"},{"floor":47.0,"key":"Art of War"},{"floor":55.0,"key":"Circlet"}],"event_choices":[{"damage_healed":0.0,"max_hp_gain":5.0,"max_hp_loss":0.0,"gold_gain":0.0,"event_name":"Big Fish","player_choice":"Donut","floor":2.0,"gold_loss":0.0,"damage_taken":0.0},{"damage_healed":0.0,"max_hp_gain":0.0,"max_hp_loss":0.0,"gold_gain":0.0,"event_name":"The Mausoleum","player_choice":"Ignored","floor":19.0,"gold_loss":0.0,"damage_taken":0.0},{"damage_healed":0.0,"max_hp_gain":0.0,"max_hp_loss":0.0,"gold_gain":50.0,"event_name":"Nest","player_choice":"Stole From Cult","floor":29.0,"gold_loss":0.0,"damage_taken":0.0},{"damage_healed":0.0,"max_hp_gain":0.0,"max_hp_loss":0.0,"gold_gain":0.0,"event_name":"SensoryStone","player_choice":"Memory 1","floor":36.0,"gold_loss":0.0,"damage_taken":0.0},{"damage_healed":0.0,"max_hp_gain":0.0,"max_hp_loss":0.0,"gold_gain":0.0,"event_name":"Accursed Blacksmith","player_choice":"Forge","floor":42.0,"gold_loss":0.0,"damage_taken":0.0,"cards_upgraded":["FlurryOfBlows"]}],"is_beta":false,"boss_relics":[{"not_picked":["Snecko Eye","Cursed Key"],"picked":"Astrolabe"},{"not_picked":["SlaversCollar","aspiration:SilentSkillbook"],"picked":"Runic Dome"}],"items_purged_floors":[21,54],"is_endless":false,"potions_floor_spawned":[1,5,10,12,16,22,25,30,33,37,38,39,47,48,55],"ascension_level":20}}