{"host":"ytad2j290sleetgq","time":1609342650,"event":{"mods":["ATMod(阿瑾Mod)","AchievementEnabler","Act Like it!","Arknights The Spire","Aspiration","Bartender","BaseMod","Better Note","Card Forge","Custom Start","Decade(王小明)","Friendly Minions","Gensokyo","GungeonMod","Hermit","Highlight Path","Koishi","Luminous","Minty Spire (QoL Compilation)","MostiFishMod","Prisma Mod","Rare Cards Sparkle","SIMod","SOS（斯巴达之子）","Shop Mod","StSLib","The Animator","UnlockEverythingMod","WarShipGirlsR/战舰少女R mod","Yakumo Yukari mod","[地精首领爬塔]The Maniac","【遗物卡牌】REMEMod"],"gold_per_floor":[115,134,134,150,150,150,178,34,34,65,65,65,84,104,104,203,203,220,230,250,263,281,308,308,328,355,355,381,381,391,405,405,508,508,520,520,520],"floor_reached":36,"playtime":2644,"items_purged":[],"score":418,"play_id":"afc1a6fd-4a3f-4e96-8714-5173b0b07743","local_time":"20201230233730","is_ascension_mode":false,"campfire_choices":[{"floor":6.0,"key":"RECALL"},{"data":"ats:Calcification","floor":11.0,"key":"SMITH"},{"floor":15.0,"key":"REST"},{"floor":24,"key":"REST"},{"floor":32,"key":"REST"}],"circlet_count":0,"master_deck":["ats:Strike S+1","ats:Armor Crushing Shot+1","ats:Defend+1","ats:Emotion Absorption+1","ats:Poison Spread+1","AT_CaressingTears+1","ats:Shell Defense+1","ats:Explosion Area Strengthen+1","ats:Flexible Camouflage+1","ats:Calcification+1","ats:Overload+1","ats:Rapid Magazine+1","ats:Shell Defense+1","ats:Shadow Assault+1","ats:Assault Order+1","ats:Powerful Strike+1","ats:Soul Absorption+1","ats:Leaping Hammer+1","ats:Leaping Hammer+1","ats:Ambush+1","MostiFishMod:UltimateDefense+1","ats:Childhood Dance","ats:Wolf Pack+1","ats:Calcification","ats:Apocalypse"],"relics":["ats:Sanity","Hammer of Thor","Seething Fire","Anvil of the Gods","DaveBox","REME_ComplimentaryCards","AT_ATBox","NeowsBlessing","SynthV:TestCard","DSteel32","ats:Originium","Omamori","AT_EbonyIvory","REME_LimitBreaker","DemoMod:RiddleOfLead","AT_ArchangelStaff","StrikeDummy","aspiration:RitualStick","Cursed Key"],"acts_visited":["Exordium","TheCity","TheBeyond"],"potions_floor_usage":[23,23,28,36],"damage_taken":[{"damage":0.0,"enemies":"2 Louse","floor":1.0,"turns":1.0},{"damage":0.0,"enemies":"Cultist","floor":2.0,"turns":1.0},{"damage":0.0,"enemies":"Jaw Worm","floor":4.0,"turns":1.0},{"damage":23.0,"enemies":"Gremlin Nob","floor":7.0,"turns":4.0},{"damage":9.0,"enemies":"Lagavulin","floor":10.0,"turns":4.0},{"damage":16.0,"enemies":"Exordium Wildlife","floor":13.0,"turns":3.0},{"damage":13.0,"enemies":"2 Fungi Beasts","floor":14.0,"turns":3.0},{"damage":35.0,"enemies":"The Guardian","floor":16.0,"turns":14.0},{"damage":10.0,"enemies":"Spheric Guardian","floor":18.0,"turns":4.0},{"damage":18.0,"enemies":"Shell Parasite","floor":19.0,"turns":3.0},{"damage":9.0,"enemies":"3 Cultists","floor":20.0,"turns":5.0},{"damage":0.0,"enemies":"Centurion and Healer","floor":21.0,"turns":5.0},{"damage":14.0,"enemies":"Snecko","floor":22.0,"turns":3.0},{"damage":46,"enemies":"REME_1_Revenger","floor":23,"turns":4},{"damage":0,"enemies":"Cultist and Chosen","floor":25,"turns":4},{"damage":14,"enemies":"Slavers","floor":28,"turns":5},{"damage":7,"enemies":"Centurion and Healer","floor":30,"turns":5},{"damage":0,"enemies":"Snake Plant","floor":31,"turns":3},{"damage":16,"enemies":"Champ","floor":33,"turns":9},{"damage":7,"enemies":"Orb Walker","floor":35,"turns":3},{"damage":173,"enemies":"Orb Walker","floor":36,"turns":20}],"seed_played":"3442713197739185736","potions_obtained":[{"floor":4.0,"key":"LiquidBronze"},{"floor":7.0,"key":"DistilledChaos"},{"floor":13.0,"key":"DemoMod:LeadSkinPotion"},{"floor":18.0,"key":"SneckoOil"},{"floor":20.0,"key":"Block Potion"},{"floor":21.0,"key":"Fire Potion"},{"floor":30,"key":"Fire Potion"},{"floor":33,"key":"SteroidPotion"},{"floor":35,"key":"Strength Potion"}],"is_trial":false,"path_per_floor":["M","M","?","M","?","R","E","$","T","E","R","?","M","M","R","B",null,"M","M","M","M","M","E","R","M","T","?","E","?","M","M","R","B",null,"M","?"],"character_chosen":"DOCTOR_CLASS","items_purchased":["ats:Calcification"],"campfire_rested":3,"item_purchase_floors":[8],"current_hp_per_floor":[72,72,72,72,72,72,49,49,49,42,42,42,26,14,35,56,82,72,55,53,61,48,5,29,33,33,33,29,13,13,15,39,30,82,81,0,0],"gold":520,"neow_bonus":"THREE_ENEMY_KILL","is_daily":false,"chose_seed":false,"campfire_upgraded":1,"win_rate":0.0,"timestamp":1609342650,"path_taken":["M","M","?","?","?","R","E","?","T","E","R","?","?","M","R","BOSS","M","M","M","M","M","E","R","M","T","?","E","?","M","M","R","BOSS","M","?"],"items_purchased_type":["Card"],"build_version":"2020-12-22","purchased_purges":0,"victory":false,"max_hp_per_floor":[72,72,72,72,72,72,72,72,72,72,72,72,72,72,72,72,82,82,82,82,82,82,82,82,82,82,82,82,82,82,82,82,82,82,82,82,82],"card_choices":[{"not_picked":["ats:Childhood Dance","ats:Consecutive Shot Auto"],"picked":"ats:Poison Spread","floor":1.0},{"not_picked":["ats:Ignite","ats:Beaten Up","ats:Leaping Hammer","ats:Cat Scratch"],"picked":"ats:Shell Defense","floor":2.0},{"not_picked":["ats:Shell Defense","ats:Cat Scratch","ats:Apocalypse","ats:Healing Drone"],"picked":"ats:Explosion Area Strengthen","floor":4.0},{"not_picked":["ats:Hammer On","ats:Guardian Obelisk","ats:LN2 Cannon","ats:Sunburst"],"picked":"ats:Flexible Camouflage","floor":7.0},{"not_picked":["ats:Echo Reverb","ats:Automatic Cover","ats:Revitalization","ats:Healing Strengthening"],"picked":"ats:Overload","floor":10.0},{"not_picked":["ats:Burning Ground","ats:Cat Scratch","ats:Chain Hook","ats:Assault Order"],"picked":"ats:Rapid Magazine","floor":13.0},{"not_picked":["ats:Explosion Area Strengthen","ats:Childhood Dance","ats:Flexible Camouflage","ats:Consecutive Shot Auto"],"picked":"ats:Shell Defense","floor":14.0},{"not_picked":["ats:Echo Reverb","ats:Roar Of Ursus","ats:Disruption Kick","ats:Soul Rend"],"picked":"ats:Shadow Assault","floor":16.0},{"not_picked":["ats:Ignite","ats:Burning Ground","ats:Leaping Hammer","ats:Explosion Area Strengthen"],"picked":"ats:Assault Order","floor":18.0},{"not_picked":["ats:Flexible Camouflage","ats:Ignite+1","ats:Curse Doll","ats:Childhood Dance"],"picked":"ats:Powerful Strike+1","floor":19.0},{"not_picked":["ats:Explosion Area Strengthen","ats:Durian","ats:Consecutive Shot Auto","ats:Counter Healing Mode"],"picked":"ats:Soul Absorption+1","floor":20.0},{"not_picked":["ats:Childhood Dance","ats:Encircling Forest","ats:Assault Order+1","ats:Shell Defense"],"picked":"ats:Leaping Hammer+1","floor":21.0},{"not_picked":["ats:Poison Spread","ats:Consecutive Shot Auto","ats:Part Time Job","ats:Flame Of Heaven"],"picked":"ats:Leaping Hammer","floor":22.0},{"not_picked":["ats:Explosion Area Strengthen","ats:Cat Scratch","ats:Flexible Camouflage","ats:Magnetic Hammer","ats:Powerful Strike"],"picked":"SKIP","floor":23},{"not_picked":["ats:Rapid Magazine+1","ats:Steam Pump","ats:Ignite","ats:LN2 Cannon"],"picked":"ats:Ambush","floor":25},{"not_picked":["ats:Flexible Camouflage","ats:Powerful Strike","ats:Burning Ground","ats:Echo Reverb","ats:Ignite"],"picked":"SKIP","floor":28},{"not_picked":["ats:Poison Spread","ats:Magnetic Hammer","ats:Revitalization+1","ats:Flexible Camouflage"],"picked":"ats:Childhood Dance","floor":30},{"not_picked":["ats:Curse Doll+1","ats:Leaping Hammer+1","ats:Thermite Blade","ats:Sunburst+1"],"picked":"ats:Wolf Pack","floor":31},{"not_picked":["ats:Nebulous Foxfire","ats:Durian","ats:Dogmatic Field","ats:Volcano"],"picked":"ats:Calcification","floor":33},{"not_picked":["ats:Red Shift+1","ats:Explosion Area Strengthen+1","ats:Healing Drone","ats:Closed Bolt Burst Fire"],"picked":"ats:Apocalypse","floor":35}],"player_experience":303567,"relics_obtained":[{"floor":1.0,"key":"SynthV:TestCard"},{"floor":7.0,"key":"ats:Originium"},{"floor":7.0,"key":"Omamori"},{"floor":9.0,"key":"AT_EbonyIvory"},{"floor":10.0,"key":"ats:Originium"},{"floor":10.0,"key":"REME_LimitBreaker"},{"floor":23,"key":"ats:Originium"},{"floor":23,"key":"AT_ArchangelStaff"},{"floor":28,"key":"StrikeDummy"}],"event_choices":[{"damage_healed":0.0,"max_hp_gain":0.0,"max_hp_loss":0.0,"gold_gain":0.0,"event_name":"Match and Keep!","player_choice":"0 cards matched","floor":3.0,"gold_loss":0.0,"damage_taken":0.0,"cards_obtained":[]},{"damage_healed":0.0,"max_hp_gain":0.0,"max_hp_loss":0.0,"gold_gain":0.0,"event_name":"Shining Light","player_choice":"Ignored","floor":5.0,"gold_loss":0.0,"damage_taken":0.0},{"cards_removed":["ats:Strike V"],"damage_healed":0.0,"max_hp_gain":0.0,"max_hp_loss":0.0,"gold_gain":0.0,"event_name":"Purifier","player_choice":"Purged","floor":12.0,"gold_loss":0.0,"damage_taken":0.0},{"cards_removed":["ats:Soul Absorption"],"damage_healed":0,"gold_gain":0,"player_choice":"Take \u0026 Give","damage_taken":0,"max_hp_gain":0,"max_hp_loss":0,"event_name":"betterNote:BetterNote","floor":27,"gold_loss":0,"cards_obtained":["MostiFishMod:UltimateDefense"]}],"is_beta":false,"boss_relics":[{"not_picked":["ats:Sanity Plus","FeatherPendant"],"picked":"DemoMod:RiddleOfLead"},{"not_picked":["MostiFishMod:Hod","TakeMeEscape"],"picked":"Cursed Key"}],"items_purged_floors":[],"is_endless":false,"potions_floor_spawned":[4,7,13,18,20,21,30,33,35],"killed_by":"Orb Walker","ascension_level":0}}