{"host":"am0cr9xwekqmrere","time":1609293581,"event":{"mods":["AchievementEnabler","Act Like it!","BaseMod","Better Altar","Better Match","Better Note","Better Sensory Stone","Better Skull","Better Third Choice","BetterRewards","Conspire","Hubris","Infinite Spire","Minty Spire (QoL Compilation)","Rare Cards Sparkle","Spicy Shops","StSLib","The Marked","Unceasing Turn Reminder"],"gold_per_floor":[115,127,127,140,111,111,111,141,141,6,22,49,61,71,71,175,175,194,194,194,269,287,314,314,342,342,342,361,371,371,371],"floor_reached":30,"playtime":1060,"items_purged":[],"score":270,"play_id":"18ba4da1-c48a-403b-984a-2ea1fd8dfe9a","local_time":"20201229195941","is_ascension_mode":false,"campfire_choices":[{"floor":6.0,"key":"REST"},{"floor":15.0,"key":"REST"},{"floor":24,"key":"REST"},{"floor":27,"key":"REST"}],"circlet_count":0,"master_deck":["theMarked:Strike","theMarked:Strike","theMarked:Strike","theMarked:Strike","theMarked:Strike","theMarked:Defend","theMarked:Defend","theMarked:Defend","theMarked:Defend","theMarked:SoldierOfQuellstein","theMarked:Indomitable+1","theMarked:BanishingStrike","theMarked:ShockingTouch","theMarked:HeightenedSenses","theMarked:Aftermath","theMarked:WardOff","theMarked:GodGivenPower","theMarked:EnhancedHearing","theMarked:PowerFlow","theMarked:TurnInvisible","theMarked:TakeOffHeels","theMarked:RogueSparks","theMarked:Defy+1","theMarked:ChainLightning","theMarked:EmpowerWeapon","theMarked:ChainLightning+1","theMarked:Parkour","theMarked:BanishingStrike"],"relics":["theMarked:ArtifactOfAir","betterThird:SlimedRelic","infinitespire:PuzzleCube","Strawberry","Happy Flower","SacredBark","theMarked:SpiritSword","Du-Vu Doll","Akabeko","Nunchaku","theMarked:SecretDocuments"],"acts_visited":["Exordium","TheCity"],"potions_floor_usage":[22,23,25],"damage_taken":[{"damage":6.0,"enemies":"Cultist","floor":1.0,"turns":3.0},{"damage":0.0,"enemies":"Small Slimes","floor":2.0,"turns":3.0},{"damage":6.0,"enemies":"Jaw Worm","floor":4.0,"turns":2.0},{"damage":43.0,"enemies":"3 Sentries","floor":8.0,"turns":13.0},{"damage":9.0,"enemies":"Exordium Thugs","floor":11.0,"turns":5.0},{"damage":12.0,"enemies":"Blue Slaver","floor":13.0,"turns":3.0},{"damage":0.0,"enemies":"2 Fungi Beasts","floor":14.0,"turns":4.0},{"damage":15.0,"enemies":"The Guardian","floor":16.0,"turns":7.0},{"damage":20.0,"enemies":"Spheric Guardian","floor":18.0,"turns":4.0},{"damage":13,"enemies":"3 Byrds","floor":22,"turns":5},{"damage":23,"enemies":"Slavers","floor":23,"turns":6},{"damage":23,"enemies":"Gremlin Leader","floor":25,"turns":6},{"damage":16,"enemies":"Snake Plant","floor":28,"turns":4},{"damage":0,"enemies":"Snecko","floor":29,"turns":3},{"damage":21,"enemies":"Centurion and Healer","floor":30,"turns":3}],"seed_played":"4421713077205253975","potions_obtained":[{"floor":4.0,"key":"SneckoOil"},{"floor":13.0,"key":"Swift Potion"},{"floor":14.0,"key":"theMarked:ChargePotion"},{"floor":16.0,"key":"Weak Potion"},{"floor":22,"key":"SkillPotion"},{"floor":23,"key":"BlessingOfTheForge"}],"is_trial":false,"path_per_floor":["M","M","?","M","?","R","?","E","T","$","M","T","M","M","R","B",null,"M","AVR","?","?","M","E","R","E","T","R","M","M","M"],"character_chosen":"THE_DEFAULT","items_purchased":["theMarked:Indomitable","theMarked:WardOff","theMarked:GodGivenPower"],"campfire_rested":4,"item_purchase_floors":[0,10,10],"current_hp_per_floor":[64,64,64,58,47,68,68,25,32,32,23,23,11,11,34,19,77,57,57,57,50,37,14,37,14,14,37,21,21,0,0],"gold":371,"neow_bonus":"","is_daily":false,"chose_seed":false,"campfire_upgraded":0,"win_rate":0.0,"timestamp":1609293581,"path_taken":["M","M","?","M","?","R","?","E","T","?","?","?","M","M","R","BOSS","M","AVR","?","?","M","E","R","E","T","R","M","M","M"],"items_purchased_type":["Card","Card","Card"],"build_version":"2020-12-22","purchased_purges":0,"victory":false,"max_hp_per_floor":[70,70,70,70,70,70,70,70,77,77,77,77,77,77,77,77,77,77,77,77,77,77,77,77,77,77,77,77,77,77,77],"card_choices":[{"not_picked":["theMarked:PowerFlow","theMarked:TwofoldDefense"],"picked":"theMarked:BanishingStrike","floor":1.0},{"not_picked":["theMarked:ElectricStrings","theMarked:TwofoldDefense"],"picked":"theMarked:ShockingTouch","floor":2.0},{"not_picked":["theMarked:Electrocute","theMarked:Overthink"],"picked":"theMarked:HeightenedSenses","floor":4.0},{"not_picked":["theMarked:RepellingDischarge","theMarked:Parkour"],"picked":"theMarked:Aftermath","floor":8.0},{"not_picked":["theMarked:Static","theMarked:Indomitable"],"picked":"theMarked:EnhancedHearing","floor":11.0},{"not_picked":["theMarked:ChainLightning","theMarked:Reabsorb"],"picked":"theMarked:PowerFlow","floor":13.0},{"not_picked":["theMarked:RepellingDischarge","theMarked:Indomitable"],"picked":"theMarked:TurnInvisible","floor":14.0},{"not_picked":["theMarked:MuscleMemory","theMarked:UnarmedFury"],"picked":"theMarked:TakeOffHeels","floor":16.0},{"not_picked":["theMarked:BanishingStrike","theMarked:Generate"],"picked":"theMarked:RogueSparks","floor":18.0},{"not_picked":["theMarked:Frustration","theMarked:Generate"],"picked":"theMarked:ChainLightning","floor":22},{"not_picked":["theMarked:TwofoldDefense+1","theMarked:WastefulAttack"],"picked":"theMarked:EmpowerWeapon","floor":23},{"not_picked":["theMarked:TwofoldDefense","theMarked:Aftermath"],"picked":"theMarked:ChainLightning+1","floor":25},{"not_picked":["theMarked:ChainLightning","theMarked:Electrocute"],"picked":"theMarked:Parkour","floor":28},{"not_picked":["theMarked:Overcharge+1","theMarked:RepellingDischarge"],"picked":"theMarked:BanishingStrike","floor":29}],"player_experience":2537587,"relics_obtained":[{"floor":8.0,"key":"infinitespire:PuzzleCube"},{"floor":9.0,"key":"Strawberry"},{"floor":12.0,"key":"Happy Flower"},{"floor":23,"key":"Akabeko"},{"floor":25,"key":"Nunchaku"},{"floor":26,"key":"theMarked:SecretDocuments"}],"event_choices":[{"damage_healed":0.0,"max_hp_gain":0.0,"max_hp_loss":0.0,"gold_gain":0.0,"event_name":"betterThird:BetterGoop","player_choice":"Slimed","floor":5.0,"gold_loss":29.0,"damage_taken":11.0},{"damage_healed":0.0,"max_hp_gain":0.0,"max_hp_loss":0.0,"gold_gain":0.0,"event_name":"Living Wall","player_choice":"Grow","floor":7.0,"gold_loss":0.0,"damage_taken":0.0,"cards_upgraded":["theMarked:Indomitable"]},{"cards_removed":["theMarked:TurnInvisible"],"damage_healed":0.0,"max_hp_gain":0.0,"max_hp_loss":0.0,"gold_gain":0.0,"event_name":"betterNote:BetterNote","player_choice":"Take \u0026 Give","floor":20.0,"gold_loss":0.0,"damage_taken":0.0,"cards_obtained":["theMarked:Defy"]},{"damage_healed":0,"gold_gain":75,"player_choice":"Touch","damage_taken":7,"max_hp_gain":0,"max_hp_loss":0,"event_name":"FaceTrader","floor":21,"gold_loss":0}],"is_beta":false,"boss_relics":[{"not_picked":["hubris:BlackHole","conspire:SeveredTorchhead"],"picked":"SacredBark"}],"items_purged_floors":[],"is_endless":false,"potions_floor_spawned":[4,13,14,16,22,23],"killed_by":"Centurion and Healer","ascension_level":0}}