{"host":"ypphcgdomtfqpc2w","time":1609340471,"event":{"mods":["BaseMod","Minty Spire (QoL Compilation)","StSLib"],"gold_per_floor":[13,28,28,28,42,42,56,87,87,87,108,127,161,177,177,302,365,378,397,430,453,453,453,453,493,493,493,507,507,75,88,88,213,213,226,251,269,17,17,17,37,37,37],"floor_reached":42,"playtime":3194,"items_purged":["Strike_R+1"],"score":736,"play_id":"f3aa1ef7-e644-4cc4-a996-f2d16c85acbd","local_time":"20201231000111","is_ascension_mode":true,"campfire_choices":[{"data":"Searing Blow","floor":6.0,"key":"SMITH"},{"data":"Searing Blow+1","floor":10.0,"key":"SMITH"},{"data":"Searing Blow+2","floor":15.0,"key":"SMITH"},{"floor":23.0,"key":"REST"},{"floor":27.0,"key":"REST"},{"data":"Corruption","floor":29.0,"key":"SMITH"},{"data":"Searing Blow+3","floor":32.0,"key":"SMITH"},{"data":"Tools of the Trade","floor":40.0,"key":"SMITH"}],"circlet_count":0,"master_deck":["AscendersBane","Strike_R+1","Defend_R+1","Defend_R+1","Defend_R+1","Battle Trance+1","Searing Blow+4","Burning Pact","Rage","Intimidate","Headbutt","Corruption+1","Exhume","Shrug It Off","Clash+1","True Grit+1","Ghostly Armor","Thunderclap","Feed","Second Wind+1","Tools of the Trade+1","Rupture+1","Offering+1","Impervious+1","SashWhip+1","Feed+1","ClearTheMind+1"],"relics":["Burning Blood","Golden Idol","Anchor","Boot","Darkstone Periapt","Tiny House","Red Mask","Molten Egg 2","Letter Opener","Bronze Scales","PrismaticShard","Astrolabe","White Beast Statue"],"acts_visited":["Exordium","TheCity","TheBeyond"],"potions_floor_usage":[42],"damage_taken":[{"damage":7.0,"enemies":"Jaw Worm","floor":1.0,"turns":3.0},{"damage":1.0,"enemies":"Cultist","floor":2.0,"turns":4.0},{"damage":4.0,"enemies":"2 Louse","floor":5.0,"turns":3.0},{"damage":23.0,"enemies":"Red Slaver","floor":7.0,"turns":7.0},{"damage":0.0,"enemies":"Gremlin Nob","floor":8.0,"turns":2.0},{"damage":0.0,"enemies":"Exordium Wildlife","floor":11.0,"turns":4.0},{"damage":7.0,"enemies":"3 Louse","floor":12.0,"turns":3.0},{"damage":24.0,"enemies":"Lagavulin","floor":13.0,"turns":6.0},{"damage":0.0,"enemies":"Red Slaver","floor":14.0,"turns":2.0},{"damage":53.0,"enemies":"The Guardian","floor":16.0,"turns":13.0},{"damage":18.0,"enemies":"3 Byrds","floor":18.0,"turns":8.0},{"damage":2.0,"enemies":"Shell Parasite","floor":19.0,"turns":6.0},{"damage":37.0,"enemies":"Masked Bandits","floor":20.0,"turns":8.0},{"damage":0.0,"enemies":"Snake Plant","floor":21.0,"turns":4.0},{"damage":41.0,"enemies":"Gremlin Leader","floor":25.0,"turns":8.0},{"damage":7.0,"enemies":"Chosen and Byrds","floor":28.0,"turns":8.0},{"damage":10.0,"enemies":"Centurion and Healer","floor":31.0,"turns":9.0},{"damage":51.0,"enemies":"Collector","floor":33.0,"turns":12.0},{"damage":6.0,"enemies":"3 Darklings","floor":35.0,"turns":6.0},{"damage":6.0,"enemies":"3 Shapes","floor":36.0,"turns":3.0},{"damage":16.0,"enemies":"Jaw Worm Horde","floor":37.0,"turns":4.0},{"damage":6.0,"enemies":"3 Darklings","floor":41.0,"turns":4.0},{"damage":66,"enemies":"Giant Head","floor":42,"turns":8}],"seed_played":"-3956272489968633806","potions_obtained":[{"floor":1.0,"key":"AttackPotion"},{"floor":2.0,"key":"Weak Potion"},{"floor":11.0,"key":"BloodPotion"},{"floor":14.0,"key":"Energy Potion"},{"floor":17.0,"key":"AttackPotion"},{"floor":18.0,"key":"ColorlessPotion"},{"floor":19.0,"key":"EssenceOfSteel"},{"floor":25.0,"key":"Fire Potion"},{"floor":28.0,"key":"DistilledChaos"},{"floor":37.0,"key":"Fruit Juice"},{"floor":41.0,"key":"Regen Potion"}],"is_trial":false,"path_per_floor":["M","M","?","?","M","R","M","E","T","R","M","M","E","M","R","B",null,"M","M","?","M","?","R","?","E","T","R","M","R","$","M","R","B",null,"M","M","M","$","?","R","M","E"],"character_chosen":"IRONCLAD","items_purchased":["Bronze Scales","PrismaticShard","Block Potion","White Beast Statue"],"campfire_rested":2,"item_purchase_floors":[30,30,30,38],"current_hp_per_floor":[71,76,56,56,58,58,41,47,47,47,53,52,34,40,40,9,67,55,59,28,34,34,59,59,24,24,49,54,54,54,56,56,11,76,79,85,78,78,78,78,82,31,31],"gold":37,"neow_bonus":"REMOVE_TWO","is_daily":false,"chose_seed":false,"campfire_upgraded":6,"win_rate":0.0,"timestamp":1609340471,"path_taken":["M","M","?","?","M","R","M","E","T","R","?","M","E","M","R","BOSS","M","M","?","M","?","R","?","E","T","R","M","R","$","M","R","BOSS","M","M","M","$","?","R","M","E"],"items_purchased_type":["Relic","Relic","Potion","Relic"],"build_version":"2020-12-22","purchased_purges":1,"victory":false,"max_hp_per_floor":[80,80,80,80,80,80,80,80,80,80,80,80,80,80,80,80,85,85,85,85,85,85,85,85,85,85,85,91,91,91,97,97,97,97,100,106,109,109,109,109,113,113,113],"card_choices":[{"not_picked":["Feel No Pain","Flex"],"picked":"Battle Trance","floor":1.0},{"not_picked":["Cleave","Twin Strike"],"picked":"Searing Blow","floor":2.0},{"not_picked":["Heavy Blade","Bloodletting"],"picked":"Burning Pact","floor":5.0},{"not_picked":["Intimidate","Rupture"],"picked":"Rage","floor":7.0},{"not_picked":["Clash","Clothesline"],"picked":"Intimidate","floor":8.0},{"not_picked":["Warcry","True Grit"],"picked":"Headbutt","floor":11.0},{"not_picked":["Warcry","Havoc","Searing Blow"],"picked":"SKIP","floor":12.0},{"not_picked":["Heavy Blade","Thunderclap"],"picked":"Corruption","floor":13.0},{"not_picked":["Iron Wave","Thunderclap"],"picked":"Power Through","floor":14.0},{"not_picked":["Double Tap","Demon Form"],"picked":"Exhume","floor":16.0},{"not_picked":["Ghostly Armor","Headbutt"],"picked":"Shrug It Off","floor":17.0},{"not_picked":["Rupture","Inflame"],"picked":"Clash+1","floor":18.0},{"not_picked":["Headbutt","Dark Embrace"],"picked":"True Grit+1","floor":19.0},{"not_picked":["Perfected Strike","Warcry"],"picked":"Ghostly Armor","floor":20.0},{"not_picked":["Carnage+1","Cleave+1"],"picked":"Thunderclap","floor":21.0},{"not_picked":["Power Through+1","Searing Blow+1","True Grit"],"picked":"SKIP","floor":25.0},{"not_picked":["Clash+1","Sever Soul+1"],"picked":"Second Wind+1","floor":28.0},{"not_picked":["Tactician","Genetic Algorithm","All Out Attack+1"],"picked":"SKIP","floor":31.0},{"not_picked":["Feed+1","Creative AI"],"picked":"Tools of the Trade","floor":33.0},{"not_picked":["Deadly Poison","Rebound+1"],"picked":"SashWhip+1","floor":35.0},{"not_picked":["Halt","Hello World","Compile Driver+1"],"picked":"SKIP","floor":36.0},{"not_picked":["Concentrate","Predator+1"],"picked":"Feed+1","floor":37.0},{"not_picked":["CrushJoints+1","Poisoned Stab+1"],"picked":"ClearTheMind+1","floor":41.0}],"player_experience":1971645,"relics_obtained":[{"floor":8.0,"key":"Anchor"},{"floor":9.0,"key":"Boot"},{"floor":13.0,"key":"Darkstone Periapt"},{"floor":20.0,"key":"Red Mask"},{"floor":25.0,"key":"Molten Egg 2"},{"floor":26.0,"key":"Letter Opener"}],"event_choices":[{"damage_healed":0.0,"max_hp_gain":0.0,"max_hp_loss":0.0,"gold_gain":0.0,"event_name":"Golden Idol","player_choice":"Take Damage","floor":3.0,"gold_loss":0.0,"damage_taken":20.0,"relics_obtained":["Golden Idol"]},{"damage_healed":0.0,"max_hp_gain":0.0,"max_hp_loss":0.0,"gold_gain":0.0,"event_name":"Liars Game","player_choice":"Ignored","floor":4.0,"gold_loss":0.0,"damage_taken":0.0},{"damage_healed":0.0,"max_hp_gain":0.0,"max_hp_loss":0.0,"gold_gain":0.0,"event_name":"Masked Bandits","player_choice":"Fought Bandits","floor":20.0,"gold_loss":0.0,"damage_taken":0.0},{"damage_healed":0.0,"max_hp_gain":0.0,"max_hp_loss":0.0,"gold_gain":0.0,"event_name":"Back to Basics","player_choice":"Simplicity","floor":22.0,"gold_loss":0.0,"damage_taken":0.0,"cards_upgraded":["Strike_R","Strike_R","Strike_R","Strike_R","Defend_R","Defend_R","Defend_R"]},{"damage_healed":0.0,"max_hp_gain":0.0,"max_hp_loss":0.0,"gold_gain":0.0,"cards_transformed":["Bash"],"event_name":"Transmorgrifier","player_choice":"Transformed","floor":24.0,"gold_loss":0.0,"damage_taken":0.0,"cards_obtained":["Feed"]},{"damage_healed":0.0,"max_hp_gain":0.0,"max_hp_loss":0.0,"gold_gain":0.0,"event_name":"Mysterious Sphere","player_choice":"Ignored","floor":39.0,"gold_loss":0.0,"damage_taken":0.0}],"is_beta":false,"boss_relics":[{"not_picked":["Fusion Hammer","Ectoplasm"],"picked":"Tiny House"},{"not_picked":["Runic Cube","Calling Bell"],"picked":"Astrolabe"}],"items_purged_floors":[30],"is_endless":false,"potions_floor_spawned":[1,2,11,14,18,19,25,28,37,41],"killed_by":"Giant Head","ascension_level":10}}