{"host":"4sgoj70bvr8ov3jh","time":1609328396,"event":{"mods":["2.2 Compatiblity","AchievementEnabler","BaseMod","Chen","GifTheSpireLib","Hero for Fun","Marisa????????","Minty Spire (QoL Compilation)","Permanent Neow","Remilia_Scarlet Moed?????·?????3.3.5","StSLib","The Alterego","The Servant 0.9.4"],"gold_per_floor":[111,124,124,139,868,868,868,891,936,936,975,975,988,1009,1009,1130,1130,1155,628,628,653,704,743,663,684,733,733,733,733,768,784,784,908,971,990,990,990,990,990],"floor_reached":38,"playtime":1868,"items_purged":[],"score":943,"play_id":"d604326f-6f44-4b2a-992a-8c961ab4835c","local_time":"20201230033956","is_ascension_mode":true,"campfire_choices":[{"data":"1","floor":6.0,"key":"LIFT"},{"data":"2","floor":10.0,"key":"LIFT"},{"data":"3","floor":15.0,"key":"LIFT"},{"data":"Cloak And Dagger","floor":28.0,"key":"SMITH"},{"data":"Backstab","floor":32.0,"key":"SMITH"}],"circlet_count":8,"master_deck":["Defend_G+1","Defend_G+1","Defend_G+1","Defend_G+1","Defend_G+1","Survivor+1","Neutralize+1","RemiliaMod:CGJM+4","After Image+1","Backstab+1","Deflect+1","Cloak And Dagger+1","Accuracy+1","Prepared+1","Flying Knee+1","Poisoned Stab+1","Deep Breath+1","Panache+1","Flash of Steel+1","Bandage Up+1","Jack Of All Trades+1","Good Instincts+1","Impatience+1","Finesse+1","Enlightenment+1","Flash of Steel+1","Magnetism+1","Flash of Steel+1","Discovery+1","Magnetism+1","Dark Shackles+1","Swift Strike+1","Secret Weapon+1","Blind+1","Jack Of All Trades+1","Flash of Steel+1","Dramatic Entrance+1","Mayhem+1","Reflex+1","Outmaneuver+1","Deflect+1","Envenom+1","Cloak And Dagger+1","Caltrops+1","Deadly Poison+1","Well Laid Plans+1","Catalyst+1","Accuracy+1","Outmaneuver+1","Accuracy+1","Deadly Poison+1","Caltrops+1","Footwork+1","Crippling Poison+1","Blur+1","Blade Dance+1","Blade Dance+1","Deflect+1","Bane+1","Bane+1","Violence+1","Forethought+1","Dark Shackles+1","Apotheosis+1","Terror+1","PiercingWail+1","Blade Dance+1","Backflip+1","Leg Sweep+1","PiercingWail+1","Backstab+1","Phantasmal Killer+1","Masterful Stab+1","Endless Agony+1","Jack Of All Trades+1","Dagger Throw+1","Finesse+1","Transmutation+1","Slice+1","Slice+1","Distraction+1","Reflex+1","Bite+1","Bite+1","Bite+1","Bite+1","Bite+1","Distraction+1","Distraction+1","Mind Blast+1","Blade Dance+1","Blade Dance+1","Adrenaline+1","Calculated Gamble+1","Noxious Fumes+1"],"relics":["Ring of the Snake","RemiliaMod:RHW","Eternal Feather","Uniform","BewitchedHakkero","Juzu Bracelet","Bronze Scales","AmplifyWand","WarpedTongs","War Paint","WarpedTongs","WarpedTongs","WarpedTongs","WarpedTongs","WarpedTongs","WarpedTongs","WarpedTongs","WarpedTongs","Enchiridion","Enchiridion","Enchiridion","Black Blood","Black Star","Black Star","Black Star","Membership Card","The Courier","Golden Idol","Bag of Marbles","The Specimen","Tiny Chest","The Specimen","Bag of Preparation","Du-Vu Doll","Strawberry","Orichalcum","Omamori","Kunai","Girya","Gremlin Horn","Thread and Needle","Lee\u0027s Waffle","Lantern","Lantern","Art of War","Nunchaku","Boot","Bronze Scales","Pantograph","Bird Faced Urn","Vajra","Vajra","Vajra","Shovel","Potion Belt","Regal Pillow","Centennial Puzzle","Incense Burner","MealTicket","Happy Flower","Ancient Tea Set","Pen Nib","Torii","Torii","Toxic Egg 2","Frozen Egg 2","Molten Egg 2","Blue Candle","Medical Kit","Whetstone","PreservedInsect","StoneCalendar","Eternal Feather","Mercury Hourglass","Mercury Hourglass","Mercury Hourglass","Mango","Bottled Tornado","War Paint","Ice Cream","Frozen Egg 2","Ornamental Fan","Darkstone Periapt","Tough Bandages","CaptainsWheel","Anchor","Oddly Smooth Stone","Toy Ornithopter","Snake Skull","Molten Egg 2","Letter Opener","Unceasing Top","Paper Crane","HornCleat","Pear","White Beast Statue","Meat on the Bone","Ninja Scroll","Toxic Egg 2","Shuriken","FossilizedHelix","Sundial","Question Card","Bottled Lightning","Mummified Hand","Bottled Flame","Matryoshka","Dead Branch","InkBottle","Prayer Wheel","Tingsha","WingedGreaves","Ginger","TungstenRod","TungstenRod","TungstenRod","TungstenRod","TungstenRod","TungstenRod","Calipers","Astrolabe","Lizard Tail","Pocketwatch","Turnip","Orrery","Circlet","Membership Card","Tiny House","TungstenRod","TungstenRod","TungstenRod","TungstenRod","Oddly Smooth Stone","TungstenRod","TungstenRod","TungstenRod","TungstenRod","TungstenRod","TungstenRod","TungstenRod","TungstenRod","Oddly Smooth Stone","Oddly Smooth Stone","Oddly Smooth Stone","Oddly Smooth Stone","Oddly Smooth Stone","Oddly Smooth Stone","Oddly Smooth Stone","Oddly Smooth Stone","Oddly Smooth Stone","Oddly Smooth Stone","Oddly Smooth Stone","Oddly Smooth Stone","Oddly Smooth Stone","Oddly Smooth Stone","Oddly Smooth Stone","TungstenRod","TungstenRod","TungstenRod","TungstenRod","TungstenRod","TungstenRod","TungstenRod","TungstenRod","TungstenRod","TungstenRod","TungstenRod","TungstenRod","TungstenRod","TungstenRod","TungstenRod","TungstenRod","TungstenRod","TungstenRod","TungstenRod","TungstenRod","TungstenRod","TungstenRod","TungstenRod","TungstenRod","TungstenRod","TungstenRod","Oddly Smooth Stone","Oddly Smooth Stone","Oddly Smooth Stone","Oddly Smooth Stone","Oddly Smooth Stone","Oddly Smooth Stone","Oddly Smooth Stone","Oddly Smooth Stone","Oddly Smooth Stone","Oddly Smooth Stone","Oddly Smooth Stone","Oddly Smooth Stone","Oddly Smooth Stone","Oddly Smooth Stone","Oddly Smooth Stone","Vajra","Vajra","Oddly Smooth Stone","Vajra","Vajra","Vajra","Vajra","Vajra","Vajra","Vajra","Vajra","Vajra","Vajra","Vajra","Vajra","Vajra","Vajra","Vajra","Vajra","Vajra","Vajra","Vajra","Vajra","Vajra","Vajra","Vajra","Vajra","Vajra","Vajra","Vajra"],"acts_visited":["TheCity","TheBeyond"],"potions_floor_usage":[38,38,38,38,38],"damage_taken":[{"damage":0.0,"enemies":"Cultist","floor":1.0,"turns":2.0},{"damage":0.0,"enemies":"2 Louse","floor":2.0,"turns":1.0},{"damage":0.0,"enemies":"Jaw Worm","floor":4.0,"turns":2.0},{"damage":0.0,"enemies":"2 Fungi Beasts","floor":8.0,"turns":1.0},{"damage":0.0,"enemies":"Lagavulin","floor":11.0,"turns":1.0},{"damage":0.0,"enemies":"Exordium Wildlife","floor":13.0,"turns":1.0},{"damage":0.0,"enemies":"Gremlin Gang","floor":14.0,"turns":1.0},{"damage":0.0,"enemies":"The Guardian","floor":16.0,"turns":1.0},{"damage":0.0,"enemies":"Spheric Guardian","floor":18.0,"turns":1.0},{"damage":0.0,"enemies":"3 Byrds","floor":21.0,"turns":1.0},{"damage":0.0,"enemies":"Book of Stabbing","floor":23.0,"turns":1.0},{"damage":0.0,"enemies":"Snake Plant","floor":25.0,"turns":1.0},{"damage":0.0,"enemies":"Slavers","floor":30.0,"turns":1.0},{"damage":0.0,"enemies":"3 Cultists","floor":31.0,"turns":1.0},{"damage":0.0,"enemies":"Collector","floor":33.0,"turns":1.0},{"damage":0.0,"enemies":"3 Shapes","floor":35.0,"turns":1.0},{"damage":182,"enemies":"Remilia_Byz","floor":38,"turns":15}],"seed_played":"-2234719419290144486","potions_obtained":[{"floor":0.0,"key":"GhostInAJar"},{"floor":0.0,"key":"PowerPotion"},{"floor":4.0,"key":"Fire Potion"},{"floor":8.0,"key":"SteroidPotion"},{"floor":11.0,"key":"SmokeBomb"},{"floor":13.0,"key":"Poison Potion"},{"floor":14.0,"key":"ColorlessPotion"}],"is_trial":false,"path_per_floor":["M","M","?","M","$","R","?","M","T","R","E","?","M","M","R","B",null,"M","$","?","M","T","E","$","M","T","?","R","?","E","M","R","B",null,"M","T","?","?"],"character_chosen":"THE_SILENT","items_purchased":["Bag of Marbles","The Specimen","Tiny Chest","Bag of Preparation","Du-Vu Doll","Strawberry","Orichalcum","Omamori","Kunai","Girya","Gremlin Horn","Thread and Needle","Lantern","Art of War","Nunchaku","Boot","Blood Vial","Bronze Scales","Pantograph","Bird Faced Urn","Vajra","Shovel","Potion Belt","Regal Pillow","Centennial Puzzle","Incense Burner","MealTicket","Happy Flower","Ancient Tea Set","Pen Nib","Torii","Accuracy","Prepared","Flying Knee","Poisoned Stab","Deep Breath","Panache","Flash of Steel+1","Bandage Up+1","Jack Of All Trades+1","Blue Candle","Medical Kit","Whetstone","Good Instincts+1","Impatience+1","PreservedInsect","StoneCalendar","Eternal Feather","Mercury Hourglass","Mango","Bottled Tornado","Finesse+1","Enlightenment+1","PanicButton+1","Flash of Steel+1","Magnetism+1","Flash of Steel+1","Discovery+1","Magnetism+1","Dark Shackles+1","Swift Strike+1","Secret Weapon+1","Blind+1","Jack Of All Trades+1","Flash of Steel+1","Dramatic Entrance+1","Mayhem+1","Reflex","Outmaneuver+1","Deflect+1","Envenom+1","Cloak And Dagger+1","Caltrops+1","Deadly Poison+1","Well Laid Plans+1","Catalyst+1","Accuracy+1","Outmaneuver+1","Accuracy+1","Deadly Poison+1","Caltrops+1","Footwork+1","Crippling Poison+1","Blur+1","Blade Dance+1","Blade Dance+1","Deflect+1","Bane+1","Bane+1","Violence+1","Forethought+1","Dark Shackles+1","Apotheosis+1","War Paint","Ice Cream","Frozen Egg 2","Ornamental Fan","Darkstone Periapt","Tough Bandages","CaptainsWheel","Anchor","Oddly Smooth Stone","Toy Ornithopter","Snake Skull","Molten Egg 2","Letter Opener","Unceasing Top","Paper Crane","HornCleat","Pear","White Beast Statue","Meat on the Bone","Ninja Scroll","Toxic Egg 2","Shuriken","FossilizedHelix","Sundial","Question Card","Bottled Lightning","Mummified Hand","Bottled Flame","Matryoshka","Dead Branch","InkBottle","Prayer Wheel","Finesse+1","Transmutation+1","Lizard Tail","Pocketwatch","Turnip","Orrery","Membership Card","Mind Blast+1"],"campfire_rested":0,"item_purchase_floors":[5,5,5,5,5,5,5,5,5,5,5,5,5,5,5,5,5,5,5,5,5,5,5,5,5,5,5,5,5,5,5,5,5,5,5,5,5,5,5,5,5,5,5,5,5,5,5,5,5,5,5,5,5,5,5,5,5,5,5,5,5,5,5,5,5,5,5,5,5,5,5,5,5,5,5,5,5,5,5,5,5,5,5,5,5,5,5,5,5,5,5,5,5,5,5,5,5,5,5,5,5,5,5,5,5,5,5,5,5,5,5,5,5,5,5,5,5,5,5,5,5,5,5,5,5,19,19,19,19,19,19,24,24],"current_hp_per_floor":[70,70,65,65,103,103,103,103,103,103,103,103,103,103,103,103,103,103,103,103,103,103,103,103,103,103,103,103,103,103,103,103,103,108,108,108,108,0,0],"gold":990,"neow_bonus":"THREE_SMALL_POTIONS","is_daily":false,"chose_seed":false,"campfire_upgraded":2,"win_rate":0.0,"timestamp":1609328396,"path_taken":["M","M","?","M","$","R","?","M","T","R","E","?","M","M","R","BOSS","M","$","?","M","?","E","?","M","T","?","R","?","E","M","R","BOSS","M","?","?","?"],"items_purchased_type":["Relic","Relic","Relic","Relic","Relic","Relic","Relic","Relic","Relic","Relic","Relic","Relic","Relic","Relic","Relic","Relic","Relic","Relic","Relic","Relic","Relic","Relic","Relic","Relic","Relic","Relic","Relic","Relic","Relic","Relic","Relic","Card","Card","Card","Card","Card","Card","Card","Card","Card","Relic","Relic","Relic","Card","Card","Relic","Relic","Relic","Relic","Relic","Relic","Card","Card","Card","Card","Card","Card","Card","Card","Card","Card","Card","Card","Card","Card","Card","Card","Card","Card","Card","Card","Card","Card","Card","Card","Card","Card","Card","Card","Card","Card","Card","Card","Card","Card","Card","Card","Card","Card","Card","Card","Card","Card","Relic","Relic","Relic","Relic","Relic","Relic","Relic","Relic","Relic","Relic","Relic","Relic","Relic","Relic","Relic","Relic","Relic","Relic","Relic","Relic","Relic","Relic","Relic","Relic","Relic","Relic","Relic","Relic","Relic","Relic","Relic","Relic","Card","Card","Relic","Relic","Relic","Relic","Relic","Card"],"build_version":"2020-12-22","purchased_purges":0,"victory":false,"max_hp_per_floor":[70,70,65,65,103,103,103,103,103,103,103,103,103,103,103,103,103,103,103,103,103,103,103,103,103,103,103,103,103,103,103,103,103,108,108,108,108,108,108],"card_choices":[{"not_picked":["Concentrate","Malaise"],"picked":"Backstab","floor":1.0},{"not_picked":["Expertise","Terror"],"picked":"Deflect","floor":2.0},{"not_picked":["Caltrops","Flying Knee"],"picked":"Cloak And Dagger","floor":4.0},{"not_picked":["Sucker Punch+1","Cloak And Dagger+1","Dagger Throw+1"],"picked":"PiercingWail+1","floor":8.0},{"not_picked":["Skewer+1","Reflex+1","Bane+1"],"picked":"Blade Dance+1","floor":8.0},{"not_picked":["Bane+1","Terror+1","Poisoned Stab+1"],"picked":"Dagger Spray+1","floor":11.0},{"not_picked":["Underhanded Strike+1","Bane+1","Sucker Punch+1"],"picked":"Backflip+1","floor":13.0},{"not_picked":["Dagger Throw+1","Flechettes+1","Deadly Poison+1"],"picked":"Leg Sweep+1","floor":13.0},{"not_picked":["Underhanded Strike+1","Crippling Poison+1","Prepared+1"],"picked":"PiercingWail+1","floor":14.0},{"not_picked":["Deflect+1","Leg Sweep+1","PiercingWail+1"],"picked":"Backstab+1","floor":14.0},{"not_picked":["Grand Finale+1","Venomology+1","Doppelganger+1"],"picked":"Phantasmal Killer+1","floor":16.0},{"not_picked":["Catalyst+1","Reflex+1","Escape Plan+1"],"picked":"Dagger Throw+1","floor":18.0},{"not_picked":["Acrobatics+1","Deadly Poison+1","Outmaneuver+1","Dodge and Roll+1"],"picked":"SKIP","floor":18.0},{"not_picked":["Heel Hook+1","Glass Knife+1","Noxious Fumes+1"],"picked":"Slice+1","floor":19.0},{"not_picked":["Outmaneuver+1","Dagger Spray+1","Calculated Gamble+1"],"picked":"Slice+1","floor":19.0},{"not_picked":["Dagger Spray+1","Quick Slash+1","Deadly Poison+1"],"picked":"Distraction+1","floor":19.0},{"not_picked":["Night Terror+1","Predator+1","Dodge and Roll+1"],"picked":"Reflex+1","floor":19.0},{"not_picked":["Calculated Gamble+1","Prepared+1","Blur+1"],"picked":"Distraction+1","floor":21.0},{"not_picked":["Choke+1","Backflip+1","Eviscerate+1","Reflex+1"],"picked":"SKIP","floor":21.0},{"not_picked":["Blur+1","Terror+1","Tactician+1"],"picked":"Distraction+1","floor":23.0},{"not_picked":["Flying Knee+1","Poisoned Stab+1","Bane+1"],"picked":"Blade Dance+1","floor":25.0},{"not_picked":["Poisoned Stab+1","Dash+1","Underhanded Strike+1","Glass Knife+1"],"picked":"SKIP","floor":25.0},{"not_picked":["Eviscerate+1","Dagger Spray+1","Accuracy+1","Outmaneuver+1"],"picked":"SKIP","floor":30.0},{"not_picked":["Slice+1","Dagger Spray+1","Deadly Poison+1"],"picked":"Blade Dance+1","floor":31.0},{"not_picked":["Dagger Throw+1","Masterful Stab+1","Quick Slash+1","Infinite Blades+1"],"picked":"SKIP","floor":31.0},{"not_picked":["Doppelganger+1","Corpse Explosion+1","Malaise+1"],"picked":"Adrenaline+1","floor":33.0},{"not_picked":["Finisher+1","Dagger Throw+1","Crippling Poison+1"],"picked":"Calculated Gamble+1","floor":34.0},{"not_picked":["Predator+1","Bane+1","Deadly Poison+1"],"picked":"Noxious Fumes+1","floor":35.0},{"not_picked":["Choke+1","Leg Sweep+1","Dagger Throw+1","Blur+1"],"picked":"SKIP","floor":35.0}],"player_experience":181556,"relics_obtained":[{"floor":9.0,"key":"Tingsha"},{"floor":9.0,"key":"WingedGreaves"},{"floor":11.0,"key":"Ginger"},{"floor":11.0,"key":"TungstenRod"},{"floor":22.0,"key":"Circlet"},{"floor":22.0,"key":"Circlet"},{"floor":23.0,"key":"Circlet"},{"floor":23.0,"key":"Circlet"},{"floor":26.0,"key":"Circlet"},{"floor":30.0,"key":"Circlet"},{"floor":30.0,"key":"Circlet"},{"floor":36.0,"key":"Circlet"}],"event_choices":[{"damage_healed":0.0,"max_hp_gain":0.0,"max_hp_loss":5.0,"gold_gain":0.0,"event_name":"Golden Idol","player_choice":"Lose Max HP","floor":3.0,"gold_loss":0.0,"damage_taken":0.0,"relics_obtained":["Golden Idol"]},{"damage_healed":0.0,"max_hp_gain":0.0,"max_hp_loss":0.0,"gold_gain":0.0,"cards_transformed":["Strike_G"],"event_name":"Transmorgrifier","player_choice":"Transformed","floor":7.0,"gold_loss":0.0,"damage_taken":0.0,"cards_obtained":["Terror"]},{"damage_healed":0.0,"max_hp_gain":0.0,"max_hp_loss":0.0,"gold_gain":0.0,"event_name":"Scrap Ooze","player_choice":"Success","floor":12.0,"gold_loss":0.0,"damage_taken":3.0,"relics_obtained":["Calipers"]},{"damage_healed":0.0,"max_hp_gain":0.0,"max_hp_loss":0.0,"gold_gain":0.0,"event_name":"Vampires","player_choice":"Became a vampire (Vial)","floor":20.0,"relics_lost":["Blood Vial"],"gold_loss":0.0,"damage_taken":0.0,"cards_obtained":["Bite","Bite","Bite","Bite","Bite"]},{"damage_healed":0.0,"max_hp_gain":0.0,"max_hp_loss":0.0,"gold_gain":0.0,"event_name":"Beggar","player_choice":"Ignored","floor":27.0,"gold_loss":0.0,"damage_taken":0.0},{"damage_healed":0.0,"max_hp_gain":0.0,"max_hp_loss":0.0,"gold_gain":0.0,"event_name":"Back to Basics","player_choice":"Simplicity","floor":29.0,"gold_loss":0.0,"damage_taken":0.0,"cards_upgraded":["Defend_G","Defend_G","Defend_G"]},{"cards_removed":["Dagger Spray"],"damage_healed":0.0,"max_hp_gain":0.0,"max_hp_loss":0.0,"gold_gain":0.0,"event_name":"Falling","player_choice":"Removed Attack","floor":37.0,"gold_loss":0.0,"damage_taken":0.0}],"is_beta":false,"boss_relics":[{"not_picked":["Runic Pyramid","Busted Crown"],"picked":"Astrolabe"},{"not_picked":["SacredBark","Runic Dome"],"picked":"Tiny House"}],"items_purged_floors":[],"is_endless":false,"potions_floor_spawned":[4,8,11,13,14,16,18,21,23,25,30,31,33,35],"killed_by":"Remilia_Byz","ascension_level":1}}