{"host":"4q8tqz186r0pap1a","time":1609323396,"event":{"mods":["ATMod(阿瑾Mod)","Act Like it!","Arknights The Spire","Ascension Reborn","BaseMod","Colored Powertips","Dota2Spire","Downfall","Hallownest","Highlight Path","Hunter 猎人","Minty Spire (QoL Compilation)","Nova Terra(诺娃・泰拉)","Pale of the Ancients","Quick Restart","Relic Stats","Replay The Spire","Say the Spire","Shop Mod","Spicy Shops","StSLib","The Construct","TheWitcher","[IsaacMod]以撒尖塔","【功能Mod】混沌之环修复补丁","【功能Mod】聪明的最终Boss","【遗物卡牌】REMEMod","残留之物"],"gold_per_floor":[113,129,142,142,99222,99232,99251,97935,97935,97947,97947,97967,97967,97992,97992,98097,98097,98116,97446,97464,97672,97687,97718,97718,97733,97733,97765,97765,97765,97799,97815,97815,97912,97912,97929,96308,96308,96323,95668,95694,95694,95704,95704,95730,95341,95358,95371,95386,95386,95386],"floor_reached":51,"playtime":5107,"items_purged":["ats:Defend","ats:Strike V","ats:Defend","ats:Strike G"],"score":756,"play_id":"51a10aa6-fb1a-4e68-a93e-2ac19963aa42","local_time":"20201230181636","is_ascension_mode":true,"campfire_choices":[{"data":"ats:Nebulous Foxfire","floor":11,"key":"SMITH"},{"data":"ats:Sunburst","floor":15,"key":"SMITH"},{"data":"ats:Composite Medical Shells","floor":24,"key":"SMITH"},{"data":"ats:Roar Of Ursus","floor":28,"key":"SMITH"},{"data":"ats:Soul Rend","floor":32,"key":"SMITH"},{"data":"Replay:SS_forest_6","floor":41,"key":"SMITH"},{"data":"REME_MawOfCthun","floor":49,"key":"SMITH"}],"circlet_count":0,"master_deck":["ats:Strike C","ats:Strike S","ats:Armor Crushing Shot","ats:Defend","ats:Defend","ats:Emotion Absorption","REME_BodyOfCthun+1","ats:Hammer On","ats:Shell Defense","ats:Poison Spread","ats:Hammer On","ats:Apocalypse","ats:Red Shift","ats:Nebulous Foxfire+1","ats:Sunburst+1","ats:Song Of Battle","ats:Powerful Strike","ats:Roar Of Ursus+1","ats:Revitalization+1","ats:Shell Defense","ats:Ignite","ats:Composite Medical Shells+1","ats:Healing Strengthening","ats:Beaten Up","ats:Healing Strengthening+1","ats:Soul Rend+1","ats:Sunburst","ats:Poison Spread","ats:Overload","ats:Directed Diagnosis","ats:Leaping Hammer+1","ats:Calcification","ats:Roar Of Ursus","ats:Explosion Area Strengthen+1","AT_TearsDenial+1","Replay:SS_forest_6+1","ats:Composite Medical Shells","ats:Defend Order","ats:Rapid Magazine+1","ats:Thorns+1","ats:Sword Rain+1","REME_MawOfCthun+1","ats:Counter Healing Mode+1"],"relics":["ats:Sanity","AT_ATBox","HushsDoor","REME_ComplimentaryCards","PillsDrop","NeowsBlessing","Potion Belt","Bronze Scales","ats:Industrial Water Cannon","Sling","MerchantsRug","ats:Military Tradition","Replay:WaspNest","BFFS","AT_TimeSand","HandDrill","PunchingBag","Dota2Spire:Vanguard","SlaversCollar","Dota2Spire:MantaStyle","Dota2Spire:PhaseBoots","Happy Flower","PokeGo","Orrery","ats:Originium","White Beast Statue","Matryoshka","AT_SilvercatRing","Mummified Hand","SacredBark","REME_IWantAll","Replay:PocketPolymizer","NineVolt","D4","Dota2Spire:UrnOfShadows","Membership Card","Mirror","AT_PhaseBoots","AT_DeathDance","Durian","Chemical X","UnicornStump","Blood Vial","Iron Hammer","Strawberry","ats:Hidden Killer","ats:Lavender","Bag of Marbles","AT_EbonyIvory"],"acts_visited":["Hallownest:Greenpath","Hallownest:CityofTears","Hallownest:KingdomsEdge"],"potions_floor_usage":[16,16,16,22,38,40,40,40,46,48,50,50],"damage_taken":[{"damage":1,"enemies":"Hallownest:2_Tiktiks_and_1_Crawlid","floor":1,"turns":2},{"damage":0,"enemies":"Hallownest:2_MossCreeps","floor":2,"turns":2},{"damage":0,"enemies":"Hallownest:monsterHuskGuard","floor":3,"turns":1},{"damage":0,"enemies":"Hallownest:Wandering_and_Horned","floor":6,"turns":6},{"damage":23,"enemies":"Hallownest:1_Baldur_1_Crawlid_1_Warrior","floor":7,"turns":7},{"damage":11,"enemies":"Hallownest:MossCreep_and_Mosskin","floor":10,"turns":4},{"damage":0,"enemies":"Hallownest:monsterMossCharger","floor":12,"turns":3},{"damage":23,"enemies":"Hallownest:BossFalseKnight","floor":16,"turns":7},{"damage":22,"enemies":"Hallownest:Guard_and_Sentry","floor":18,"turns":2},{"damage":18,"enemies":"Hallownest:3_Youths","floor":20,"turns":4},{"damage":24,"enemies":"Hallownest:Master_and_Novice","floor":22,"turns":5},{"damage":3,"enemies":"Hallownest:Nosk","floor":23,"turns":6},{"damage":32,"enemies":"Hallownest:2_Husk_Sentries","floor":25,"turns":5},{"damage":15,"enemies":"Hallownest:eliteSoulWarrior","floor":27,"turns":5},{"damage":9,"enemies":"Hallownest:Nosk","floor":30,"turns":5},{"damage":5,"enemies":"Hallownest:Warrior_and_Youth","floor":31,"turns":3},{"damage":16,"enemies":"Hallownest:BossGrimm","floor":33,"turns":4},{"damage":0,"enemies":"Hallownest:3_Siblings","floor":35,"turns":4},{"damage":27,"enemies":"Hallownest:Shield_Heavy","floor":38,"turns":5},{"damage":7,"enemies":"Hallownest:eliteCollector","floor":40,"turns":7},{"damage":31,"enemies":"Hallownest:2_Great","floor":42,"turns":5},{"damage":3,"enemies":"Hallownest:2_Soldiers_and_1_Guardian","floor":46,"turns":2},{"damage":14,"enemies":"Hallownest:Xero_Hu_Marmu","floor":47,"turns":8},{"damage":3,"enemies":"Hallownest:monsterPrimalAspid","floor":48,"turns":3},{"damage":20,"enemies":"Hallownest:Radiance","floor":50,"turns":9}],"seed_played":"-8888103753533751556","potions_obtained":[{"floor":2,"key":"Strength Potion"},{"floor":7,"key":"LifebloodPotion"},{"floor":12,"key":"Fire Potion"},{"floor":16,"key":"Strength Potion"},{"floor":18,"key":"Fire Potion"},{"floor":25,"key":"Energy Potion"},{"floor":27,"key":"Languid Potion"},{"floor":30,"key":"champ:CounterPotion"},{"floor":38,"key":"Swift Potion"},{"floor":40,"key":"GamblersBrew"},{"floor":42,"key":"ats:Emergency Sanity Potion"},{"floor":46,"key":"Languid Potion"},{"floor":47,"key":"Ancient Potion"},{"floor":48,"key":"Explosive Potion"}],"is_trial":false,"path_per_floor":["M","M","M","?","$","M","M","$","T","M","R","M","?","T","R","B",null,"M","$","M","?","M","E","R","M","T","E","R","?","E","M","R","B",null,"M","$","?","M","$","E","R","M","T","T","$","M","M","M","R","B",null],"character_chosen":"DOCTOR_CLASS","items_purchased":["ats:Hammer On","Bronze Scales","ats:Industrial Water Cannon","Sling","MerchantsRug","ats:Apocalypse","ats:Military Tradition","Replay:WaspNest","BFFS","AT_TimeSand","HandDrill","ats:Sunburst","Dota2Spire:MantaStyle","Dota2Spire:PhaseBoots","Happy Flower","PokeGo","Orrery","REME_IWantAll","Replay:PocketPolymizer","NineVolt","D4","Dota2Spire:UrnOfShadows","Membership Card","AT_TearsDenial","Replay:SS_forest_6","ats:Composite Medical Shells","Mirror","AT_SpeedBoots","AT_DeathDance","Durian","Chemical X","ats:Rapid Magazine","ats:Lavender","Bag of Marbles","AT_EbonyIvory","REME_MawOfCthun"],"campfire_rested":0,"item_purchase_floors":[5,5,5,5,5,5,8,8,8,8,8,8,19,19,19,19,19,36,36,36,36,36,36,36,36,36,39,39,39,39,39,39,45,45,45,45],"current_hp_per_floor":[71,71,71,56,56,67,48,48,48,55,55,62,62,62,62,44,67,45,45,37,21,28,56,56,56,56,67,67,67,62,63,63,54,70,70,70,55,53,58,73,73,54,54,61,61,61,82,82,82,82],"gold":95386,"neow_bonus":"THREE_ENEMY_KILL","is_daily":false,"chose_seed":false,"campfire_upgraded":7,"win_rate":0.0,"timestamp":1609323396,"path_taken":["M","M","?","?","$","M","M","$","T","M","R","M","?","?","R","BOSS","M","$","M","?","M","E","R","M","T","E","R","?","E","?","R","BOSS","M","?","?","?","$","E","R","?","T","?","$","M","?","M","R","BOSS"],"items_purchased_type":["Card","Relic","Relic","Relic","Relic","Card","Relic","Relic","Relic","Relic","Relic","Card","Relic","Relic","Relic","Relic","Relic","Relic","Relic","Relic","Relic","Relic","Relic","Card","Card","Card","Relic","Relic","Relic","Relic","Relic","Card","Relic","Relic","Relic","Card"],"build_version":"2020-12-22","purchased_purges":4,"victory":true,"max_hp_per_floor":[72,72,72,72,72,72,72,72,72,67,67,67,67,67,67,67,67,67,67,67,67,67,67,67,67,67,67,67,67,67,70,70,70,70,70,70,70,70,75,75,75,75,75,82,82,82,82,82,82,82],"relic_stats":{"Blood Vial":4,"Happy Flower":[26],"counters":[25,113],"Mummified Hand":[72],"Bronze Scales":[297],"HandDrill":[116],"Chemical X":[1],"obtain_stats":[{"AT_ATBox":0,"NineVolt":36,"AT_TimeSand":8,"Sling":5,"REME_IWantAll":36,"BFFS":8,"Blood Vial":43,"Strawberry":44,"Iron Hammer":43,"HandDrill":8,"KeepersGift":0,"MerchantsRug":5,"PunchingBag":9,"Dota2Spire:UrnOfShadows":36,"Happy Flower":19,"ats:Lavender":45,"AT_EbonyIvory":45,"AT_PhaseBoots":50,"AT_SilvercatRing":27,"SlaversCollar":17,"AT_SpeedBoots":39,"Bronze Scales":5,"AT_DeathDance":39,"HushsDoor":0,"ats:Military Tradition":8,"Mirror":39,"Dota2Spire:PhaseBoots":19,"UnicornStump":40,"Replay:PocketPolymizer":36,"SacredBark":34,"Dota2Spire:Vanguard":14,"ats:Industrial Water Cannon":5,"PokeGo":19,"Matryoshka":26,"Mummified Hand":30,"PillsDrop":0,"ats:Sanity":0,"Chemical X":39,"Potion Belt":4,"Dota2Spire:MantaStyle":19,"NeowsBlessing":0,"ats:Hidden Killer":44,"Replay:WaspNest":8,"White Beast Statue":23,"D4":36,"ats:Originium":23,"Orrery":19,"Durian":39,"Bag of Marbles":45,"Membership Card":36,"REME_ComplimentaryCards":0},{"AT_ATBox":0,"NineVolt":18,"AT_TimeSand":5,"Sling":3,"REME_IWantAll":18,"BFFS":5,"Blood Vial":21,"Strawberry":21,"Iron Hammer":21,"HandDrill":5,"KeepersGift":0,"MerchantsRug":3,"PunchingBag":5,"Dota2Spire:UrnOfShadows":18,"Happy Flower":9,"ats:Lavender":21,"AT_EbonyIvory":21,"AT_PhaseBoots":25,"AT_SilvercatRing":14,"SlaversCollar":8,"AT_SpeedBoots":19,"Bronze Scales":3,"AT_DeathDance":19,"HushsDoor":0,"ats:Military Tradition":5,"Mirror":19,"Dota2Spire:PhaseBoots":9,"UnicornStump":20,"Replay:PocketPolymizer":18,"SacredBark":17,"Dota2Spire:Vanguard":7,"ats:Industrial Water Cannon":3,"PokeGo":9,"Matryoshka":13,"Mummified Hand":15,"PillsDrop":0,"ats:Sanity":0,"Chemical X":19,"Potion Belt":3,"Dota2Spire:MantaStyle":9,"NeowsBlessing":0,"ats:Hidden Killer":21,"Replay:WaspNest":5,"White Beast Statue":12,"D4":18,"ats:Originium":12,"Orrery":9,"Durian":19,"Bag of Marbles":21,"Membership Card":18,"REME_ComplimentaryCards":0},{"AT_ATBox":0,"NineVolt":74,"AT_TimeSand":18,"Sling":5,"REME_IWantAll":74,"BFFS":18,"Blood Vial":91,"Strawberry":91,"Iron Hammer":91,"HandDrill":18,"KeepersGift":0,"MerchantsRug":5,"PunchingBag":18,"Dota2Spire:UrnOfShadows":74,"Happy Flower":33,"ats:Lavender":91,"AT_EbonyIvory":91,"AT_PhaseBoots":113,"AT_SilvercatRing":58,"SlaversCollar":31,"AT_SpeedBoots":79,"Bronze Scales":5,"AT_DeathDance":79,"HushsDoor":0,"ats:Military Tradition":18,"Mirror":79,"Dota2Spire:PhaseBoots":33,"UnicornStump":86,"Replay:PocketPolymizer":74,"SacredBark":70,"Dota2Spire:Vanguard":25,"ats:Industrial Water Cannon":5,"PokeGo":33,"Matryoshka":53,"Mummified Hand":63,"PillsDrop":0,"ats:Sanity":0,"Chemical X":79,"Potion Belt":5,"Dota2Spire:MantaStyle":33,"NeowsBlessing":0,"ats:Hidden Killer":91,"Replay:WaspNest":18,"White Beast Statue":48,"D4":74,"ats:Originium":48,"Orrery":33,"Durian":79,"Bag of Marbles":91,"Membership Card":74,"REME_ComplimentaryCards":0}]},"card_choices":[{"not_picked":[],"picked":"ChaosCard","floor":0},{"not_picked":["ats:Flame Of Heaven","ats:Cat Scratch"],"picked":"ats:Hammer On","floor":1},{"not_picked":["ats:Shadow Raid","ats:Volcano"],"picked":"ats:Shell Defense","floor":2},{"not_picked":["ats:LN2 Cannon","ats:Guardian Obelisk"],"picked":"ats:Poison Spread","floor":3},{"not_picked":["ats:Shell Defense","ats:Powerful Strike"],"picked":"ats:Red Shift","floor":6},{"not_picked":["ats:Revitalization","ats:Shell Defense"],"picked":"ats:Nebulous Foxfire","floor":7},{"not_picked":["ats:Chain Hook","ats:Magnetic Hammer"],"picked":"ats:Song Of Battle","floor":10},{"not_picked":["ats:Flexible Camouflage","ats:Closed Bolt Burst Fire"],"picked":"ats:Powerful Strike","floor":12},{"not_picked":["ats:Volcano","ats:Shadow Assault"],"picked":"ats:Roar Of Ursus","floor":16},{"not_picked":["ats:Poison Spread","ats:Thorns"],"picked":"ats:Revitalization+1","floor":18},{"not_picked":["ats:Encircling Forest","ats:Revitalization"],"picked":"ats:Shell Defense","floor":19},{"not_picked":["ats:Childhood Dance+1","ats:Defend Order+1"],"picked":"ats:Ignite","floor":19},{"not_picked":["ats:Thermite Blade+1","ats:Neurotoxin"],"picked":"ats:Composite Medical Shells","floor":19},{"not_picked":["ats:Fractured Body","ats:Assault Order+1"],"picked":"ats:Healing Strengthening","floor":19},{"not_picked":["ats:Neurotoxin","ats:Childhood Dance"],"picked":"ats:Beaten Up","floor":19},{"not_picked":["ats:Cat Scratch","ats:Explosion Area Strengthen"],"picked":"ats:Healing Strengthening+1","floor":20},{"not_picked":["ats:Flexible Camouflage","ats:Curse Doll"],"picked":"ats:Soul Rend","floor":21},{"not_picked":["ats:Curse Doll+1","ats:Steam Pump+1"],"picked":"ats:Sunburst","floor":22},{"not_picked":["ats:Assault Order","ats:Hammer On"],"picked":"ats:Poison Spread","floor":23},{"not_picked":["ats:Hammer On","ats:Shell Defense+1"],"picked":"ats:Overload","floor":25},{"not_picked":["ats:Echo Reverb","ats:Closed Bolt Burst Fire"],"picked":"ats:Directed Diagnosis","floor":27},{"not_picked":["ats:Encircling Forest","ats:Flexible Camouflage"],"picked":"ats:Leaping Hammer+1","floor":30},{"not_picked":["ats:Burning Ground","ats:Powerful Strike+1"],"picked":"ats:Calcification","floor":31},{"not_picked":["ats:Calcification","ats:Volcano"],"picked":"ats:Roar Of Ursus","floor":33},{"not_picked":["ats:Neurotoxin+1","ats:Apocalypse+1"],"picked":"ats:Explosion Area Strengthen+1","floor":35},{"not_picked":["ats:Echo Reverb","ats:Explosion Area Strengthen"],"picked":"ats:Defend Order","floor":38},{"not_picked":["ats:Childhood Dance","ats:Flame Of Heaven+1"],"picked":"ats:Thorns+1","floor":40},{"not_picked":["ats:Revitalization+1","ats:Cat Scratch"],"picked":"ats:Sword Rain+1","floor":42},{"not_picked":["ats:Childhood Dance+1","ats:Support Order","ats:Curse Doll"],"picked":"SKIP","floor":46},{"not_picked":["ats:Ignite+1","ats:Consecutive Shot Auto+1"],"picked":"ats:Counter Healing Mode+1","floor":47},{"not_picked":["ats:Consecutive Shot Auto+1","ats:Directed Diagnosis+1","ats:Explosion Area Strengthen+1"],"picked":"SKIP","floor":48},{"not_picked":["ats:Consecutive Shot Auto+1","ats:Directed Diagnosis+1","ats:Explosion Area Strengthen+1"],"picked":"SKIP","floor":48}],"player_experience":44354,"relics_obtained":[{"floor":9,"key":"PunchingBag"},{"floor":14,"key":"Dota2Spire:Vanguard"},{"floor":23,"key":"ats:Originium"},{"floor":23,"key":"White Beast Statue"},{"floor":26,"key":"Matryoshka"},{"floor":27,"key":"ats:Originium"},{"floor":27,"key":"AT_SilvercatRing"},{"floor":30,"key":"ats:Originium"},{"floor":30,"key":"Mummified Hand"},{"floor":40,"key":"UnicornStump"},{"floor":43,"key":"Blood Vial"},{"floor":43,"key":"Iron Hammer"},{"floor":44,"key":"Strawberry"},{"floor":44,"key":"ats:Hidden Killer"}],"event_choices":[],"is_beta":false,"boss_relics":[{"not_picked":["ChampionBelt","ats:Tactical Delivery"],"picked":"SlaversCollar"},{"not_picked":[]},{"not_picked":["Astrolabe","REME_ChargedStone"],"picked":"SacredBark"},{"not_picked":[]}],"items_purged_floors":[8,8,39,39],"is_endless":false,"potions_floor_spawned":[2,7,12,16,18,25,27,30,31,33,35,38,40,42,46,47,48],"ascension_level":0}}