{"host":"3498uni0c31c9bdm","time":1609286432,"event":{"mods":["BaseMod","Better Third Choice","Minty Spire (QoL Compilation)","Replay The Spire","StSLib"],"gold_per_floor":[111,111,127,127,138,138,173,185,185,195,195,195,205,218,218,314,314,326,326,340,13,13,13,45,68,68,68,68,82,82,82],"floor_reached":30,"playtime":1171,"items_purged":[],"score":363,"play_id":"f38381e7-d0c8-4943-a827-c1d722d4727b","local_time":"20201230110032","is_ascension_mode":true,"campfire_choices":[{"floor":6,"key":"REST"},{"floor":12,"key":"RECALL"},{"floor":15,"key":"REST"},{"floor":23,"key":"REST"}],"circlet_count":0,"master_deck":["Strike_B","Strike_B","Strike_B","Strike_B","Defend_B","Defend_B","Defend_B","Defend_B","Zap","Dualcast","Creative AI","Hologram","Streamline","Melter","Steam","BasicCrystalCard","Amplify","Parasite","Chaos","Compile Driver","Rainbow","CommonCold","Sickly","All For One","Sweeping Beam+1","Stack","Mirror Shield","Fusion"],"relics":["Cracked Core","Quantum Egg","Darkstone Periapt","Meat on the Bone","Replay:Ancient Bell","Tiny Chest","Pantograph","Emotion Chip","Regal Pillow","HandDrill","Pondfish Scales","Geode","Bird Faced Urn"],"acts_visited":["Exordium","TheCity"],"potions_floor_usage":[16,20,24,30],"damage_taken":[{"damage":16,"enemies":"Small Slimes","floor":1,"turns":3},{"damage":16,"enemies":"Jaw Worm","floor":3,"turns":5},{"damage":0,"enemies":"Cultist","floor":5,"turns":3},{"damage":27,"enemies":"Lagavulin","floor":7,"turns":9},{"damage":3,"enemies":"Blue Slaver","floor":8,"turns":3},{"damage":2,"enemies":"2 Fungi Beasts","floor":10,"turns":3},{"damage":13,"enemies":"Red Slaver","floor":13,"turns":3},{"damage":16,"enemies":"Blue Slaver","floor":14,"turns":3},{"damage":60,"enemies":"The Guardian","floor":16,"turns":13},{"damage":39,"enemies":"Chosen","floor":18,"turns":6},{"damage":28,"enemies":"3 Byrds","floor":20,"turns":6},{"damage":38,"enemies":"Book of Stabbing","floor":24,"turns":4},{"damage":44,"enemies":"Shelled Parasite and Fungi","floor":29,"turns":6},{"damage":32,"enemies":"3 Cultists","floor":30,"turns":4}],"seed_played":"2822246504070840274","potions_obtained":[{"floor":7,"key":"BlessingOfTheForge"},{"floor":8,"key":"Fire Potion"},{"floor":14,"key":"FocusPotion"},{"floor":20,"key":"PowerPotion"},{"floor":29,"key":"LiquidMemories"}],"is_trial":false,"path_per_floor":["M","?","M","?","M","R","E","M","T","M","?","R","M","M","R","B",null,"M","?","M","$","?","R","E","T","T","PTL","PTL","M","M"],"character_chosen":"DEFECT","items_purchased":["Regal Pillow","HandDrill","Stack"],"campfire_rested":3,"item_purchase_floors":[21,21,21],"current_hp_per_floor":[52,52,36,36,36,58,31,28,28,38,62,62,49,45,69,21,84,57,57,41,41,41,85,59,59,59,59,59,27,0,0],"gold":82,"neow_bonus":"ONE_RANDOM_RARE_CARD","is_daily":false,"chose_seed":false,"campfire_upgraded":0,"win_rate":0.0,"timestamp":1609286432,"path_taken":["M","?","M","?","?","R","E","M","T","M","?","R","M","M","R","BOSS","M","?","?","$","?","R","E","?","T","PTL","PTL","?","M"],"items_purchased_type":["Relic","Relic","Card"],"build_version":"2020-12-22","purchased_purges":0,"victory":false,"max_hp_per_floor":[75,75,75,75,75,75,75,75,75,75,81,81,81,81,81,81,99,99,99,99,99,99,99,99,99,99,99,99,99,99,99],"card_choices":[{"not_picked":["Barrage","Scrape"],"picked":"Hologram","floor":1},{"not_picked":["ReplayTheSpireMod:Repulse","Scrape"],"picked":"Streamline","floor":3},{"not_picked":["Barrage","Beam Cell"],"picked":"Melter","floor":5},{"not_picked":["Sweeping Beam","Hologram"],"picked":"Steam","floor":7},{"not_picked":["Barrage","Turbo"],"picked":"BasicCrystalCard","floor":8},{"not_picked":["BootSequence","Conserve Battery"],"picked":"Amplify","floor":10},{"not_picked":["Recycle","Time Bomb"],"picked":"Chaos","floor":13},{"not_picked":["Rebound","BasicCrystalCard"],"picked":"Compile Driver","floor":14},{"not_picked":["Creative AI","Seek"],"picked":"Rainbow","floor":16},{"not_picked":["AbeCurse","Shame"],"picked":"CommonCold","floor":17},{"not_picked":["CommonCold","Shame"],"picked":"Decay","floor":17},{"not_picked":["ReplayTheSpireMod:Doomed","Regret"],"picked":"Sickly","floor":17},{"not_picked":["Coolheaded+1","Panic Button"],"picked":"All For One","floor":18},{"not_picked":["Recycle","BasicCrystalCard"],"picked":"Sweeping Beam+1","floor":20},{"not_picked":["Go for the Eyes+1","Rebound"],"picked":"Mirror Shield","floor":24},{"not_picked":["Coolheaded","Recycle"],"picked":"Fusion","floor":29}],"player_experience":651360,"relics_obtained":[{"floor":7,"key":"Darkstone Periapt"},{"floor":9,"key":"Meat on the Bone"},{"floor":24,"key":"Pondfish Scales"},{"floor":25,"key":"Geode"},{"floor":26,"key":"Bird Faced Urn"}],"event_choices":[{"damage_healed":0,"gold_gain":0,"player_choice":"Box","damage_taken":0,"relics_obtained":["Quantum Egg"],"max_hp_gain":0,"max_hp_loss":0,"event_name":"Big Fish","floor":2,"gold_loss":0,"cards_obtained":["Regret"]},{"cards_removed":["Regret"],"damage_healed":0,"gold_gain":0,"player_choice":"Removed Curses","damage_taken":0,"max_hp_gain":0,"max_hp_loss":0,"event_name":"Fountain of Cleansing","floor":4,"gold_loss":0},{"damage_healed":18,"gold_gain":0,"player_choice":"Healed and dodged fight","damage_taken":0,"max_hp_gain":0,"max_hp_loss":0,"event_name":"Mushrooms","floor":11,"gold_loss":0,"cards_obtained":["Parasite"]},{"cards_removed":["Decay"],"damage_healed":0,"gold_gain":0,"player_choice":"Purged","damage_taken":0,"max_hp_gain":0,"max_hp_loss":0,"event_name":"Purifier","floor":19,"gold_loss":0}],"is_beta":false,"boss_relics":[{"not_picked":["Replay:Drink Me","Replay:Grab Bag"],"picked":"Replay:Ancient Bell"},{"not_picked":["Smiling Mask","Centennial Puzzle"],"picked":"Tiny Chest"},{"not_picked":["Molten Egg 2","Gremlin Horn"],"picked":"Pantograph"},{"not_picked":["Replay:Arrowhead","Peace Pipe"],"picked":"Emotion Chip"}],"items_purged_floors":[],"is_endless":false,"potions_floor_spawned":[7,8,14,20,29],"killed_by":"3 Cultists","ascension_level":7}}