{"host":"yn1175etg9ni8l0q","time":1609341682,"event":{"mods":["AchievementEnabler","BaseMod","Colored Map","Colored Powertips","DeckTracker","Minty Spire (QoL Compilation)","Rare Cards Sparkle","Relic Stats","SuperFastMode","everything is the same but u backflip on backflip"],"gold_per_floor":[113,113,123,133,146,146,172,184,184,241,252,252,252,269,269,269,269],"floor_reached":16,"playtime":351,"items_purged":[],"score":104,"play_id":"bb066d96-f687-4350-bb63-6f37a0987fe3","local_time":"20201231002122","is_ascension_mode":false,"campfire_choices":[{"data":"After Image","floor":6,"key":"SMITH"},{"floor":12,"key":"REST"},{"floor":15,"key":"REST"}],"circlet_count":0,"master_deck":["Strike_G","Strike_G","Strike_G","Strike_G","Strike_G","Defend_G","Defend_G","Defend_G","Defend_G","Defend_G","Survivor","Neutralize","Regret","After Image+1","Backstab","Backflip","Dagger Spray","Footwork","Eviscerate","After Image","Deadly Poison"],"relics":["Ring of the Snake","Art of War","Pantograph"],"acts_visited":["Exordium"],"potions_floor_usage":[7,11],"damage_taken":[{"damage":3,"enemies":"Small Slimes","floor":1,"turns":5},{"damage":3,"enemies":"2 Louse","floor":3,"turns":3},{"damage":2,"enemies":"Jaw Worm","floor":4,"turns":4},{"damage":6,"enemies":"Looter","floor":5,"turns":4},{"damage":37,"enemies":"Gremlin Nob","floor":7,"turns":6},{"damage":11,"enemies":"Exordium Thugs","floor":8,"turns":7},{"damage":7,"enemies":"Red Slaver","floor":11,"turns":5},{"damage":6,"enemies":"Blue Slaver","floor":14,"turns":4},{"damage":64,"enemies":"Hexaghost","floor":16,"turns":17}],"seed_played":"2388982408559149217","potions_obtained":[{"floor":5,"key":"Energy Potion"},{"floor":8,"key":"Block Potion"},{"floor":14,"key":"Ancient Potion"}],"is_trial":false,"path_per_floor":["M","?","M","M","M","R","E","M","T","?","M","R","?","M","R","B"],"character_chosen":"THE_SILENT","items_purchased":[],"campfire_rested":2,"item_purchase_floors":[],"current_hp_per_floor":[67,67,64,62,56,56,19,8,8,8,1,22,22,16,37,0,0],"gold":269,"neow_bonus":"THREE_RARE_CARDS","is_daily":false,"chose_seed":false,"campfire_upgraded":1,"win_rate":0.0,"timestamp":1609341682,"path_taken":["M","?","M","M","M","R","E","M","T","?","M","R","?","M","R","BOSS"],"items_purchased_type":[],"build_version":"2020-12-22","purchased_purges":0,"victory":false,"max_hp_per_floor":[70,70,70,70,70,70,70,70,70,70,70,70,70,70,70,70,70],"relic_stats":{"counters":[9,55],"Pantograph":25,"Art of War":[4],"obtain_stats":[{"Pantograph":9,"Art of War":7,"Ring of the Snake":0},{"Pantograph":6,"Art of War":5,"Ring of the Snake":0},{"Pantograph":29,"Art of War":22,"Ring of the Snake":0}],"Ring of the Snake":[18]},"card_choices":[{"not_picked":["Doppelganger","Wraith Form v2"],"picked":"After Image","floor":0},{"not_picked":["Cloak And Dagger","Slice"],"picked":"Backstab","floor":1},{"not_picked":["Underhanded Strike","Terror"],"picked":"Backflip","floor":3},{"not_picked":["Prepared","Outmaneuver"],"picked":"Dagger Spray","floor":4},{"not_picked":["Outmaneuver","Dagger Spray"],"picked":"Footwork","floor":5},{"not_picked":["Noxious Fumes","Prepared","Outmaneuver"],"picked":"SKIP","floor":7},{"not_picked":["Dagger Spray","Slice"],"picked":"Eviscerate","floor":8},{"not_picked":["Leg Sweep","Footwork"],"picked":"After Image","floor":11},{"not_picked":["Bane","Endless Agony"],"picked":"Deadly Poison","floor":14}],"player_experience":289705,"relics_obtained":[{"floor":7,"key":"Art of War"},{"floor":9,"key":"Pantograph"}],"event_choices":[{"damage_healed":0,"gold_gain":0,"player_choice":"Ignored","damage_taken":0,"max_hp_gain":0,"max_hp_loss":0,"event_name":"Shining Light","floor":2,"gold_loss":0},{"damage_healed":0,"gold_gain":57,"player_choice":"Gained Gold","damage_taken":0,"max_hp_gain":0,"max_hp_loss":0,"event_name":"Golden Wing","floor":10,"gold_loss":0},{"damage_healed":0,"gold_gain":0,"player_choice":"Ignored","damage_taken":0,"max_hp_gain":0,"max_hp_loss":0,"event_name":"Liars Game","floor":13,"gold_loss":0}],"is_beta":false,"boss_relics":[],"items_purged_floors":[],"is_endless":false,"potions_floor_spawned":[5,8,14],"killed_by":"Hexaghost","ascension_level":0}}