{"host":"6dypmz777xraikqf","time":1609355501,"event":{"mods":["AchievementEnabler","BaseMod","BetterRewards","Colored Map","Colored Powertips","Downfall","Highlight Path","Hubris","Infinite Spire","Minty Spire (QoL Compilation)","Replay The Spire","StSLib"],"gold_per_floor":[119,119,131,151,226,226,226,240,240,240,254,41,60,77,77,176,176,192,192,192,266,279,279,306,321,344,344,354,354,364,384,384,489,489,509,526,12,12,12,39,39,39,39],"floor_reached":42,"playtime":1691,"items_purged":["Defend_G","Decay"],"score":647,"play_id":"2c84c3c4-7d51-4f5f-8b5f-06a1576a87ed","local_time":"20201230191141","is_ascension_mode":true,"campfire_choices":[{"data":"Bullet Time","floor":6,"key":"SMITH"},{"data":"Cloak And Dagger","floor":10,"key":"SMITH"},{"floor":15,"key":"REST"},{"data":"Night Terror","floor":23,"key":"SMITH"},{"data":"Bullet Time","floor":32,"key":"SMITH"},{"data":"Secret Technique","floor":41,"key":"SMITH"}],"circlet_count":0,"master_deck":["Strike_G","Strike_G","Strike_G","Strike_G","Strike_G","Defend_G","Defend_G","Defend_G","Survivor","Neutralize","Bullet Time+1","Blade Dance+1","Blade Dance+1","Sneak Up","Cloak And Dagger+1","Dash","Night Terror+1","Blade Dance+1","Bullet Time+1","Acrobatics","Backflip+1","ReplayTheSpireMod:Tripwire+1","Hidden Blade","Cloak And Dagger+1","Finisher+1","Hidden Blade+1","ReplayTheSpireMod:Brewmster","Well Laid Plans","Secret Technique+1","Pot Of Greed","Pot Of Greed","Pot Of Greed","Hidden Blade+1"],"relics":["Ring of the Snake","Bird Faced Urn","WristBlade","Replay:Bottled Eggs","hubris:BottledHeart","hubris:PeanutButter","White Beast Statue","Centennial Puzzle","Black Star","hubris:SlimyHat","infinitespire:Bottled Soul","Grinning Jar"],"acts_visited":["Exordium","TheCity","TheBeyond"],"potions_floor_usage":[24,40,40,40,40,40,42,42],"damage_taken":[{"damage":0,"enemies":"Small Slimes","floor":1,"turns":3},{"damage":0,"enemies":"Cultist","floor":3,"turns":3},{"damage":0,"enemies":"2 Louse","floor":4,"turns":2},{"damage":0,"enemies":"Red Slaver","floor":8,"turns":4},{"damage":14,"enemies":"Large Slime","floor":11,"turns":6},{"damage":3,"enemies":"Blue Slaver","floor":13,"turns":2},{"damage":0,"enemies":"Exordium Wildlife","floor":14,"turns":3},{"damage":28,"enemies":"Fading Forest","floor":16,"turns":11},{"damage":16,"enemies":"Shell Parasite","floor":18,"turns":3},{"damage":0,"enemies":"3 Byrds","floor":22,"turns":3},{"damage":0,"enemies":"Slavers","floor":24,"turns":4},{"damage":0,"enemies":"Snecko","floor":25,"turns":3},{"damage":0,"enemies":"Shelled Parasite and Fungi","floor":28,"turns":3},{"damage":0,"enemies":"Cultist and Chosen","floor":30,"turns":3},{"damage":0,"enemies":"Snake Plant","floor":31,"turns":3},{"damage":0,"enemies":"Collector","floor":33,"turns":5},{"damage":0,"enemies":"3 Shapes","floor":35,"turns":6},{"damage":0,"enemies":"Orb Walker","floor":36,"turns":3},{"damage":0,"enemies":"Giant Head","floor":40,"turns":6},{"damage":1,"enemies":"Reptomancer","floor":42,"turns":3}],"seed_played":"1792507390186699398","potions_obtained":[{"floor":8,"key":"GamblersBrew"},{"floor":14,"key":"champ:CounterPotion"},{"floor":16,"key":"Reflective Coating"},{"floor":25,"key":"PowerPotion"},{"floor":31,"key":"PowerPotion"},{"floor":40,"key":"Languid Potion"}],"is_trial":false,"path_per_floor":["M","?","M","M","?","R","?","M","T","R","M","$","M","M","R","B",null,"M","T","?","T","M","R","E","M","T","?","M","?","M","M","R","B",null,"M","M","$","?","$","E","R","E"],"character_chosen":"THE_SILENT","items_purchased":["Night Terror","ReplayTheSpireMod:Brewmster","hubris:SlimyHat","Well Laid Plans"],"campfire_rested":1,"item_purchase_floors":[12,37,37,37],"current_hp_per_floor":[63,63,63,63,52,52,46,46,46,46,32,32,29,29,47,19,63,47,47,1,1,1,1,1,1,1,1,1,1,1,1,1,1,1,1,1,1,1,1,1,1,0,0],"gold":39,"neow_bonus":"THREE_RARE_CARDS","is_daily":false,"chose_seed":false,"campfire_upgraded":5,"win_rate":0.0,"timestamp":1609355501,"path_taken":["M","?","?","M","?","R","?","M","T","R","?","$","M","M","R","BOSS","M","?","?","?","M","R","E","?","T","?","?","?","M","?","R","BOSS","M","M","?","?","?","E","R","E"],"items_purchased_type":["Card","Card","Relic","Card"],"build_version":"2020-12-22","purchased_purges":2,"victory":false,"max_hp_per_floor":[63,63,63,63,63,63,63,63,63,63,63,63,63,63,63,63,63,63,63,1,1,1,1,1,1,1,1,1,1,1,1,1,1,1,1,1,1,1,1,1,1,1,1],"card_choices":[{"not_picked":["Tools of the Trade","Night Terror"],"picked":"Bullet Time","floor":0},{"not_picked":["Poisoned Stab","Flechettes"],"picked":"Blade Dance","floor":1},{"not_picked":["Cloak And Dagger","hubris:Sniper"],"picked":"Blade Dance","floor":3},{"not_picked":["Backflip","Heel Hook"],"picked":"Sneak Up","floor":4},{"not_picked":["Noxious Fumes","Dagger Spray"],"picked":"Cloak And Dagger","floor":8},{"not_picked":["Sucker Punch","Expertise"],"picked":"Dash","floor":11},{"not_picked":["Deflect","Skewer","Sucker Punch"],"picked":"SKIP","floor":13},{"not_picked":["Sucker Punch","Eviscerate"],"picked":"Blade Dance","floor":14},{"not_picked":["Poison Darts","Phantasmal Killer"],"picked":"Bullet Time","floor":16},{"not_picked":["Sucker Punch+1","Prepared"],"picked":"Acrobatics","floor":18},{"not_picked":["Poisoned Stab","Dagger Spray"],"picked":"Backflip+1","floor":22},{"not_picked":["Night Terror","Skewer"],"picked":"ReplayTheSpireMod:Tripwire+1","floor":24},{"not_picked":["Dagger Spray+1","Dodge and Roll"],"picked":"Hidden Blade","floor":25},{"not_picked":["Blade Dance","Slice"],"picked":"Cloak And Dagger+1","floor":28},{"not_picked":["Doppelganger","Sucker Punch+1","Dagger Spray"],"picked":"SKIP","floor":30},{"not_picked":["Flying Knee","Backstab+1"],"picked":"Finisher+1","floor":31},{"not_picked":["Backflip+1","Sucker Punch+1"],"picked":"Hidden Blade+1","floor":35},{"not_picked":["Eviscerate","Dagger Spray+1","Quick Slash"],"picked":"SKIP","floor":36},{"not_picked":["expansioncontent:Chronoboost","Mayhem"],"picked":"Secret Technique","floor":38},{"not_picked":["Slice","Sneak Up"],"picked":"Hidden Blade+1","floor":40}],"player_experience":41455,"relics_obtained":[{"floor":9,"key":"Bird Faced Urn"},{"floor":19,"key":"Replay:Bottled Eggs"},{"floor":21,"key":"hubris:PeanutButter"},{"floor":24,"key":"White Beast Statue"},{"floor":26,"key":"Centennial Puzzle"},{"floor":40,"key":"infinitespire:Bottled Soul"},{"floor":40,"key":"Grinning Jar"}],"event_choices":[{"cards_removed":["Defend_G"],"damage_healed":0,"gold_gain":0,"player_choice":"Purged","damage_taken":0,"max_hp_gain":0,"max_hp_loss":0,"event_name":"Purifier","floor":2,"gold_loss":0},{"damage_healed":0,"gold_gain":75,"player_choice":"Gather Gold","damage_taken":11,"max_hp_gain":0,"max_hp_loss":0,"event_name":"World of Goop","floor":5,"gold_loss":0},{"damage_healed":0,"gold_gain":0,"player_choice":"Damaged","damage_taken":6,"max_hp_gain":0,"max_hp_loss":0,"event_name":"Wheel of Change","floor":7,"gold_loss":0},{"damage_healed":0,"gold_gain":0,"player_choice":"0 cards matched","damage_taken":0,"max_hp_gain":0,"max_hp_loss":0,"event_name":"Match and Keep!","floor":27,"gold_loss":0,"cards_obtained":[]},{"damage_healed":0,"gold_gain":0,"player_choice":"Cursed","damage_taken":0,"max_hp_gain":0,"max_hp_loss":0,"event_name":"Wheel of Change","floor":29,"gold_loss":0,"cards_obtained":["Decay"]},{"damage_healed":0,"gold_gain":0,"player_choice":"Memory 1","damage_taken":0,"max_hp_gain":0,"max_hp_loss":0,"event_name":"SensoryStone","floor":38,"gold_loss":0}],"is_beta":false,"boss_relics":[{"not_picked":["HoveringKite","hubris:RunicObelisk"],"picked":"WristBlade"},{"not_picked":["Kintsugi","infinitespire:Cupcake"],"picked":"Black Star"}],"items_purged_floors":[12,37],"is_endless":false,"potions_floor_spawned":[8,14,16,25,28,30,31,33,35,36,40],"killed_by":"Reptomancer","ascension_level":2}}