{"host":"i09pxcjttd31eh4q","time":1609304446,"event":{"mods":["AchievementEnabler","BaseMod","Colored Map","Keyboard Shortcuts","Minty Spire (QoL Compilation)","StSLib","SuperFastMode"],"gold_per_floor":[115,190,200,200,250,250,283,300,300,300,318,55,65,88,88,88,88],"floor_reached":16,"playtime":325,"items_purged":[],"score":200,"play_id":"b7167607-776b-456d-af19-90289d3abdd0","local_time":"20201230140046","is_ascension_mode":true,"campfire_choices":[{"data":"Underhanded Strike","floor":6,"key":"SMITH"},{"data":"Neutralize","floor":10,"key":"SMITH"},{"data":"Glass Knife","floor":15,"key":"SMITH"}],"circlet_count":0,"master_deck":["AscendersBane","Strike_G","Strike_G","Strike_G","Strike_G","Defend_G","Defend_G","Defend_G","Defend_G","Defend_G","Survivor","Neutralize+1","Dagger Throw","Underhanded Strike+1","Finisher","Backflip","Prepared","Glass Knife+1","Acrobatics"],"relics":["Ring of the Snake","Bag of Marbles","Meat on the Bone","MealTicket","Paper Crane","Odd Mushroom"],"acts_visited":["Exordium"],"potions_floor_usage":[7,11,16],"damage_taken":[{"damage":4,"enemies":"2 Louse","floor":1,"turns":4},{"damage":2,"enemies":"Jaw Worm","floor":3,"turns":4},{"damage":24,"enemies":"3 Sentries","floor":7,"turns":8},{"damage":0,"enemies":"Small Slimes","floor":8,"turns":2},{"damage":0,"enemies":"Exordium Thugs","floor":11,"turns":4},{"damage":0,"enemies":"Large Slime","floor":13,"turns":4},{"damage":0,"enemies":"The Mushroom Lair","floor":14,"turns":3},{"damage":33,"enemies":"Hexaghost","floor":16,"turns":4}],"seed_played":"-3076611208066382386","potions_obtained":[{"floor":3,"key":"Fire Potion"},{"floor":7,"key":"Poison Potion"},{"floor":8,"key":"ColorlessPotion"}],"is_trial":false,"path_per_floor":["M","?","M","?","?","R","E","M","T","R","M","$","M","?","R","B"],"character_chosen":"THE_SILENT","items_purchased":["Paper Crane"],"campfire_rested":0,"item_purchase_floors":[12],"current_hp_per_floor":[55,44,42,35,35,35,11,23,23,23,35,50,50,50,50,17,17],"gold":88,"neow_bonus":"RANDOM_COMMON_RELIC","is_daily":false,"chose_seed":false,"campfire_upgraded":3,"win_rate":0.0,"timestamp":1609304446,"path_taken":["M","?","M","?","?","R","E","M","T","R","M","$","?","?","R","BOSS"],"items_purchased_type":["Relic"],"build_version":"2020-12-22","purchased_purges":0,"victory":false,"max_hp_per_floor":[66,66,66,66,66,66,66,66,66,66,66,66,66,66,66,66,66],"card_choices":[{"not_picked":["Blur","Reflex"],"picked":"Dagger Throw","floor":1},{"not_picked":["Slice","Sucker Punch"],"picked":"Underhanded Strike","floor":3},{"not_picked":["Infinite Blades","Quick Slash"],"picked":"Finisher","floor":7},{"not_picked":["Distraction","Skewer"],"picked":"Backflip","floor":8},{"not_picked":["Underhanded Strike","Skewer"],"picked":"Prepared","floor":11},{"not_picked":["Prepared","Bane"],"picked":"Glass Knife","floor":13},{"not_picked":["Blur","Riddle With Holes"],"picked":"Acrobatics","floor":14}],"player_experience":791656,"relics_obtained":[{"floor":7,"key":"Meat on the Bone"},{"floor":9,"key":"MealTicket"},{"floor":14,"key":"Odd Mushroom"}],"event_choices":[{"damage_healed":0,"gold_gain":75,"player_choice":"Gather Gold","damage_taken":11,"max_hp_gain":0,"max_hp_loss":0,"event_name":"World of Goop","floor":2,"gold_loss":0},{"cards_removed":["Strike_G"],"damage_healed":0,"gold_gain":0,"player_choice":"Card Removal","damage_taken":7,"max_hp_gain":0,"max_hp_loss":0,"event_name":"Golden Wing","floor":4,"gold_loss":0},{"damage_healed":0,"gold_gain":50,"player_choice":"Pray","damage_taken":0,"max_hp_gain":0,"max_hp_loss":0,"event_name":"Golden Shrine","floor":5,"gold_loss":0},{"damage_healed":0,"gold_gain":0,"player_choice":"Fought Mushrooms","damage_taken":0,"max_hp_gain":0,"max_hp_loss":0,"event_name":"Mushrooms","floor":14,"gold_loss":0}],"is_beta":false,"boss_relics":[],"items_purged_floors":[],"is_endless":false,"potions_floor_spawned":[3,7,8],"killed_by":"Hexaghost","ascension_level":20}}