{"host":"rmsq46plbpwfbxcc","time":1609341186,"event":{"mods":["AchievementEnabler","BaseMod","Colored Map","Colored Powertips","DeckTracker","KOR Keyword Fix","Minty Spire (QoL Compilation)","Permanent Neow","SuperFastMode"],"gold_per_floor":[110,124,18,18,18,18,18,18,18,36,36,63,63,76,76,151,151,167,78,278,289,289,289,319,244,244,258,258,258,258,258,258],"floor_reached":31,"playtime":609,"items_purged":[],"score":534,"play_id":"551476b9-f215-4a52-a0f0-7f194db629e6","local_time":"20201231001306","is_ascension_mode":true,"campfire_choices":[{"data":"Blade Dance","floor":6.0,"key":"SMITH"},{"data":"Neutralize","floor":8.0,"key":"SMITH"},{"data":"Accuracy","floor":11.0,"key":"SMITH"},{"data":"Flash of Steel","floor":13.0,"key":"SMITH"},{"data":"Survivor","floor":15.0,"key":"SMITH"},{"data":"Finisher","floor":23,"key":"SMITH"},{"data":"Terror","floor":30,"key":"SMITH"}],"circlet_count":0,"master_deck":["AscendersBane","Strike_G","Strike_G","Strike_G","Defend_G","Defend_G","Defend_G","Defend_G","Defend_G","Survivor+1","Neutralize+1","Blade Dance+1","Escape Plan","Flash of Steel+1","Accuracy+1","Phantasmal Killer","PiercingWail","Finisher+1","Terror+1","Backflip"],"relics":["WristBlade","Omamori","Gremlin Horn","Frozen Egg 2","Blood Vial","Toy Ornithopter","CaptainsWheel"],"acts_visited":["Exordium","TheCity"],"potions_floor_usage":[24],"damage_taken":[{"damage":1.0,"enemies":"2 Louse","floor":1.0,"turns":3.0},{"damage":0.0,"enemies":"Cultist","floor":2.0,"turns":3.0},{"damage":0.0,"enemies":"Jaw Worm","floor":10.0,"turns":2.0},{"damage":6.0,"enemies":"Gremlin Nob","floor":12.0,"turns":3.0},{"damage":1.0,"enemies":"Looter","floor":14.0,"turns":3.0},{"damage":18.0,"enemies":"The Guardian","floor":16.0,"turns":13.0},{"damage":7.0,"enemies":"2 Thieves","floor":18.0,"turns":3.0},{"damage":1,"enemies":"3 Byrds","floor":21,"turns":6},{"damage":0,"enemies":"Gremlin Leader","floor":24,"turns":4},{"damage":22,"enemies":"3 Cultists","floor":27,"turns":5},{"damage":31,"enemies":"Cultist and Chosen","floor":31,"turns":5}],"seed_played":"2505092228494989599","potions_obtained":[{"floor":1.0,"key":"SmokeBomb"},{"floor":4.0,"key":"AttackPotion"},{"floor":4.0,"key":"DistilledChaos"},{"floor":12.0,"key":"SmokeBomb"},{"floor":14.0,"key":"Explosive Potion"},{"floor":16.0,"key":"GamblersBrew"},{"floor":21,"key":"SpeedPotion"}],"is_trial":false,"path_per_floor":["M","M","$","?","$","R","?","R","T","M","R","E","R","M","R","B",null,"M","$","?","M","?","R","E","?","T","M","?","T","R","M"],"character_chosen":"THE_SILENT","items_purchased":["Flash of Steel","Finisher"],"campfire_rested":0,"item_purchase_floors":[3,19],"current_hp_per_floor":[58,58,58,58,58,58,51,51,51,51,51,45,45,44,44,26,56,49,49,49,48,48,48,48,48,48,28,28,28,28,0,0],"gold":258,"neow_bonus":"BOSS_RELIC","is_daily":false,"chose_seed":false,"campfire_upgraded":7,"win_rate":0.0,"timestamp":1609341186,"path_taken":["M","M","$","?","?","R","?","R","T","M","R","E","R","M","R","BOSS","M","$","?","?","?","R","E","?","T","M","?","?","R","M"],"items_purchased_type":["Card","Card"],"build_version":"2020-12-22","purchased_purges":0,"victory":false,"max_hp_per_floor":[66,66,66,66,66,66,66,66,66,66,66,66,66,66,66,66,66,66,66,66,66,66,66,66,66,66,66,66,66,66,66,66],"card_choices":[{"not_picked":["Flechettes","Deflect"],"picked":"Blade Dance","floor":1.0},{"not_picked":["Deadly Poison","Acrobatics"],"picked":"Escape Plan","floor":2.0},{"not_picked":["Flying Knee","Dash"],"picked":"Accuracy","floor":10.0},{"not_picked":["Prepared","Acrobatics","Distraction"],"picked":"SKIP","floor":12.0},{"not_picked":["Concentrate","Slice","Prepared"],"picked":"SKIP","floor":14.0},{"not_picked":["Tools of the Trade","Corpse Explosion"],"picked":"Phantasmal Killer","floor":16.0},{"not_picked":["Distraction","Deadly Poison"],"picked":"PiercingWail","floor":18.0},{"not_picked":["Quick Slash","Flying Knee","Slice"],"picked":"SKIP","floor":21},{"not_picked":["Deflect","Tactician"],"picked":"Terror","floor":24},{"not_picked":["Deflect","PiercingWail"],"picked":"Backflip","floor":27}],"player_experience":1408783,"relics_obtained":[{"floor":9.0,"key":"Omamori"},{"floor":12.0,"key":"Gremlin Horn"},{"floor":24,"key":"Blood Vial"},{"floor":26,"key":"Toy Ornithopter"},{"floor":29,"key":"CaptainsWheel"}],"event_choices":[{"damage_healed":0.0,"max_hp_gain":0.0,"max_hp_loss":0.0,"gold_gain":0.0,"event_name":"Lab","player_choice":"Got Potions","floor":4.0,"gold_loss":0.0,"damage_taken":0.0},{"cards_removed":["Strike_G"],"damage_healed":0.0,"max_hp_gain":0.0,"max_hp_loss":0.0,"gold_gain":0.0,"event_name":"Golden Wing","player_choice":"Card Removal","floor":7.0,"gold_loss":0.0,"damage_taken":7.0},{"damage_healed":0,"gold_gain":250,"player_choice":"Bet on Owner","damage_taken":0,"max_hp_gain":0,"max_hp_loss":0,"event_name":"The Joust","floor":20,"gold_loss":50},{"damage_healed":0,"gold_gain":0,"player_choice":"Stole Relic","damage_taken":0,"relics_obtained":["Frozen Egg 2"],"max_hp_gain":0,"max_hp_loss":0,"event_name":"Addict","floor":22,"gold_loss":0,"cards_obtained":["Shame"]},{"cards_removed":["Strike_G"],"damage_healed":0,"gold_gain":0,"player_choice":"Gave Gold","damage_taken":0,"max_hp_gain":0,"max_hp_loss":0,"event_name":"Beggar","floor":25,"gold_loss":75},{"damage_healed":0,"gold_gain":0,"player_choice":"Ignored","damage_taken":0,"max_hp_gain":0,"max_hp_loss":0,"event_name":"Ghosts","floor":28,"gold_loss":0}],"is_beta":false,"boss_relics":[{"not_picked":["Runic Pyramid","Busted Crown","Snecko Eye"]}],"items_purged_floors":[],"is_endless":false,"potions_floor_spawned":[1,12,14,16,21],"killed_by":"Cultist and Chosen","ascension_level":19}}