{"host":"cyiefo55v5hz1ih5","time":1609353040,"event":{"mods":["2.2 Compatiblity","AchievementEnabler","BaseMod","GifTheSpireLib","Hubris","Minty Spire (QoL Compilation)","Replay The Spire","Spicy Shops","StSLib","The Marked"],"gold_per_floor":[14,31,31,206,221,260,285,298,350,8,8,47,88,88,88,208,208,226,244,244,279,317,337,337],"floor_reached":23,"playtime":1986,"items_purged":["Doubt"],"score":197,"play_id":"de5092c0-ca86-4a3f-ab00-42f0bed2e7c3","local_time":"20201230133040","is_ascension_mode":false,"campfire_choices":[{"floor":15,"key":"REST"}],"circlet_count":0,"master_deck":["theMarked:Strike","theMarked:Strike","theMarked:Defend","theMarked:Defend","theMarked:Defend","theMarked:Defend","theMarked:SoldierOfQuellstein","theMarked:Convert","theMarked:SwordAndMagic","theMarked:StartUp","theMarked:ComboAttacks","HandOfGreed","theMarked:RogueSparks","theMarked:Opportunist","theMarked:TwofoldDefense","theMarked:SummonStrength","theMarked:SelfDefenseTraining+1"],"relics":["theMarked:ArtifactOfAir","Bloody Idol","hubris:DeckOfHolding","Strawberry","Cursed Key"],"acts_visited":["Exordium","TheCity"],"potions_floor_usage":[12,13,19],"damage_taken":[{"damage":1.0,"enemies":"Jaw Worm","floor":1.0,"turns":5.0},{"damage":0.0,"enemies":"2 Louse","floor":2.0,"turns":3.0},{"damage":1.0,"enemies":"Cultist","floor":5.0,"turns":3.0},{"damage":20.0,"enemies":"3 Sentries","floor":6.0,"turns":11.0},{"damage":5.0,"enemies":"Red Slaver","floor":7.0,"turns":3.0},{"damage":5.0,"enemies":"Looter","floor":8.0,"turns":2.0},{"damage":39,"enemies":"Gremlin Gang","floor":12,"turns":4},{"damage":10,"enemies":"Large Slime","floor":13,"turns":5},{"damage":44,"enemies":"Hexaghost","floor":16,"turns":15},{"damage":0,"enemies":"Chosen","floor":18,"turns":3},{"damage":23,"enemies":"2 Thieves","floor":19,"turns":4},{"damage":20,"enemies":"3 Cultists","floor":21,"turns":6},{"damage":9,"enemies":"Centurion and Healer","floor":22,"turns":7},{"damage":50,"enemies":"Slavers","floor":23,"turns":3}],"seed_played":"-5977764248982819754","potions_obtained":[{"floor":1.0,"key":"Ancient Potion"},{"floor":2.0,"key":"Regen Potion"},{"floor":6.0,"key":"FairyPotion"},{"floor":8.0,"key":"Adrenaline Potion"},{"floor":18,"key":"SkillPotion"}],"is_trial":false,"path_per_floor":["M","M","?","?","M","E","M","M","T","$","?","M","M","$","R","B",null,"M","M","?","M","M","E"],"character_chosen":"THE_DEFAULT","items_purchased":["theMarked:ComboAttacks","HandOfGreed"],"campfire_rested":1,"item_purchase_floors":[10,10],"current_hp_per_floor":[69,69,52,52,51,46,41,36,43,43,43,4,23,23,46,2,77,77,54,54,44,45,0,0],"gold":337,"neow_bonus":"REMOVE_TWO","is_daily":false,"chose_seed":false,"campfire_upgraded":0,"win_rate":0.0,"timestamp":1609353040,"path_taken":["M","M","?","?","M","E","M","M","T","$","?","?","M","?","R","BOSS","M","?","?","M","M","E"],"items_purchased_type":["Card","Card"],"build_version":"2020-12-22","purchased_purges":1,"victory":false,"max_hp_per_floor":[70,70,70,70,70,70,70,70,77,77,77,77,77,77,77,77,77,77,77,77,77,77,77,77],"card_choices":[{"not_picked":["theMarked:AttractMetal","theMarked:Parry"],"picked":"theMarked:Convert","floor":1.0},{"not_picked":["theMarked:WardOff","theMarked:Improvise"],"picked":"theMarked:SwordAndMagic","floor":2.0},{"not_picked":["theMarked:DeterminationOfTheMarked","theMarked:Aftermath","theMarked:TakeCover"],"picked":"SKIP","floor":5.0},{"not_picked":["theMarked:Panic","theMarked:WardOff"],"picked":"theMarked:StartUp","floor":6.0},{"not_picked":["theMarked:DeterminationOfTheMarked","theMarked:Electrify","theMarked:HeightenedSenses"],"picked":"SKIP","floor":7.0},{"not_picked":["theMarked:KeepCalmAndFightOn","theMarked:Reabsorb","theMarked:BanishingStrike"],"picked":"SKIP","floor":8.0},{"not_picked":["theMarked:HeritageOfTheMarked","theMarked:EmpowerWeapon"],"picked":"theMarked:Opportunist","floor":12},{"not_picked":["theMarked:ElectricStrings","theMarked:BanishingStrike"],"picked":"theMarked:TwofoldDefense","floor":13},{"not_picked":["theMarked:SoldierForm","theMarked:ThrowWeapon"],"picked":"theMarked:SummonStrength","floor":16},{"not_picked":["theMarked:Reabsorb","theMarked:Polarize","theMarked:Generate"],"picked":"SKIP","floor":18},{"not_picked":["theMarked:SelfDefenseTraining","theMarked:Static","theMarked:Electrify"],"picked":"SKIP","floor":19},{"not_picked":["theMarked:ResourceFulStrike","theMarked:DeterminationOfTheMarked"],"picked":"theMarked:SelfDefenseTraining+1","floor":21},{"not_picked":["theMarked:Parkour","theMarked:Aftermath","theMarked:ResourceFulStrike"],"picked":"SKIP","floor":22}],"player_experience":586032,"relics_obtained":[{"floor":6.0,"key":"hubris:DeckOfHolding"},{"floor":9.0,"key":"Strawberry"}],"event_choices":[{"damage_healed":0.0,"max_hp_gain":0.0,"max_hp_loss":0.0,"gold_gain":0.0,"event_name":"Golden Idol","player_choice":"Take Damage","floor":3.0,"gold_loss":0.0,"damage_taken":17.0,"relics_obtained":["Golden Idol"]},{"damage_healed":0.0,"max_hp_gain":0.0,"max_hp_loss":0.0,"gold_gain":175.0,"event_name":"Liars Game","player_choice":"AGREE","floor":4.0,"gold_loss":0.0,"damage_taken":0.0,"cards_obtained":["Doubt"]},{"damage_healed":0.0,"max_hp_gain":0.0,"max_hp_loss":0.0,"gold_gain":0.0,"cards_transformed":["theMarked:Strike"],"event_name":"Transmorgrifier","player_choice":"Transformed","floor":11.0,"gold_loss":0.0,"damage_taken":0.0,"cards_obtained":["theMarked:RogueSparks"]},{"damage_healed":0,"gold_gain":0,"player_choice":"Gave Idol","damage_taken":0,"relics_obtained":["Bloody Idol"],"max_hp_gain":0,"max_hp_loss":0,"event_name":"Forgotten Altar","floor":20,"relics_lost":["Golden Idol"],"gold_loss":0}],"is_beta":false,"boss_relics":[{"not_picked":["SacredBark","hubris:TerracottaHorce"],"picked":"Cursed Key"}],"items_purged_floors":[10],"is_endless":false,"potions_floor_spawned":[1,2,6,8,18],"killed_by":"Slavers","ascension_level":0}}