{"host":"ccz","time":1609341882,"event":{"mods":["BaseMod","Minty Spire (QoL Compilation)","Reimu£®≤©¿ˆ¡È√Œ£©","StSLib","°æπ¶ƒ‹Mod°øªÏ„Á÷Æª∑–ﬁ∏¥≤π∂°","ÛÙª÷∏ƒœ"],"gold_per_floor":[115,40,52,52,52,80,57,89,114,114,126,119,144,157,157,259,259,270,270,270,103,103,103,103],"floor_reached":23,"playtime":515,"items_purged":["NB:ReiMu","Strike_Lin:ReiMu"],"score":244,"play_id":"5e55dd87-337d-468e-8e71-018f1029d9d3","local_time":"20201230232442","is_ascension_mode":true,"campfire_choices":[{"floor":15,"key":"REST"}],"circlet_count":0,"master_deck":["Strike_Lin:ReiMu","Strike_Lin:ReiMu","Defend_Lin:ReiMu","Defend_Lin:ReiMu","Defend_Lin:ReiMu","Defend_Lin:ReiMu","Stagnation:ReiMu","OrbThrow:ReiMu","FantasyMoon:ReiMu","AlertArray:ReiMu","OrbThrow:ReiMu","PrayRite:ReiMu","Dreaming2:ReiMu","SpringWay:ReiMu","RainPray2:ReiMu","Conquer:ReiMu","MountainWay:ReiMu","RunawayExorcism:ReiMu","SafetyPray:ReiMu+1","RunawayExorcism:ReiMu"],"relics":["FlyPower:ReiMu","NeowsBlessing","Dream Catcher","Centennial Puzzle","Boot","InkBottle","CrownOfHeavens:ReiMu","Calipers"],"acts_visited":["Exordium","TheCity"],"potions_floor_usage":[16,18],"damage_taken":[{"damage":0.0,"enemies":"Small Slimes","floor":1.0,"turns":1.0},{"damage":0.0,"enemies":"Jaw Worm","floor":3.0,"turns":1.0},{"damage":0.0,"enemies":"Lagavulin","floor":6.0,"turns":1.0},{"damage":7.0,"enemies":"Gremlin Nob","floor":8.0,"turns":3.0},{"damage":3.0,"enemies":"2 Louse","floor":11.0,"turns":2.0},{"damage":3.0,"enemies":"Blue Slaver","floor":12.0,"turns":2.0},{"damage":5.0,"enemies":"Lagavulin","floor":13.0,"turns":5.0},{"damage":7.0,"enemies":"Lots of Slimes","floor":14.0,"turns":2.0},{"damage":42,"enemies":"The Guardian","floor":16,"turns":8},{"damage":3,"enemies":"3 Byrds","floor":18,"turns":4},{"damage":54,"enemies":"Gremlin Leader","floor":23,"turns":5}],"seed_played":"-5142592727098602156","potions_obtained":[{"floor":6.0,"key":"Fire Potion"},{"floor":14.0,"key":"SneckoOil"},{"floor":16,"key":"Block Potion"},{"floor":18,"key":"GrandPatriotsElixir:ReiMu"}],"is_trial":false,"path_per_floor":["M","$","M","$","?","E","$","E","T","?","M","M","E","M","R","B",null,"M","?","?","$","?","E"],"character_chosen":"REIMU","items_purchased":["OrbThrow:ReiMu","RunawayExorcism:ReiMu"],"campfire_rested":1,"item_purchase_floors":[7,21],"current_hp_per_floor":[65,65,65,65,65,65,65,58,58,58,55,52,47,40,59,17,65,62,62,62,62,62,8,8],"gold":103,"neow_bonus":"THREE_ENEMY_KILL","is_daily":false,"chose_seed":false,"campfire_upgraded":0,"win_rate":0.0,"timestamp":1609341882,"path_taken":["M","$","M","$","?","E","$","E","T","?","M","M","E","M","R","BOSS","M","?","?","$","?","E"],"items_purchased_type":["Card","Card"],"build_version":"2020-12-18","purchased_purges":2,"victory":false,"max_hp_per_floor":[65,65,65,65,65,65,65,65,65,65,65,65,65,65,65,65,65,65,65,65,65,65,65,65],"card_choices":[{"not_picked":["SubAcupoint:ReiMu","FoulBorder2:ReiMu"],"picked":"OrbThrow:ReiMu","floor":1.0},{"not_picked":["EmergencyTakeOff:ReiMu","Enchanting:ReiMu"],"picked":"FantasyMoon:ReiMu","floor":3.0},{"not_picked":["FantasyBorder:ReiMu","UniversalSpiritual:ReiMu"],"picked":"AlertArray:ReiMu","floor":6.0},{"not_picked":["Revelation:ReiMu","FantasyBorder:ReiMu"],"picked":"PrayRite:ReiMu","floor":8.0},{"not_picked":["AirStrike:ReiMu","UpKicking:ReiMu"],"picked":"SpringWay:ReiMu","floor":11.0},{"not_picked":["AirStrike:ReiMu","Amulet:ReiMu"],"picked":"RainPray2:ReiMu","floor":12.0},{"not_picked":["FantasyBorder:ReiMu","Meditation:ReiMu"],"picked":"Conquer:ReiMu","floor":13.0},{"not_picked":["SpiritualOutbreak2:ReiMu","FoulBorder2:ReiMu","OrbThrow:ReiMu"],"picked":"SKIP","floor":14.0},{"not_picked":["Dreaming2:ReiMu","AirManeuver:ReiMu"],"picked":"MountainWay:ReiMu","floor":15},{"not_picked":["Free:ReiMu","Shading:ReiMu"],"picked":"RunawayExorcism:ReiMu","floor":16},{"not_picked":["Intuition:ReiMu","OrbThrow:ReiMu+1"],"picked":"SafetyPray:ReiMu+1","floor":18}],"player_experience":163436,"relics_obtained":[{"floor":6.0,"key":"Dream Catcher"},{"floor":8.0,"key":"Centennial Puzzle"},{"floor":9.0,"key":"Boot"},{"floor":13.0,"key":"InkBottle"}],"event_choices":[{"damage_healed":0.0,"max_hp_gain":0.0,"max_hp_loss":0.0,"gold_gain":0.0,"cards_transformed":["Strike_Lin:ReiMu"],"event_name":"Living Wall","player_choice":"Change","floor":10.0,"gold_loss":0.0,"damage_taken":0.0,"cards_obtained":["Dreaming2:ReiMu"]},{"damage_healed":0,"gold_gain":0,"player_choice":"Ignored","damage_taken":0,"max_hp_gain":0,"max_hp_loss":0,"event_name":"Vampires","floor":19,"gold_loss":0},{"damage_healed":0,"gold_gain":0,"player_choice":"Ignored","damage_taken":0,"max_hp_gain":0,"max_hp_loss":0,"event_name":"Ghosts","floor":20,"gold_loss":0},{"damage_healed":0,"gold_gain":0,"player_choice":"Gave Potion","damage_taken":0,"relics_obtained":["Calipers"],"max_hp_gain":0,"max_hp_loss":0,"event_name":"WeMeetAgain","floor":22,"gold_loss":0}],"is_beta":true,"boss_relics":[{"not_picked":["Cursed Key","DonationBox:ReiMu"],"picked":"CrownOfHeavens:ReiMu"}],"items_purged_floors":[2,21],"is_endless":false,"potions_floor_spawned":[6,14,16,18],"killed_by":"Gremlin Leader","ascension_level":1}}