{"host":"ejlkif6fbtpy1quk","time":1609366045,"event":{"mods":["BaseMod","Bestiary","BetterRewards","Minty Spire (QoL Compilation)","Shop Mod","StSLib","Uncapped"],"gold_per_floor":[112,123,123,134,147,175,175,208,208,228,248,273,286,305,305,400,400,420,420,252,252,252,252,280,280,280,614,629,544,544,556,556,556,556],"floor_reached":33,"playtime":1768,"items_purged":[],"score":324,"play_id":"ed35d06b-0723-463a-8756-be132adfde32","local_time":"20201230230725","is_ascension_mode":true,"campfire_choices":[{"floor":7,"key":"REST"},{"floor":15,"key":"REST"},{"floor":23,"key":"REST"},{"floor":25,"key":"REST"},{"floor":30,"key":"REST"},{"floor":32,"key":"REST"}],"circlet_count":0,"master_deck":["Strike_R","Strike_R","Strike_R","Strike_R","Strike_R","Defend_R","Defend_R","Defend_R","Defend_R","Anger","Flex+1","Rage","Cleave","Heavy Blade","Twin Strike","Reaper","Impervious+1","Intimidate+1","Spot Weakness+1","Madness+1","Cleave+1","Sword Boomerang"],"relics":["Burning Blood","Toxic Egg 2","Frozen Egg 2","HornCleat","White Beast Statue","Black Star","Omamori","Pantograph","Bird Faced Urn","Old Coin","Orichalcum","Ornamental Fan"],"acts_visited":["Exordium","TheCity"],"potions_floor_usage":[5,8,16,16,16,19,24,27,28,33,33],"damage_taken":[{"damage":9,"enemies":"2 Louse","floor":1,"turns":3},{"damage":1,"enemies":"Cultist","floor":2,"turns":3},{"damage":3,"enemies":"Jaw Worm","floor":4,"turns":3},{"damage":1,"enemies":"3 Louse","floor":5,"turns":4},{"damage":44,"enemies":"Gremlin Nob","floor":6,"turns":5},{"damage":15,"enemies":"Lagavulin","floor":8,"turns":6},{"damage":2,"enemies":"Red Slaver","floor":10,"turns":2},{"damage":0,"enemies":"2 Fungi Beasts","floor":11,"turns":2},{"damage":24,"enemies":"Gremlin Nob","floor":12,"turns":4},{"damage":8,"enemies":"Gremlin Gang","floor":13,"turns":3},{"damage":1,"enemies":"3 Louse","floor":14,"turns":2},{"damage":42,"enemies":"The Guardian","floor":16,"turns":10},{"damage":40,"enemies":"Spheric Guardian","floor":18,"turns":6},{"damage":10,"enemies":"Chosen","floor":19,"turns":4},{"damage":49,"enemies":"Gremlin Leader","floor":24,"turns":7},{"damage":40,"enemies":"Slavers","floor":27,"turns":5},{"damage":40,"enemies":"Centurion and Healer","floor":28,"turns":6},{"damage":26,"enemies":"Snecko","floor":31,"turns":7},{"damage":92,"enemies":"Automaton","floor":33,"turns":10}],"seed_played":"4099705537152784439","potions_obtained":[{"floor":2,"key":"Block Potion"},{"floor":6,"key":"Weak Potion"},{"floor":10,"key":"EssenceOfSteel"},{"floor":11,"key":"Ancient Potion"},{"floor":13,"key":"Block Potion"},{"floor":14,"key":"Strength Potion"},{"floor":16,"key":"SmokeBomb"},{"floor":18,"key":"FearPotion"},{"floor":24,"key":"PowerPotion"},{"floor":27,"key":"ColorlessPotion"},{"floor":28,"key":"Energy Potion"},{"floor":31,"key":"FearPotion"}],"is_trial":false,"path_per_floor":["M","M","?","M","M","E","R","E","T","M","M","E","M","M","R","B",null,"M","M","$","?","?","R","E","R","T","E","M","?","R","M","R","B"],"character_chosen":"IRONCLAD","items_purchased":["Spot Weakness+1","Madness+1"],"campfire_rested":6,"item_purchase_floors":[20,20],"current_hp_per_floor":[77,80,80,80,80,42,66,57,57,61,67,49,47,60,80,54,80,46,46,46,46,46,70,49,73,73,57,31,31,55,43,67,0,0],"gold":556,"neow_bonus":"REMOVE_CARD","is_daily":false,"chose_seed":false,"campfire_upgraded":0,"win_rate":0.0,"timestamp":1609366045,"path_taken":["M","M","?","M","M","E","R","E","T","M","M","E","?","M","R","BOSS","M","M","$","?","?","R","E","R","T","E","?","?","R","M","R","BOSS"],"items_purchased_type":["Card","Card"],"build_version":"2020-12-22","purchased_purges":0,"victory":false,"max_hp_per_floor":[80,80,80,80,80,80,80,80,80,80,80,80,80,80,80,80,80,80,80,80,80,80,80,80,80,80,80,80,80,80,80,80,80,80],"card_choices":[{"not_picked":["Clash","Uppercut"],"picked":"Anger","floor":1},{"not_picked":["Pommel Strike","Blood for Blood"],"picked":"Flex","floor":2},{"not_picked":["Entrench","Warcry","Perfected Strike"],"picked":"SKIP","floor":4},{"not_picked":["Disarm","Havoc"],"picked":"Rage","floor":5},{"not_picked":["Wild Strike","Barricade"],"picked":"Cleave","floor":6},{"not_picked":["Thunderclap","Hemokinesis"],"picked":"Heavy Blade","floor":8},{"not_picked":["Iron Wave","Shrug It Off+1"],"picked":"Twin Strike","floor":10},{"not_picked":["Rupture+1","Fire Breathing+1","Bloodletting+1"],"picked":"SKIP","floor":11},{"not_picked":["Perfected Strike","Second Wind+1","Evolve+1"],"picked":"SKIP","floor":12},{"not_picked":["Rage+1","Headbutt"],"picked":"Reaper","floor":13},{"not_picked":["Hemokinesis","Clothesline","Blood for Blood"],"picked":"SKIP","floor":14},{"not_picked":["Corruption+1","Offering+1"],"picked":"Impervious+1","floor":16},{"not_picked":["Entrench+1","Perfected Strike"],"picked":"Intimidate+1","floor":18},{"not_picked":["Entrench+1","Shrug It Off+1","Flame Barrier+1"],"picked":"SKIP","floor":24},{"not_picked":["Body Slam","Uppercut+1","Hemokinesis"],"picked":"SKIP","floor":27},{"not_picked":["Body Slam","Sword Boomerang"],"picked":"Cleave+1","floor":28},{"not_picked":["Havoc+1","Clothesline+1"],"picked":"Sword Boomerang","floor":31}],"player_experience":82728,"relics_obtained":[{"floor":6,"key":"Toxic Egg 2"},{"floor":8,"key":"Frozen Egg 2"},{"floor":9,"key":"HornCleat"},{"floor":12,"key":"White Beast Statue"},{"floor":24,"key":"Omamori"},{"floor":24,"key":"Pantograph"},{"floor":26,"key":"Bird Faced Urn"},{"floor":27,"key":"Old Coin"},{"floor":27,"key":"Orichalcum"}],"event_choices":[{"damage_healed":0,"gold_gain":0,"player_choice":"Forge","damage_taken":0,"max_hp_gain":0,"max_hp_loss":0,"event_name":"Accursed Blacksmith","floor":3,"gold_loss":0,"cards_upgraded":["Flex"]},{"damage_healed":0,"gold_gain":0,"player_choice":"Ignored","damage_taken":0,"max_hp_gain":0,"max_hp_loss":0,"event_name":"Ghosts","floor":21,"gold_loss":0},{"damage_healed":0,"gold_gain":0,"player_choice":"0 cards matched","damage_taken":0,"max_hp_gain":0,"max_hp_loss":0,"event_name":"Match and Keep!","floor":22,"gold_loss":0,"cards_obtained":[]},{"damage_healed":0,"gold_gain":0,"player_choice":"Obtained Relic","damage_taken":0,"relics_obtained":["Ornamental Fan"],"max_hp_gain":0,"max_hp_loss":0,"event_name":"Addict","floor":29,"gold_loss":85}],"is_beta":false,"boss_relics":[{"not_picked":["Empty Cage","Runic Pyramid"],"picked":"Black Star"}],"items_purged_floors":[],"is_endless":false,"potions_floor_spawned":[2,6,10,11,13,14,16,18,19,24,27,28,31],"killed_by":"Automaton","ascension_level":1}}