{"host":"qwttrqaysb380yri","time":1609365877,"event":{"mods":["BaseMod","Custom Start","Minty Spire (QoL Compilation)","Permanent Neow","Puzzle Mod","Relic Stats","StSLib","The Cursed","The Hierophant"],"gold_per_floor":[109,109,125,125,141,172,190,190,190,190,217,235,59,76,76,153,153,171,197,122,26,43,43,43,78,101,116,130,130,130],"floor_reached":29,"playtime":873,"items_purged":["Regret"],"score":434,"play_id":"7aa60ac0-5290-4337-8d79-ac3256eb0fd2","local_time":"20201230230437","is_ascension_mode":true,"campfire_choices":[{"floor":8,"key":"REST"},{"data":"Noxious Fumes","floor":15,"key":"SMITH"},{"floor":23,"key":"REST"}],"circlet_count":0,"master_deck":["AscendersBane","Strike_G","Strike_G","Strike_G","Defend_G+1","Defend_G","Defend_G","Defend_G","Defend_G+1","Survivor","Neutralize","Poisoned Stab","Backstab","Phantasmal Killer","Slice","Slice","Envenom","Backflip","Bouncing Flask","Terror","Deadly Poison","Noxious Fumes+1","Malaise","Predator+1","Cloak And Dagger","Acrobatics","PiercingWail","Tools of the Trade","Cloak And Dagger","Crippling Poison"],"relics":["WristBlade","War Paint","Letter Opener","Bag of Preparation","Regal Pillow","Fusion Hammer","Red Mask","Dream Catcher","Bag of Marbles"],"acts_visited":["Exordium","TheCity"],"potions_floor_usage":[11,16,16,19,25,27,29],"damage_taken":[{"damage":1,"enemies":"Small Slimes","floor":1,"turns":4},{"damage":2,"enemies":"2 Louse","floor":3,"turns":2},{"damage":12,"enemies":"Jaw Worm","floor":5,"turns":2},{"damage":19,"enemies":"3 Sentries","floor":6,"turns":9},{"damage":8,"enemies":"Looter","floor":7,"turns":3},{"damage":2,"enemies":"Gremlin Nob","floor":11,"turns":3},{"damage":5,"enemies":"2 Fungi Beasts","floor":12,"turns":3},{"damage":12,"enemies":"Exordium Thugs","floor":14,"turns":5},{"damage":4,"enemies":"Hexaghost","floor":16,"turns":6},{"damage":9,"enemies":"2 Thieves","floor":18,"turns":4},{"damage":30,"enemies":"Masked Bandits","floor":19,"turns":5},{"damage":0,"enemies":"Spheric Guardian","floor":22,"turns":3},{"damage":16,"enemies":"Book of Stabbing","floor":25,"turns":5},{"damage":6,"enemies":"3 Cultists","floor":27,"turns":3},{"damage":1,"enemies":"Cultist and Chosen","floor":28,"turns":5},{"damage":18,"enemies":"Slavers","floor":29,"turns":2}],"seed_played":"4118268925529784334","potions_obtained":[{"floor":6,"key":"Weak Potion"},{"floor":7,"key":"Strength Potion"},{"floor":12,"key":"BlessingOfTheForge"},{"floor":16,"key":"FearPotion"},{"floor":19,"key":"SpeedPotion"},{"floor":22,"key":"Strength Potion"},{"floor":27,"key":"SneckoOil"}],"is_trial":false,"path_per_floor":["M","?","M","?","M","E","M","R","T","?","E","M","$","M","R","B",null,"M","?","?","$","M","R","?","E","T","M","M","E"],"character_chosen":"THE_SILENT","items_purchased":["Terror","Deadly Poison","Acrobatics","Explosive Potion"],"campfire_rested":2,"item_purchase_floors":[13,13,21,21],"current_hp_per_floor":[58,58,56,56,44,25,17,36,36,36,34,29,29,17,17,13,53,44,14,14,14,14,48,48,32,32,26,25,7,7],"gold":130,"neow_bonus":"BOSS_RELIC","is_daily":false,"chose_seed":false,"campfire_upgraded":1,"win_rate":0.0,"timestamp":1609365877,"path_taken":["M","?","M","?","M","E","M","R","T","?","E","M","?","M","R","BOSS","M","?","?","?","M","R","?","E","T","M","M","E"],"items_purchased_type":["Card","Card","Card","Potion"],"build_version":"2020-12-22","purchased_purges":1,"victory":false,"max_hp_per_floor":[66,66,66,66,66,66,66,66,66,66,66,66,66,66,66,66,66,66,66,66,66,66,66,66,66,66,66,66,66,66],"relic_stats":{"Regal Pillow":15,"Dream Catcher":0,"counters":[16,64],"Bag of Preparation":[22],"Letter Opener":[75],"War Paint":["Defend_G","Defend_G"],"obtain_stats":[{"Regal Pillow":11,"Dream Catcher":25,"WristBlade":0,"Fusion Hammer":17,"Bag of Preparation":9,"Red Mask":19,"Bag of Marbles":26,"Letter Opener":6,"War Paint":2,"Ring of the Snake":0},{"Regal Pillow":6,"Dream Catcher":13,"WristBlade":0,"Fusion Hammer":9,"Bag of Preparation":5,"Red Mask":11,"Bag of Marbles":13,"Letter Opener":4,"War Paint":1,"Ring of the Snake":0},{"Regal Pillow":23,"Dream Catcher":54,"WristBlade":0,"Fusion Hammer":37,"Bag of Preparation":20,"Red Mask":46,"Bag of Marbles":54,"Letter Opener":17,"War Paint":4,"Ring of the Snake":0}]},"card_choices":[{"not_picked":["Sucker Punch","Deflect"],"picked":"Poisoned Stab","floor":1},{"not_picked":["Outmaneuver","Dagger Spray"],"picked":"Backstab","floor":3},{"not_picked":["Distraction","Cloak And Dagger"],"picked":"Phantasmal Killer","floor":5},{"not_picked":["Accuracy","Bane"],"picked":"Slice","floor":6},{"not_picked":["Cloak And Dagger","Dash"],"picked":"Slice","floor":7},{"not_picked":["Terror","After Image"],"picked":"Backflip","floor":11},{"not_picked":["Prepared","Cloak And Dagger"],"picked":"Bouncing Flask","floor":12},{"not_picked":["Bane","Reflex"],"picked":"Noxious Fumes","floor":14},{"not_picked":["Grand Finale","Phantasmal Killer"],"picked":"Malaise","floor":16},{"not_picked":["Sucker Punch","Choke"],"picked":"Predator+1","floor":18},{"not_picked":["Acrobatics","Dash"],"picked":"Cloak And Dagger","floor":19},{"not_picked":["Setup+1","Acrobatics"],"picked":"PiercingWail","floor":22},{"not_picked":["Dagger Spray","Poisoned Stab"],"picked":"Tools of the Trade","floor":25},{"not_picked":["Deflect","Riddle With Holes"],"picked":"Cloak And Dagger","floor":27},{"not_picked":["Underhanded Strike","Flechettes+1"],"picked":"Crippling Poison","floor":28}],"player_experience":1960856,"relics_obtained":[{"floor":6,"key":"Letter Opener"},{"floor":9,"key":"Bag of Preparation"},{"floor":11,"key":"Regal Pillow"},{"floor":19,"key":"Red Mask"},{"floor":25,"key":"Dream Catcher"},{"floor":26,"key":"Bag of Marbles"}],"event_choices":[{"damage_healed":0,"gold_gain":0,"player_choice":"Box","damage_taken":0,"relics_obtained":["War Paint"],"max_hp_gain":0,"max_hp_loss":0,"event_name":"Big Fish","floor":2,"gold_loss":0,"cards_obtained":["Regret"]},{"damage_healed":0,"gold_gain":0,"player_choice":"Leave","damage_taken":0,"max_hp_gain":0,"max_hp_loss":0,"event_name":"The Cleric","floor":4,"gold_loss":0},{"damage_healed":0,"gold_gain":0,"cards_transformed":["Strike_G"],"player_choice":"Change","damage_taken":0,"max_hp_gain":0,"max_hp_loss":0,"event_name":"Living Wall","floor":10,"gold_loss":0,"cards_obtained":["Envenom"]},{"damage_healed":0,"gold_gain":0,"player_choice":"Fought Bandits","damage_taken":0,"max_hp_gain":0,"max_hp_loss":0,"event_name":"Masked Bandits","floor":19,"gold_loss":0},{"cards_removed":["Strike_G"],"damage_healed":0,"gold_gain":0,"player_choice":"Gave Gold","damage_taken":0,"max_hp_gain":0,"max_hp_loss":0,"event_name":"Beggar","floor":20,"gold_loss":75}],"is_beta":false,"boss_relics":[{"not_picked":["Empty Cage","Snecko Eye"],"picked":"Fusion Hammer"}],"items_purged_floors":[13],"is_endless":false,"potions_floor_spawned":[6,7,12,16,19,22,27],"killed_by":"Slavers","ascension_level":14}}