{"host":"yuhy0i501zzmn1iz","time":1609347302,"event":{"mods":["AchievementEnabler","AlwaysNeverKeys","BaseMod","Bestiary","Better Match","Better Third Choice","Curses Come First","Downfall","Minty Spire (QoL Compilation)","StSLib","The Blue Laboratory","slay the spire mod where everything is the same but ironclad has a cowboy hat"],"gold_per_floor":[15,32,32,43,43,70,90,90,115,115,130,130,50,85,85,85,85],"floor_reached":16,"playtime":930,"items_purged":[],"score":121,"play_id":"bac15b3b-836a-4fa6-b1de-ca9b60fb774a","local_time":"20201230115502","is_ascension_mode":true,"campfire_choices":[{"floor":8,"key":"REST"},{"data":"Machine Learning","floor":10,"key":"SMITH"},{"data":"Loop","floor":12,"key":"SMITH"},{"floor":15,"key":"REST"}],"circlet_count":0,"master_deck":["Strike_B","Strike_B","Strike_B","Defend_B","Defend_B","Defend_B","Defend_B","Zap","Dualcast","Machine Learning+1","Chaos","Loop+1","Electrodynamics","Conserve Battery","Melter","Steam Power"],"relics":["Cracked Core","Bag of Marbles","Art of War","Boot"],"acts_visited":["Exordium"],"potions_floor_usage":[6,16],"damage_taken":[{"damage":1,"enemies":"Cultist","floor":1,"turns":3},{"damage":5,"enemies":"Small Slimes","floor":2,"turns":3},{"damage":9,"enemies":"Jaw Worm","floor":4,"turns":4},{"damage":13,"enemies":"3 Sentries","floor":6,"turns":4},{"damage":17,"enemies":"Red Slaver","floor":7,"turns":4},{"damage":0,"enemies":"2 Fungi Beasts","floor":11,"turns":2},{"damage":19,"enemies":"Lagavulin","floor":14,"turns":5},{"damage":48,"enemies":"Hexaghost","floor":16,"turns":12}],"seed_played":"5086405200338087261","potions_obtained":[{"floor":1,"key":"blueLaboratory:NullPotion"},{"floor":14,"key":"ColorlessPotion"}],"is_trial":false,"path_per_floor":["M","M","$","M","?","E","M","R","T","R","M","R","$","E","R","B"],"character_chosen":"DEFECT","items_purchased":["Melter"],"campfire_rested":2,"item_purchase_floors":[13],"current_hp_per_floor":[74,69,69,60,53,40,23,45,45,45,45,45,45,26,48,0,0],"gold":85,"neow_bonus":"THREE_RARE_CARDS","is_daily":false,"chose_seed":false,"campfire_upgraded":2,"win_rate":0.0,"timestamp":1609347302,"path_taken":["M","M","?","M","?","E","?","R","T","R","M","R","$","E","R","BOSS"],"items_purchased_type":["Card"],"build_version":"2020-12-22","purchased_purges":0,"victory":false,"max_hp_per_floor":[75,75,75,75,75,75,75,75,75,75,75,75,75,75,75,75,75],"card_choices":[{"not_picked":["Core Surge","All For One"],"picked":"Machine Learning","floor":0},{"not_picked":["Static Discharge","Ball Lightning"],"picked":"Chaos","floor":1},{"not_picked":["Go for the Eyes","Hologram","Turbo"],"picked":"SKIP","floor":2},{"not_picked":["Undo","Streamline"],"picked":"Loop","floor":4},{"not_picked":["Chaos","Aggregate"],"picked":"Electrodynamics","floor":6},{"not_picked":["Coolheaded","Rebound","Gash"],"picked":"SKIP","floor":7},{"not_picked":["Compile Driver","Stack"],"picked":"Conserve Battery","floor":11},{"not_picked":["Ball Lightning","Leap"],"picked":"Steam Power","floor":14}],"player_experience":244885,"relics_obtained":[{"floor":6,"key":"Bag of Marbles"},{"floor":9,"key":"Art of War"},{"floor":14,"key":"Boot"}],"event_choices":[{"cards_removed":["Strike_B"],"damage_healed":0,"gold_gain":0,"player_choice":"Card Removal","damage_taken":7,"max_hp_gain":0,"max_hp_loss":0,"event_name":"Golden Wing","floor":5,"gold_loss":0}],"is_beta":false,"boss_relics":[],"items_purged_floors":[],"is_endless":false,"potions_floor_spawned":[1,14],"killed_by":"Hexaghost","ascension_level":2}}