{"host":"6pgtslebjnyv5xmi","time":1609342309,"event":{"mods":["AchievementEnabler","BaseMod","Colored Map","Marisa£¨Ùöéë¡¡Øª×âÞÞ£©","Minty Spire (QoL Compilation)","Rare Cards Sparkle","StSLib","SuperFastMode","everything is the same but u backflip on backflip"],"gold_per_floor":[212,103,103,120,140,158,158,177,177,177,193,205,280,296,296,393,393,408,236,253,253,253,253,352,368,393,393,409,409,428,202,202,202,202],"floor_reached":33,"playtime":1191,"items_purged":["Strike_R","Strike_R","Strike_R"],"score":241,"play_id":"d4ef6f1d-d9c3-450e-999d-f2d101039a17","local_time":"20201231003149","is_ascension_mode":false,"campfire_choices":[{"data":"Pummel","floor":7.0,"key":"SMITH"},{"data":"Carnage","floor":10.0,"key":"SMITH"},{"floor":15,"key":"REST"},{"data":"Bludgeon","floor":23,"key":"SMITH"},{"data":"Seeing Red","floor":27,"key":"SMITH"},{"data":"Seeing Red","floor":29,"key":"SMITH"},{"floor":32,"key":"REST"}],"circlet_count":0,"master_deck":["Strike_R","Strike_R","Defend_R","Defend_R","Defend_R","Defend_R","Bash","Pummel+1","Battle Trance","Seeing Red+1","Seeing Red+1","Thunderclap","Carnage+1","Bludgeon+1","Inflame","Shockwave","Reaper"],"relics":["Burning Blood"],"acts_visited":["Exordium","TheCity"],"potions_floor_usage":[16,16,16,18,28,30,33,33,33],"damage_taken":[{"damage":1.0,"enemies":"Jaw Worm","floor":1.0,"turns":3.0},{"damage":3.0,"enemies":"Small Slimes","floor":4.0,"turns":3.0},{"damage":1.0,"enemies":"Cultist","floor":5.0,"turns":3.0},{"damage":2.0,"enemies":"Large Slime","floor":6.0,"turns":6.0},{"damage":4.0,"enemies":"3 Louse","floor":8.0,"turns":3.0},{"damage":0.0,"enemies":"2 Fungi Beasts","floor":11.0,"turns":2.0},{"damage":2.0,"enemies":"Blue Slaver","floor":12.0,"turns":2.0},{"damage":35,"enemies":"Gremlin Gang","floor":14,"turns":3},{"damage":52,"enemies":"Hexaghost","floor":16,"turns":8},{"damage":10,"enemies":"Spheric Guardian","floor":18,"turns":3},{"damage":27,"enemies":"Shell Parasite","floor":20,"turns":4},{"damage":11,"enemies":"Snecko","floor":25,"turns":3},{"damage":26,"enemies":"3 Cultists","floor":28,"turns":6},{"damage":25,"enemies":"Shelled Parasite and Fungi","floor":30,"turns":3},{"damage":69,"enemies":"Champ","floor":33,"turns":7}],"seed_played":"-8428024060421532759","potions_obtained":[{"floor":1.0,"key":"DistilledChaos"},{"floor":4.0,"key":"GamblersBrew"},{"floor":11.0,"key":"BloodPotion"},{"floor":12.0,"key":"FearPotion"},{"floor":16,"key":"SkillPotion"},{"floor":25,"key":"ColorlessPotion"},{"floor":28,"key":"DistilledChaos"},{"floor":30,"key":"Strength Potion"}],"is_trial":false,"path_per_floor":["M","$","?","M","M","M","R","M","T","R","M","M","?","M","R","B",null,"M","$","M","?","?","R","?","M","T","R","M","R","M","$","R","B"],"character_chosen":"IRONCLAD","items_purchased":["Battle Trance","Inflame","Dexterity Potion","ColorlessPotion"],"campfire_rested":2,"item_purchase_floors":[2,19,31,31],"current_hp_per_floor":[80,80,80,80,80,80,80,80,80,80,80,80,72,43,67,37,80,76,76,55,55,55,55,55,50,50,50,30,30,11,11,35,0,0],"gold":202,"neow_bonus":"HUNDRED_GOLD","is_daily":false,"chose_seed":false,"campfire_upgraded":5,"win_rate":0.0,"timestamp":1609342309,"path_taken":["M","$","?","M","M","M","R","M","T","R","M","M","?","?","R","BOSS","M","$","M","?","?","R","?","M","T","R","M","R","M","?","R","BOSS"],"items_purchased_type":["Card","Card","Potion","Potion"],"build_version":"2020-12-22","purchased_purges":3,"victory":false,"max_hp_per_floor":[80,80,80,80,80,80,80,80,80,80,80,80,80,80,80,80,80,80,80,80,80,80,80,80,80,80,80,80,80,80,80,80,80,80],"card_choices":[{"not_picked":["Dual Wield","Shrug It Off"],"picked":"Pummel","floor":1.0},{"not_picked":["Blood for Blood","True Grit"],"picked":"Seeing Red","floor":4.0},{"not_picked":["Shrug It Off","Cleave"],"picked":"Seeing Red","floor":5.0},{"not_picked":["Sever Soul","Cleave"],"picked":"Thunderclap","floor":6.0},{"not_picked":["Headbutt","Dark Embrace"],"picked":"Carnage","floor":8.0},{"not_picked":["Bloodletting","Pommel Strike","Headbutt"],"picked":"SKIP","floor":11.0},{"not_picked":["Anger","Heavy Blade","Clash"],"picked":"SKIP","floor":12.0},{"not_picked":["True Grit","Intimidate","Cleave"],"picked":"SKIP","floor":14},{"not_picked":["Offering","Feed"],"picked":"Bludgeon","floor":16},{"not_picked":["Headbutt+1","Thunderclap","True Grit"],"picked":"SKIP","floor":18},{"not_picked":["Thunderclap","Dropkick","Heavy Blade+1"],"picked":"SKIP","floor":20},{"not_picked":["Anger","Headbutt","Seeing Red"],"picked":"SKIP","floor":25},{"not_picked":["Clothesline+1","Combust","Anger"],"picked":"SKIP","floor":28},{"not_picked":["Clothesline+1","Headbutt+1"],"picked":"Reaper","floor":30}],"player_experience":629263,"relics_obtained":[],"event_choices":[{"damage_healed":0.0,"max_hp_gain":0.0,"max_hp_loss":0.0,"gold_gain":0.0,"event_name":"Scrap Ooze","player_choice":"Fled","floor":3.0,"gold_loss":0.0,"damage_taken":0.0},{"damage_healed":0,"gold_gain":75,"player_choice":"Touch","damage_taken":8,"max_hp_gain":0,"max_hp_loss":0,"event_name":"FaceTrader","floor":13,"gold_loss":0},{"damage_healed":0,"gold_gain":0,"player_choice":"Read","damage_taken":0,"max_hp_gain":0,"max_hp_loss":0,"event_name":"The Library","floor":21,"gold_loss":0,"cards_obtained":["Shockwave"]},{"damage_healed":0,"gold_gain":0,"player_choice":"Ignored","damage_taken":0,"max_hp_gain":0,"max_hp_loss":0,"event_name":"Cursed Tome","floor":22,"gold_loss":0},{"damage_healed":0,"gold_gain":99,"player_choice":"Stole From Cult","damage_taken":0,"max_hp_gain":0,"max_hp_loss":0,"event_name":"Nest","floor":24,"gold_loss":0}],"is_beta":false,"boss_relics":[{"not_picked":["Calling Bell","Runic Pyramid","Snecko Eye"]}],"items_purged_floors":[2,19,31],"is_endless":false,"potions_floor_spawned":[1,4,11,12,16,25,28,30],"killed_by":"Champ","ascension_level":0}}