{"host":"6dypmz777xraikqf","time":1609362854,"event":{"mods":["AchievementEnabler","BaseMod","BetterRewards","Colored Map","Colored Powertips","Downfall","Highlight Path","Hubris","Infinite Spire","Minty Spire (QoL Compilation)","Replay The Spire","StSLib"],"gold_per_floor":[360,135,135,35,85,117,117,129,129,142,158,433,453,469,469,567,567,585,602,615,565,54,54,70,70,70,70,70,70,70,104,104,202,202,212,227,227,227,247,247,264,264,314,314,314],"floor_reached":44,"playtime":1838,"items_purged":["Strike_R","Regret","Regret"],"score":571,"play_id":"600465b3-f23b-4dc7-8642-b08c10bd9644","local_time":"20201230211414","is_ascension_mode":true,"campfire_choices":[{"data":"Armaments","floor":7,"key":"SMITH"},{"data":"Armaments","floor":15,"key":"SMITH"},{"data":"Armaments","floor":23,"key":"SMITH"},{"floor":25,"key":"REST"},{"data":"Offering","floor":27,"key":"SMITH"},{"data":"Burning Pact","floor":32,"key":"SMITH"},{"data":"Armaments","floor":40,"key":"SMITH"}],"circlet_count":0,"master_deck":["Strike_R","Strike_R","Strike_R+1","Strike_R+1","Defend_R","Defend_R","Defend_R","Bash","Armaments+1","Armaments+1","Armaments+1","Offering+1","Searing Blow","Power Through","Burning Pact+1","Exhume","Armaments+1","Seeing Red+1","expansioncontent:CaCaw","expansioncontent:AwakenDeath","PanicButton","Shame"],"relics":["Burning Blood","Simple Rune","HornCleat","infinitespire:WardingShard","Replay:Towering Pillar of Hats","Lantern","Mark of Pain","infinitespire:Joker Card","Gambling Chip","Pantograph","Cursed Key","hubris:Towel","Omamori"],"acts_visited":["Exordium","TheCity","TheBeyond"],"potions_floor_usage":[6,13,16,16,33],"damage_taken":[{"damage":10,"enemies":"Small Slimes","floor":1,"turns":3},{"damage":34,"enemies":"Gremlin Nob","floor":6,"turns":5},{"damage":0,"enemies":"2 Louse","floor":8,"turns":4},{"damage":8,"enemies":"infinitespire:Voidling","floor":10,"turns":2},{"damage":1,"enemies":"Blue Slaver","floor":11,"turns":3},{"damage":0,"enemies":"Lots of Slimes","floor":13,"turns":1},{"damage":2,"enemies":"3 Louse","floor":14,"turns":4},{"damage":55,"enemies":"Slime Boss","floor":16,"turns":12},{"damage":14,"enemies":"Spheric Guardian","floor":18,"turns":5},{"damage":15,"enemies":"Shell Parasite","floor":19,"turns":4},{"damage":20,"enemies":"Snake Plant","floor":20,"turns":6},{"damage":20,"enemies":"Sentry and Sphere","floor":24,"turns":8},{"damage":6,"enemies":"Replay:Snechameleon","floor":31,"turns":4},{"damage":11,"enemies":"Automaton","floor":33,"turns":8},{"damage":12,"enemies":"3 Shapes","floor":35,"turns":6},{"damage":12,"enemies":"3 Darklings","floor":36,"turns":5},{"damage":12,"enemies":"4 Shapes","floor":39,"turns":2},{"damage":18,"enemies":"Jaw Worm Horde","floor":41,"turns":2},{"damage":43,"enemies":"Reptomancer","floor":44,"turns":2}],"seed_played":"-1390371915353788903","potions_obtained":[{"floor":5,"key":"Weak Potion"},{"floor":8,"key":"BloodPotion"},{"floor":10,"key":"AttackPotion"},{"floor":13,"key":"Explosive Potion"},{"floor":16,"key":"CultistPotion"},{"floor":18,"key":"Elixir"},{"floor":24,"key":"SteroidPotion"},{"floor":41,"key":"BlessingOfTheForge"}],"is_trial":false,"path_per_floor":["M","$","?","$","?","E","R","M","T","M","M","?","M","M","R","B",null,"M","M","M","?","$","R","M","R","T","R","$","?","$","E","R","B",null,"M","M","?","?","M","R","M","?","T","E"],"character_chosen":"IRONCLAD","items_purchased":["Simple Rune","infinitespire:Joker Card","Power Through"],"campfire_rested":1,"item_purchase_floors":[2,22,22],"current_hp_per_floor":[68,68,68,68,68,40,40,46,46,44,49,49,55,59,59,24,72,64,55,41,41,41,41,27,48,48,48,48,48,48,48,48,67,72,66,60,60,60,54,54,42,32,32,0,0],"gold":314,"neow_bonus":"TWO_FIFTY_GOLD","is_daily":false,"chose_seed":false,"campfire_upgraded":6,"win_rate":0.0,"timestamp":1609362854,"path_taken":["M","$","?","$","?","E","R","M","T","M","?","?","M","?","R","BOSS","M","M","M","?","$","R","M","R","T","R","?","?","?","E","R","BOSS","M","M","?","?","?","R","M","?","T","E"],"items_purchased_type":["Relic","Relic","Card"],"build_version":"2020-12-22","purchased_purges":3,"victory":false,"max_hp_per_floor":[72,72,72,72,72,72,72,72,72,72,72,72,72,72,72,72,72,72,72,72,72,72,72,72,72,72,72,72,72,72,72,72,72,72,72,72,72,72,72,72,72,72,72,72,72],"card_choices":[{"not_picked":["Flame Barrier","Havoc"],"picked":"Armaments","floor":1},{"not_picked":["Pommel Strike","Run Through"],"picked":"Armaments","floor":5},{"not_picked":["Anger","Iron Wave","ReplayTheSpireMod:Strike From Hell"],"picked":"SKIP","floor":6},{"not_picked":["Disarm","True Grit","Carnage"],"picked":"SKIP","floor":8},{"not_picked":["Shrug It Off","Blood for Blood","Wild Strike"],"picked":"SKIP","floor":10},{"not_picked":["Reaper","Sword Boomerang","Twin Strike"],"picked":"SKIP","floor":11},{"not_picked":["Clash","Headbutt"],"picked":"Armaments","floor":13},{"not_picked":["Heavy Blade","Twin Strike","Perfected Strike"],"picked":"SKIP","floor":14},{"not_picked":["Corruption","Reaper"],"picked":"Offering","floor":16},{"not_picked":["ReplayTheSpireMod:Strike From Hell+1","Body Slam","Anger"],"picked":"SKIP","floor":18},{"not_picked":["Replay:Undeath\u0027s Touch","ReplayReversal","Clothesline"],"picked":"SKIP","floor":19},{"not_picked":["Twin Strike","Pommel Strike"],"picked":"Searing Blow","floor":20},{"not_picked":["Rupture","hubris:SharpeningStone","Twin Strike+1"],"picked":"SKIP","floor":24},{"not_picked":["Metallicize","Searing Blow"],"picked":"Burning Pact","floor":31},{"not_picked":["Juggernaut","Impervious"],"picked":"Exhume","floor":33},{"not_picked":["Metallicize+1","Clothesline"],"picked":"Armaments","floor":35},{"not_picked":["Anger","Hemogenesis"],"picked":"Seeing Red+1","floor":36},{"not_picked":["ReplayTheSpireMod:Stacked","Sword Boomerang+1","Perfected Strike+1"],"picked":"SKIP","floor":39},{"not_picked":["ReplayTheSpireMod:Strike From Hell","Reckless Charge","ReplayTheSpireMod:LeadingStrike+1"],"picked":"SKIP","floor":41},{"not_picked":["Bandage Up","expansioncontent:SlimeTackle"],"picked":"expansioncontent:CaCaw","floor":42},{"not_picked":["Replay:SS_hec_2","expansioncontent:Chronoboost"],"picked":"expansioncontent:AwakenDeath","floor":42},{"not_picked":["ReplayTheSpireMod:Trickstab","expansioncontent:Hexaburn"],"picked":"PanicButton","floor":42}],"player_experience":43819,"relics_obtained":[{"floor":5,"key":"infinitespire:WardingShard"},{"floor":6,"key":"Replay:Towering Pillar of Hats"},{"floor":9,"key":"Lantern"},{"floor":26,"key":"Gambling Chip"},{"floor":31,"key":"Pantograph"},{"floor":43,"key":"Omamori"}],"event_choices":[{"damage_healed":0,"gold_gain":0,"player_choice":"Box","damage_taken":0,"relics_obtained":["HornCleat"],"max_hp_gain":0,"max_hp_loss":0,"event_name":"Big Fish","floor":3,"gold_loss":0,"cards_obtained":["Regret"]},{"damage_healed":0,"gold_gain":275,"player_choice":"Desecrate","damage_taken":0,"max_hp_gain":0,"max_hp_loss":0,"event_name":"Golden Shrine","floor":12,"gold_loss":0,"cards_obtained":["Regret"]},{"damage_healed":0,"gold_gain":0,"player_choice":"Bet on Murderer","damage_taken":0,"max_hp_gain":0,"max_hp_loss":0,"event_name":"The Joust","floor":21,"gold_loss":50},{"cards_removed":["Defend_R"],"damage_healed":0,"gold_gain":0,"player_choice":"Removed Skill","damage_taken":0,"max_hp_gain":0,"max_hp_loss":0,"event_name":"Falling","floor":37,"gold_loss":0},{"damage_healed":0,"gold_gain":0,"player_choice":"Memory 3","damage_taken":10,"max_hp_gain":0,"max_hp_loss":0,"event_name":"SensoryStone","floor":42,"gold_loss":0}],"is_beta":false,"boss_relics":[{"not_picked":["hubris:CrackedHourglass","hubris:ScarierMask"],"picked":"Mark of Pain"},{"not_picked":["hubris:RunicObelisk","Runic Cube"],"picked":"Cursed Key"}],"items_purged_floors":[2,4,22],"is_endless":false,"potions_floor_spawned":[8,10,13,16,18,24,41],"killed_by":"Reptomancer","ascension_level":3}}