{"host":"lstuuc6roym1046h","time":1609363850,"event":{"mods":["AchievementEnabler","BaseMod","Minty Spire (QoL Compilation)","Relic Stats","StSLib"],"gold_per_floor":[112,112,112,123,141,141,176,176,176,176,193,222,20,47,47,126,126,76,76,126,146,161,161,196,196,196,222,241,241,270,285,285,285,285],"floor_reached":33,"playtime":1839,"items_purged":[],"score":746,"play_id":"35a57f7b-a155-41ec-a786-b31936566a4f","local_time":"20201230213050","is_ascension_mode":true,"campfire_choices":[{"data":"Skewer","floor":6.0,"key":"SMITH"},{"data":"Neutralize","floor":8.0,"key":"SMITH"},{"floor":10.0,"key":"REST"},{"data":"Deadly Poison","floor":15.0,"key":"SMITH"},{"data":"Footwork","floor":23,"key":"SMITH"},{"data":"Adrenaline","floor":25,"key":"SMITH"},{"data":"Ghostly","floor":32,"key":"SMITH"}],"circlet_count":0,"master_deck":["AscendersBane","Strike_G","Strike_G","Strike_G","Strike_G","Defend_G","Defend_G","Defend_G","Defend_G","Defend_G","Survivor","Neutralize+1","Skewer+1","Deadly Poison+1","Flying Knee","PiercingWail","Leg Sweep","Heel Hook","Footwork+1","Adrenaline+1","Doppelganger","Deadly Poison+1","Acrobatics","Blur+1","Calculated Gamble","Ghostly+1","Ghostly","Ghostly","Dodge and Roll"],"relics":["Philosopher\u0027s Stone","White Beast Statue","Gambling Chip","Dream Catcher","Akabeko","PreservedInsect","Bottled Tornado","Black Star","Ginger","Potion Belt","Singing Bowl","Lizard Tail","Smiling Mask","Blue Candle","Bottled Lightning"],"acts_visited":["Exordium","TheCity"],"potions_floor_usage":[22,24,27,27,27,30,30,33,33,33],"damage_taken":[{"damage":3.0,"enemies":"Small Slimes","floor":1.0,"turns":4.0},{"damage":0.0,"enemies":"Jaw Worm","floor":4.0,"turns":3.0},{"damage":2.0,"enemies":"Cultist","floor":5.0,"turns":4.0},{"damage":7.0,"enemies":"Lagavulin","floor":7.0,"turns":5.0},{"damage":4.0,"enemies":"Lots of Slimes","floor":11.0,"turns":4.0},{"damage":20.0,"enemies":"Gremlin Nob","floor":12.0,"turns":4.0},{"damage":1.0,"enemies":"3 Sentries","floor":14.0,"turns":6.0},{"damage":13.0,"enemies":"Hexaghost","floor":16.0,"turns":8.0},{"damage":4.0,"enemies":"2 Thieves","floor":18.0,"turns":5.0},{"damage":0,"enemies":"Spheric Guardian","floor":21,"turns":1},{"damage":0,"enemies":"Snake Plant","floor":22,"turns":1},{"damage":0,"enemies":"Gremlin Leader","floor":24,"turns":3},{"damage":6,"enemies":"Slavers","floor":27,"turns":6},{"damage":0,"enemies":"Centurion and Healer","floor":28,"turns":5},{"damage":0,"enemies":"Gremlin Leader","floor":30,"turns":1},{"damage":4,"enemies":"3 Cultists","floor":31,"turns":6},{"damage":63,"enemies":"Champ","floor":33,"turns":16}],"seed_played":"1673554157927447327","potions_obtained":[{"floor":4.0,"key":"Weak Potion"},{"floor":5.0,"key":"Fire Potion"},{"floor":7.0,"key":"Weak Potion"},{"floor":11.0,"key":"Swift Potion"},{"floor":12.0,"key":"LiquidBronze"},{"floor":14.0,"key":"ColorlessPotion"},{"floor":16.0,"key":"DuplicationPotion"},{"floor":18.0,"key":"SpeedPotion"},{"floor":21,"key":"EntropicBrew"},{"floor":22,"key":"Explosive Potion"},{"floor":24,"key":"Poison Potion"},{"floor":27,"key":"SkillPotion"},{"floor":28,"key":"SpeedPotion"},{"floor":30,"key":"SkillPotion"},{"floor":31,"key":"Explosive Potion"}],"is_trial":false,"path_per_floor":["M","?","?","M","M","R","E","R","T","R","M","E","$","E","R","B",null,"M","?","?","M","M","R","E","R","T","E","M","?","E","M","R","B"],"character_chosen":"THE_SILENT","items_purchased":["PreservedInsect","Footwork"],"campfire_rested":1,"item_purchase_floors":[13,13],"current_hp_per_floor":[56,38,38,38,36,36,29,29,29,48,44,24,24,23,23,10,52,48,48,48,48,48,48,48,48,48,42,44,34,36,32,32,0,0],"gold":285,"neow_bonus":"BOSS_RELIC","is_daily":false,"chose_seed":false,"campfire_upgraded":6,"win_rate":0.0,"timestamp":1609363850,"path_taken":["M","?","?","?","M","R","E","R","T","R","?","E","$","E","R","BOSS","M","?","?","?","M","R","E","R","T","E","M","?","E","M","R","BOSS"],"items_purchased_type":["Relic","Card"],"build_version":"2020-12-22","purchased_purges":0,"victory":false,"max_hp_per_floor":[66,66,66,66,66,66,66,66,66,66,66,66,66,66,66,66,66,66,66,66,66,66,66,66,66,66,66,68,34,36,36,36,36,36],"relic_stats":{"Dream Catcher":1,"Lizard Tail":18,"Singing Bowl":4,"counters":[17,82],"Gambling Chip":[28],"Blue Candle":[0],"PreservedInsect":167,"Black Star":3,"Ginger":[6],"Smiling Mask":0,"obtain_stats":[{"Potion Belt":24,"Singing Bowl":26,"Blue Candle":30,"PreservedInsect":13,"Ginger":24,"Bottled Tornado":14,"Smiling Mask":27,"White Beast Statue":2,"Akabeko":12,"Dream Catcher":9,"Lizard Tail":27,"Gambling Chip":7,"Philosopher\u0027s Stone":0,"Black Star":17,"Bottled Lightning":30,"Ring of the Snake":0},{"Potion Belt":12,"Singing Bowl":12,"Blue Candle":15,"PreservedInsect":6,"Ginger":12,"Bottled Tornado":7,"Smiling Mask":13,"White Beast Statue":1,"Akabeko":6,"Dream Catcher":4,"Lizard Tail":13,"Gambling Chip":4,"Philosopher\u0027s Stone":0,"Black Star":8,"Bottled Lightning":15,"Ring of the Snake":0},{"Potion Belt":48,"Singing Bowl":48,"Blue Candle":60,"PreservedInsect":24,"Ginger":48,"Bottled Tornado":30,"Smiling Mask":54,"White Beast Statue":4,"Akabeko":24,"Dream Catcher":16,"Lizard Tail":54,"Gambling Chip":16,"Philosopher\u0027s Stone":0,"Black Star":38,"Bottled Lightning":60,"Ring of the Snake":0}]},"card_choices":[{"not_picked":["Outmaneuver","Riddle With Holes"],"picked":"Skewer","floor":1.0},{"not_picked":["Backflip","Bane"],"picked":"Deadly Poison","floor":4.0},{"not_picked":["Underhanded Strike","Eviscerate"],"picked":"Flying Knee","floor":5.0},{"not_picked":["Outmaneuver","Underhanded Strike"],"picked":"PiercingWail","floor":7.0},{"not_picked":["Outmaneuver","Blur"],"picked":"Leg Sweep","floor":10.0},{"not_picked":["Dagger Spray","Blade Dance","Masterful Stab"],"picked":"SKIP","floor":11.0},{"not_picked":["PiercingWail","Reflex"],"picked":"Heel Hook","floor":12.0},{"not_picked":["Die Die Die","PiercingWail"],"picked":"Adrenaline","floor":14.0},{"not_picked":["Envenom","Bullet Time"],"picked":"Doppelganger","floor":16.0},{"not_picked":["Slice+1","Prepared"],"picked":"Deadly Poison+1","floor":18.0},{"not_picked":["Distraction","Sucker Punch"],"picked":"Acrobatics","floor":21},{"not_picked":["Unload","Slice","Accuracy"],"picked":"SKIP","floor":22},{"not_picked":["Distraction","Bullet Time"],"picked":"Blur+1","floor":24},{"not_picked":["Dagger Throw","Leg Sweep"],"picked":"Calculated Gamble","floor":27},{"not_picked":["Slice","Deadly Poison","Masterful Stab"],"picked":"Singing Bowl","floor":28},{"not_picked":["Flying Knee","Prepared","Caltrops"],"picked":"Singing Bowl","floor":30},{"not_picked":["Outmaneuver","Calculated Gamble"],"picked":"Dodge and Roll","floor":31}],"player_experience":841981,"relics_obtained":[{"floor":7.0,"key":"Gambling Chip"},{"floor":9.0,"key":"Dream Catcher"},{"floor":12.0,"key":"Akabeko"},{"floor":14.0,"key":"Bottled Tornado"},{"floor":24,"key":"Ginger"},{"floor":24,"key":"Potion Belt"},{"floor":26,"key":"Singing Bowl"},{"floor":27,"key":"Lizard Tail"},{"floor":27,"key":"Smiling Mask"},{"floor":30,"key":"Blue Candle"},{"floor":30,"key":"Bottled Lightning"}],"event_choices":[{"damage_healed":0.0,"max_hp_gain":0.0,"max_hp_loss":0.0,"gold_gain":0.0,"event_name":"Scrap Ooze","player_choice":"Success","floor":2.0,"gold_loss":0.0,"damage_taken":18.0,"relics_obtained":["White Beast Statue"]},{"cards_removed":["Strike_G"],"damage_healed":0.0,"max_hp_gain":0.0,"max_hp_loss":0.0,"gold_gain":0.0,"event_name":"Bonfire Elementals","player_choice":"Offered Basic","floor":3.0,"gold_loss":0.0,"damage_taken":0.0},{"damage_healed":0.0,"max_hp_gain":0.0,"max_hp_loss":0.0,"gold_gain":0.0,"event_name":"The Mausoleum","player_choice":"Ignored","floor":19.0,"gold_loss":0.0,"damage_taken":0.0},{"damage_healed":0.0,"max_hp_gain":0.0,"max_hp_loss":0.0,"gold_gain":50.0,"event_name":"Golden Shrine","player_choice":"Pray","floor":20.0,"gold_loss":0.0,"damage_taken":0.0},{"damage_healed":0,"gold_gain":0,"player_choice":"Became a Ghost","damage_taken":0,"max_hp_gain":0,"max_hp_loss":34,"event_name":"Ghosts","floor":29,"gold_loss":0,"cards_obtained":["Ghostly","Ghostly","Ghostly"]}],"is_beta":false,"boss_relics":[{"not_picked":["Ectoplasm","Runic Dome"],"picked":"Black Star"}],"items_purged_floors":[],"is_endless":false,"potions_floor_spawned":[4,5,7,11,12,14,16,18,21,22,24,27,28,30,31],"killed_by":"Champ","ascension_level":20}}