{"host":"34kve6bedbwpq90u","time":1609335282,"event":{"mods":["AchievementEnabler","Arknights The Spire","BaseMod","BetterRewards","Colored Map","Custom Start","Decade(王小明)","Defuse TimeMaze Blight","Downfall","Friendly Minions","GifTheSpireLib","HexUI Lib","HololiveMod","Minty Spire (QoL Compilation)","MostiFishMod","Quarter Circle Forward PUNCH!","RumiaBox-露米娅的神秘盒子","Ryuuou龙王","Shop Mod","Spicy Shops","StSLib","TestMod","The Fake Hero","The Runesmith","Waifu the Spire","WarShipGirlsR/战舰少女R mod","vexMod"],"gold_per_floor":[336,80,255,34,44,76,86,86,111,42,53,53,73,103,103,198,198,209,87,34,34,133,183,183,210,210,222,257,257,271,9,9,114,114,126,144,144,144,154,154,169,199,199,15,70,82,82,82,82,1082,1082,1082,933,1959,2964],"floor_reached":56,"playtime":4502,"items_purged":["Doubt","Decay","Hololive_Strike","Parasite"],"score":1596,"play_id":"c0d39697-abab-4264-ba9f-49d5b0fbf22a","local_time":"20201230213442","is_ascension_mode":false,"campfire_choices":[{"data":"Hololive_Spy","floor":8,"key":"SMITH"},{"data":"Hololive_CandyCastle","floor":15,"key":"SMITH"},{"data":"Hololive_Sequa","floor":24,"key":"SMITH"},{"data":"Hololive_CocoNews","floor":29,"key":"SMITH"},{"data":"Hololive_FlyingPonyTail","floor":32,"key":"SMITH"},{"floor":40,"key":"RECALL"},{"data":"Hololive_DDD","floor":47,"key":"SMITH"},{"data":"Ryuuou:NotRegret","floor":49,"key":"SMITH"},{"data":"Hololive_StrengthChampion+6","floor":52,"key":"SMITH"}],"circlet_count":0,"master_deck":["Hololive_Strike+1","Hololive_Strike+1","Hololive_Strike+1","Hololive_Defend+1","Hololive_Defend+1","Hololive_Defend+1","Hololive_Sequa+1","Hololive_Rebound+1","Hololive_StrengthChampion+7","Hololive_Spy+1","Hololive_FlyingPonyTail+1","Hololive_LuckPotion+1","Hololive_StrengthChampion+3","Hololive_CandyCastle+1","Hololive_Trident+1","Hololive_Thief+1","Hololive_StrengthChampion+4","Hololive_FlyingPonyTail+1","Hololive_Psychosis+1","Hololive_ILoveYou+1","Hololive_CocoNews+1","Hololive_FlyingPonyTail+1","Hololive_DDD+1","Hololive_Trident+1","Hololive_CallMinatoAqua+1","Hololive_Rebound+1","Hololive_FlyingPonyTail+1","Ryuuou:NotRegret+1"],"relics":["Hololive_TheStar","testmod-TestBox","Hololive_OneManArmy","DaveBox","SynthV","testmod-EqualTreatment","ats:Originium","Orichalcum","vexMod:BarristanHead","Matryoshka","testmod-BloodSacrificeSpiritualization","testmod-Antiphasic","qcfpunch:Broken_Tusk","testmod-BouquetWithThorns","GodSword7","MerchantsRug","GuanYuAspect","Lantern","GodSword3","DianPoetry","testmod-ThousandKnives","Bronze Scales","Incense Burner"],"acts_visited":["Exordium","TheCity","TheBeyond","TheEnding"],"potions_floor_usage":[],"damage_taken":[{"damage":0,"enemies":"Cultist","floor":1,"turns":2},{"damage":0,"enemies":"2 Louse","floor":5,"turns":2},{"damage":0,"enemies":"Lagavulin","floor":6,"turns":3},{"damage":0,"enemies":"Jaw Worm","floor":7,"turns":2},{"damage":0,"enemies":"Large Slime","floor":11,"turns":4},{"damage":0,"enemies":"Red Slaver","floor":13,"turns":2},{"damage":0,"enemies":"3 Sentries","floor":14,"turns":3},{"damage":0,"enemies":"Hexaghost","floor":16,"turns":5},{"damage":0,"enemies":"Spheric Guardian","floor":18,"turns":3},{"damage":0,"enemies":"Slavers","floor":25,"turns":5},{"damage":0,"enemies":"2 Thieves","floor":27,"turns":2},{"damage":0,"enemies":"Gremlin Leader","floor":28,"turns":3},{"damage":9,"enemies":"Snecko","floor":30,"turns":4},{"damage":0,"enemies":"Collector","floor":33,"turns":5},{"damage":0,"enemies":"3 Darklings","floor":35,"turns":3},{"damage":0,"enemies":"3 Shapes","floor":36,"turns":2},{"damage":0,"enemies":"Writhing Mass","floor":39,"turns":3},{"damage":0,"enemies":"Transient","floor":41,"turns":5},{"damage":0,"enemies":"Nemesis","floor":42,"turns":5},{"damage":0,"enemies":"2 Orb Walkers","floor":45,"turns":2},{"damage":0,"enemies":"3 Darklings","floor":46,"turns":2},{"damage":0,"enemies":"Donu and Deca","floor":50,"turns":1},{"damage":23,"enemies":"Shield and Spear","floor":54,"turns":3},{"damage":20,"enemies":"The Heart","floor":55,"turns":3}],"seed_played":"-2157277495808299478","potions_obtained":[{"floor":5,"key":"Slimebound:ThreeZeroPotion"},{"floor":6,"key":"Explosive Potion"},{"floor":7,"key":"Explosive Potion"},{"floor":25,"key":"FairyPotion"}],"is_trial":false,"path_per_floor":["M","$","?","$","M","E","M","R","T","$","M","?","M","E","R","B",null,"M","$","$","?","?","?","R","E","T","M","E","R","M","$","R","B",null,"M","M","T","?","M","R","M","E","T","$","?","M","R","?","R","B",null,"R","$","E","B",null],"character_chosen":"Hololive_HololiveCharacter","items_purchased":["Hololive_Spy","War Paint","Whetstone","Hololive_CandyCastle","Hololive_FlyingPonyTail","Hololive_Psychosis","MerchantsRug","Hololive_Rebound","Bronze Scales"],"campfire_rested":0,"item_purchase_floors":[2,2,4,10,19,20,31,44,53],"current_hp_per_floor":[26,26,26,26,26,26,26,26,26,26,26,26,26,26,26,26,35,35,35,35,31,31,31,31,31,31,31,31,31,22,22,22,22,20,20,20,20,20,20,20,20,20,20,17,17,17,17,17,17,17,17,17,17,13,31],"gold":2964,"neow_bonus":"TWO_FIFTY_GOLD","is_daily":false,"chose_seed":false,"campfire_upgraded":8,"win_rate":0.0,"timestamp":1609335282,"path_taken":["M","?","?","?","M","E","M","R","T","$","M","?","M","E","R","BOSS","M","?","$","?","?","?","R","E","T","M","E","R","M","$","R","BOSS","M","?","?","?","?","R","M","E","T","$","?","M","R","?","R","BOSS","R","$","E","BOSS"],"items_purchased_type":["Card","Relic","Relic","Card","Card","Card","Relic","Card","Relic"],"build_version":"2020-12-22","purchased_purges":4,"victory":true,"max_hp_per_floor":[35,35,35,35,35,35,35,35,35,35,35,35,35,35,35,35,35,35,35,35,40,40,40,40,40,40,40,40,40,40,40,40,40,20,20,20,20,20,20,20,20,20,20,17,17,17,17,17,17,17,17,17,17,32,37],"card_choices":[{"not_picked":["Hololive_CallAkaiHaato","Hololive_HuntDinosaur","Hololive_SoulCatcher"],"picked":"Hololive_StrengthChampion","floor":1},{"not_picked":["Hololive_HuntDinosaur","Hololive_CocoNews","Hololive_ILoveYou"],"picked":"Hololive_FlyingPonyTail","floor":5},{"not_picked":["Hololive_CallNekomataOkayu","Hololive_CallYozoraMel","Hololive_CallOmaruPolka"],"picked":"Hololive_LuckPotion","floor":6},{"not_picked":["Hololive_Breathe","Hololive_Sequa","Hololive_Trident"],"picked":"Hololive_StrengthChampion","floor":7},{"not_picked":["Hololive_CallArtia","Hololive_CallSpadeEcho","Hololive_StrengthChampion","Hololive_Nanodesu"],"picked":"SKIP","floor":11},{"not_picked":["Hololive_CallShirakamiFubuki","Hololive_Drill","Hololive_CallYogiri","Hololive_CallMurasakiShion"],"picked":"SKIP","floor":13},{"not_picked":["Hololive_CallOmaruPolka","Hololive_CallHimemoriLuna","Hololive_SummonFox"],"picked":"Hololive_Trident","floor":14},{"not_picked":["Hololive_DurableLive","Hololive_DiamondStrike","Hololive_DDD"],"picked":"Hololive_Thief","floor":16},{"not_picked":["Hololive_Trident+1","Hololive_OvertimeWork+1","Hololive_CallYozoraMel"],"picked":"Hololive_StrengthChampion+1","floor":18},{"not_picked":["Hololive_CallYuzukiChoco","Hololive_RevenueBasedLive","Hololive_CallMomosuzuNene+1","Hololive_CallSakuraMiko+1"],"picked":"SKIP","floor":25},{"not_picked":["Hololive_Psychosis+1","Hololive_Trident","Hololive_CallHimemoriLuna"],"picked":"Hololive_ILoveYou","floor":27},{"not_picked":["Hololive_OvertimeWork","Hololive_BringToTrial+1","Hololive_DevilCharm"],"picked":"Hololive_CocoNews","floor":28},{"not_picked":["Hololive_HighAtkLowDef","Hololive_HuntDinosaur+1","Hololive_Trident"],"picked":"Hololive_FlyingPonyTail","floor":30},{"not_picked":["Hololive_FlareMind","Hololive_AWSL","Hololive_DiamondStrike"],"picked":"Hololive_DDD","floor":33},{"not_picked":["Hololive_CallAkaiHaato","Hololive_FlyingPonyTail","Hololive_CallMoonaHoshinova+1","Hololive_Rebound"],"picked":"SKIP","floor":35},{"not_picked":["Hololive_SummonFox","Hololive_CallTokoyamiTowa+1","Hololive_CallUruhaRushia","Hololive_CallOkamiMio"],"picked":"SKIP","floor":36},{"not_picked":["Hololive_CallMoonaHoshinova+1","Hololive_HuntDinosaur+1","Hololive_StrengthChampion"],"picked":"Hololive_Trident","floor":39},{"not_picked":["Hololive_CallAkaiHaato+1","Hololive_Sequa+1","Hololive_RevenueBasedLive+1","Hololive_CallRoboco"],"picked":"SKIP","floor":41},{"not_picked":["Hololive_CallMoonaHoshinova","Hololive_CallOzoraSubaru","Hololive_Psychosis+1"],"picked":"Hololive_CallMinatoAqua","floor":42},{"not_picked":["Hololive_Trident","Hololive_CocoNews+1","Hololive_RevenueBasedLive"],"picked":"Hololive_FlyingPonyTail+1","floor":46},{"not_picked":["Hololive_CallCivia","Hololive_Sequa+1","Hololive_CallMurasakiShion+1","Hololive_CallFriendA+1"],"picked":"SKIP","floor":54}],"player_experience":56806,"relics_obtained":[{"floor":6,"key":"ats:Originium"},{"floor":6,"key":"Orichalcum"},{"floor":9,"key":"vexMod:BarristanHead"},{"floor":14,"key":"ats:Originium"},{"floor":14,"key":"Matryoshka"},{"floor":25,"key":"ats:Originium"},{"floor":25,"key":"testmod-Antiphasic"},{"floor":26,"key":"qcfpunch:Broken_Tusk"},{"floor":26,"key":"testmod-BouquetWithThorns"},{"floor":28,"key":"GodSword7"},{"floor":37,"key":"Lantern"},{"floor":42,"key":"GodSword3"},{"floor":43,"key":"DianPoetry"},{"floor":45,"key":"testmod-ThousandKnives"},{"floor":54,"key":"Incense Burner"}],"event_choices":[{"damage_healed":0,"gold_gain":175,"player_choice":"AGREE","damage_taken":0,"max_hp_gain":0,"max_hp_loss":0,"event_name":"Liars Game","floor":3,"gold_loss":0,"cards_obtained":["Doubt"]},{"damage_healed":0,"gold_gain":0,"player_choice":"Cursed","damage_taken":0,"max_hp_gain":0,"max_hp_loss":0,"event_name":"Wheel of Change","floor":12,"gold_loss":0,"cards_obtained":["Decay"]},{"damage_healed":0,"gold_gain":0,"player_choice":"Shed Blood","damage_taken":9,"max_hp_gain":5,"max_hp_loss":0,"event_name":"Forgotten Altar","floor":21,"gold_loss":0},{"damage_healed":0,"gold_gain":99,"player_choice":"Stole From Cult","damage_taken":0,"max_hp_gain":0,"max_hp_loss":0,"event_name":"Nest","floor":22,"gold_loss":0},{"damage_healed":0,"gold_gain":100,"player_choice":"Bet on Murderer","damage_taken":0,"max_hp_gain":0,"max_hp_loss":0,"event_name":"The Joust","floor":23,"gold_loss":50},{"cards_removed":["Hololive_Defend"],"damage_healed":0,"gold_gain":0,"player_choice":"Purged","damage_taken":0,"max_hp_gain":0,"max_hp_loss":0,"event_name":"Purifier","floor":38,"gold_loss":0},{"damage_healed":0,"gold_gain":0,"player_choice":"Fight","damage_taken":0,"max_hp_gain":0,"max_hp_loss":0,"event_name":"Mysterious Sphere","floor":45,"gold_loss":0}],"is_beta":false,"boss_relics":[{"not_picked":["AddBug","Velvet Choker"],"picked":"testmod-BloodSacrificeSpiritualization"},{"not_picked":["Runesmith:UraniumAnvil","HereWithMe"],"picked":"GuanYuAspect"}],"items_purged_floors":[4,19,31,44],"is_endless":false,"potions_floor_spawned":[5,6,7,25,27,36,46,54],"ascension_level":0}}