{"host":"5f8ute538gzudddu","time":1609300937,"event":{"mods":["BaseMod","Highlight Path","Minty Spire (QoL Compilation)","Relic Stats","StSLib"],"gold_per_floor":[109,125,125,125,136,167,167,200,200,200,233,248,274,293,293,370,370,390,403,170,170,186,213,213,213,239,239,239,269,2,21,21,98,98,111,111,1,11,11,41,41,66,66,104,119,145,172,195,195,195,195,195,195,9,46,46,46],"floor_reached":56,"playtime":2759,"items_purged":["Adaptation+1","Strike_P"],"score":2260,"play_id":"f684ad22-9911-4612-8ff7-921d64673051","local_time":"20201229200217","is_ascension_mode":true,"campfire_choices":[{"data":"Worship","floor":7.0,"key":"SMITH"},{"data":"WaveOfTheHand","floor":15.0,"key":"SMITH"},{"data":"Pray","floor":24.0,"key":"SMITH"},{"data":"RitualDagger","floor":28.0,"key":"SMITH"},{"floor":32.0,"key":"REST"},{"floor":41.0,"key":"REST"},{"floor":49.0,"key":"RECALL"},{"data":"TalkToTheHand","floor":53.0,"key":"SMITH"}],"circlet_count":0,"master_deck":["AscendersBane","Strike_P+1","Strike_P+1","Defend_P","Defend_P","Vigilance","Worship+1","WheelKick","SandsOfTime","Pray+1","Conclude+1","DeceiveReality+1","Swivel","Sanctity","WaveOfTheHand+1","Devotion","InnerPeace+1","LikeWater+1","Meditate","CutThroughFate","RitualDagger+1","ThirdEye","Consecrate","TalkToTheHand+1","EmptyMind","Evaluate+1","CrushJoints+1","Meditate+1","FlurryOfBlows","Ragnarok"],"relics":["PureWater","NeowsBlessing","Boot","TeardropLocket","Whetstone","Damaru","Bronze Scales","Bag of Preparation","Astrolabe","Blood Vial","Mango","Akabeko","MutagenicStrength","Lantern","OrangePellets","Runic Pyramid","Shuriken","White Beast Statue","CeramicFish","Art of War","Centennial Puzzle","Oddly Smooth Stone"],"acts_visited":["Exordium","TheCity","TheBeyond","TheEnding"],"potions_floor_usage":[56],"damage_taken":[{"damage":0.0,"enemies":"2 Louse","floor":1.0,"turns":1.0},{"damage":0.0,"enemies":"Small Slimes","floor":2.0,"turns":1.0},{"damage":0.0,"enemies":"Cultist","floor":5.0,"turns":1.0},{"damage":0.0,"enemies":"Gremlin Nob","floor":6.0,"turns":2.0},{"damage":10.0,"enemies":"Lagavulin","floor":8.0,"turns":5.0},{"damage":0.0,"enemies":"Gremlin Nob","floor":11.0,"turns":2.0},{"damage":0.0,"enemies":"2 Fungi Beasts","floor":12.0,"turns":3.0},{"damage":0.0,"enemies":"Lagavulin","floor":13.0,"turns":3.0},{"damage":0.0,"enemies":"Exordium Wildlife","floor":14.0,"turns":3.0},{"damage":6.0,"enemies":"Hexaghost","floor":16.0,"turns":7.0},{"damage":2.0,"enemies":"2 Thieves","floor":18.0,"turns":4.0},{"damage":0.0,"enemies":"3 Byrds","floor":19.0,"turns":2.0},{"damage":0.0,"enemies":"Snake Plant","floor":22.0,"turns":3.0},{"damage":5.0,"enemies":"Gremlin Leader","floor":23.0,"turns":3.0},{"damage":45.0,"enemies":"Slavers","floor":29.0,"turns":5.0},{"damage":4.0,"enemies":"Centurion and Healer","floor":31.0,"turns":6.0},{"damage":0.0,"enemies":"Collector","floor":33.0,"turns":6.0},{"damage":12.0,"enemies":"3 Shapes","floor":35.0,"turns":5.0},{"damage":18.0,"enemies":"3 Darklings","floor":38.0,"turns":5.0},{"damage":11.0,"enemies":"Reptomancer","floor":40.0,"turns":2.0},{"damage":14.0,"enemies":"Nemesis","floor":42.0,"turns":5.0},{"damage":13.0,"enemies":"Giant Head","floor":44.0,"turns":5.0},{"damage":0.0,"enemies":"Maw","floor":45.0,"turns":4.0},{"damage":0.0,"enemies":"4 Shapes","floor":46.0,"turns":5.0},{"damage":0.0,"enemies":"Spire Growth","floor":47.0,"turns":4.0},{"damage":10.0,"enemies":"Sphere and 2 Shapes","floor":48.0,"turns":7.0},{"damage":11.0,"enemies":"Donu and Deca","floor":50.0,"turns":7.0},{"damage":11.0,"enemies":"Time Eater","floor":51.0,"turns":6.0},{"damage":14.0,"enemies":"Shield and Spear","floor":55.0,"turns":5.0},{"damage":56,"enemies":"The Heart","floor":56,"turns":6}],"seed_played":"1479013049221827522","potions_obtained":[{"floor":1.0,"key":"StancePotion"},{"floor":2.0,"key":"AttackPotion"},{"floor":8.0,"key":"Swift Potion"},{"floor":11.0,"key":"SpeedPotion"},{"floor":16.0,"key":"SteroidPotion"},{"floor":38.0,"key":"BlessingOfTheForge"},{"floor":42.0,"key":"Ancient Potion"},{"floor":44.0,"key":"SkillPotion"},{"floor":47.0,"key":"Dexterity Potion"},{"floor":55.0,"key":"AttackPotion"}],"is_trial":false,"path_per_floor":["M","M","?","?","M","E","R","E","T","?","E","M","E","M","R","B",null,"M","M","$","?","M","E","R","?","T","?","R","E","$","M","R","B",null,"M","?","?","M","$","E","R","E","T","E","M","M","M","M","R","B","B",null,"R","$","E","B"],"character_chosen":"WATCHER","items_purchased":["Blood Vial","OrangePellets","Centennial Puzzle","FlurryOfBlows"],"campfire_rested":2,"item_purchase_floors":[20,30,54,54],"current_hp_per_floor":[61,61,50,50,50,50,50,40,40,40,40,40,40,40,40,34,60,58,58,58,72,74,71,71,65,65,65,65,22,22,20,44,46,73,63,63,63,47,47,38,62,50,50,39,41,43,45,37,37,28,19,66,66,66,54,0,0],"gold":46,"neow_bonus":"THREE_ENEMY_KILL","is_daily":false,"chose_seed":false,"campfire_upgraded":5,"win_rate":0.0,"timestamp":1609300937,"path_taken":["M","M","?","?","?","E","R","E","T","?","E","M","E","M","R","BOSS","M","M","$","?","M","E","R","?","T","?","R","E","$","M","R","BOSS","M","?","?","M","$","E","R","E","T","E","M","?","M","?","R","BOSS","BOSS","R","$","E","BOSS"],"items_purchased_type":["Relic","Relic","Relic","Card"],"build_version":"2020-12-22","purchased_purges":2,"victory":false,"max_hp_per_floor":[68,68,68,68,68,68,68,68,68,68,68,68,68,68,68,68,68,68,68,68,82,82,82,82,82,82,82,82,82,82,82,82,82,82,82,82,82,82,82,82,82,82,82,82,82,82,82,82,82,82,82,82,82,82,82,82,82],"relic_stats":{"counters":[30,123],"Astrolabe":["InnerPeace","Adaptation","LikeWater"],"CeramicFish":54,"Bag of Preparation":[44],"Whetstone":["Strike_P","Strike_P"],"Boot":[9],"Blood Vial":36,"OrangePellets":[15],"Centennial Puzzle":[6],"Shuriken":[13],"Bronze Scales":[426],"Art of War":[9],"obtain_stats":[{"Lantern":29,"NeowsBlessing":0,"Astrolabe":17,"CeramicFish":43,"Damaru":9,"Oddly Smooth Stone":55,"Mango":21,"Bag of Preparation":13,"TeardropLocket":6,"Whetstone":8,"Boot":3,"Akabeko":23,"White Beast Statue":42,"Blood Vial":20,"OrangePellets":30,"Centennial Puzzle":54,"Shuriken":40,"Bronze Scales":11,"MutagenicStrength":27,"Art of War":44,"PureWater":0,"Runic Pyramid":34},{"Lantern":15,"NeowsBlessing":0,"Astrolabe":10,"CeramicFish":21,"Damaru":5,"Oddly Smooth Stone":29,"Mango":12,"Bag of Preparation":8,"TeardropLocket":4,"Whetstone":5,"Boot":2,"Akabeko":14,"White Beast Statue":21,"Blood Vial":12,"OrangePellets":15,"Centennial Puzzle":28,"Shuriken":20,"Bronze Scales":6,"MutagenicStrength":14,"Art of War":22,"PureWater":0,"Runic Pyramid":17},{"Lantern":45,"NeowsBlessing":0,"Astrolabe":28,"CeramicFish":74,"Damaru":10,"Oddly Smooth Stone":117,"Mango":34,"Bag of Preparation":18,"TeardropLocket":5,"Whetstone":10,"Boot":2,"Akabeko":40,"White Beast Statue":74,"Blood Vial":34,"OrangePellets":45,"Centennial Puzzle":112,"Shuriken":69,"Bronze Scales":12,"MutagenicStrength":40,"Art of War":79,"PureWater":0,"Runic Pyramid":57}]},"card_choices":[{"not_picked":["Collect","WindmillStrike"],"picked":"Worship","floor":1.0},{"not_picked":["Adaptation","Evaluate"],"picked":"WheelKick","floor":2.0},{"not_picked":["SashWhip","BattleHymn"],"picked":"SandsOfTime","floor":5.0},{"not_picked":["Prostrate","Fasting2"],"picked":"Pray","floor":6.0},{"not_picked":["Crescendo","CutThroughFate"],"picked":"Conclude","floor":8.0},{"not_picked":["Blasphemy","EmptyFist"],"picked":"DeceiveReality","floor":11.0},{"not_picked":["Prostrate","SashWhip"],"picked":"Swivel","floor":12.0},{"not_picked":["FollowUp","Alpha"],"picked":"Sanctity","floor":13.0},{"not_picked":["Consecrate","EmptyMind"],"picked":"WaveOfTheHand","floor":14.0},{"not_picked":["DevaForm","Blasphemy"],"picked":"Devotion","floor":16.0},{"not_picked":["EmptyFist","EmptyBody"],"picked":"Meditate","floor":18.0},{"not_picked":["ReachHeaven","SignatureMove","Weave+1"],"picked":"SKIP","floor":19.0},{"not_picked":["WreathOfFlame","JustLucky+1","Consecrate"],"picked":"SKIP","floor":22.0},{"not_picked":["FearNoEvil","Consecrate"],"picked":"CutThroughFate","floor":23.0},{"not_picked":["FlurryOfBlows+1","EmptyBody","ClearTheMind"],"picked":"SKIP","floor":29.0},{"not_picked":["FlurryOfBlows","FearNoEvil+1","ClearTheMind"],"picked":"SKIP","floor":31.0},{"not_picked":["Evaluate+1","BowlingBash"],"picked":"ThirdEye","floor":35.0},{"not_picked":["FlurryOfBlows","BattleHymn"],"picked":"Consecrate","floor":38.0},{"not_picked":["DeusExMachina","CutThroughFate+1"],"picked":"TalkToTheHand","floor":40.0},{"not_picked":["FollowUp","Consecrate","Halt"],"picked":"SKIP","floor":42.0},{"not_picked":["FlurryOfBlows","EmptyBody"],"picked":"EmptyMind","floor":44.0},{"not_picked":["Establishment","FlurryOfBlows","FlyingSleeves"],"picked":"SKIP","floor":45.0},{"not_picked":["FlyingSleeves+1","FollowUp"],"picked":"Evaluate+1","floor":46.0},{"not_picked":["FlurryOfBlows","Crescendo"],"picked":"CrushJoints+1","floor":47.0},{"not_picked":["BowlingBash","SashWhip"],"picked":"Meditate+1","floor":48.0},{"not_picked":["ForeignInfluence+1","FollowUp"],"picked":"Ragnarok","floor":55.0}],"player_experience":927874,"relics_obtained":[{"floor":6.0,"key":"TeardropLocket"},{"floor":8.0,"key":"Whetstone"},{"floor":9.0,"key":"Damaru"},{"floor":11.0,"key":"Bronze Scales"},{"floor":13.0,"key":"Bag of Preparation"},{"floor":23.0,"key":"Akabeko"},{"floor":29.0,"key":"Lantern"},{"floor":40.0,"key":"Shuriken"},{"floor":42.0,"key":"White Beast Statue"},{"floor":43.0,"key":"CeramicFish"},{"floor":44.0,"key":"Art of War"},{"floor":55.0,"key":"Oddly Smooth Stone"}],"event_choices":[{"damage_healed":0.0,"max_hp_gain":0.0,"max_hp_loss":0.0,"gold_gain":0.0,"event_name":"Scrap Ooze","player_choice":"Success","floor":3.0,"gold_loss":0.0,"damage_taken":11.0,"relics_obtained":["Boot"]},{"cards_removed":["Eruption"],"damage_healed":0.0,"max_hp_gain":0.0,"max_hp_loss":0.0,"gold_gain":0.0,"event_name":"Bonfire Elementals","player_choice":"Offered Basic","floor":4.0,"gold_loss":0.0,"damage_taken":0.0},{"damage_healed":0.0,"max_hp_gain":0.0,"max_hp_loss":0.0,"gold_gain":0.0,"event_name":"Living Wall","player_choice":"Grow","floor":10.0,"gold_loss":0.0,"damage_taken":0.0,"cards_upgraded":["Conclude"]},{"damage_healed":0.0,"max_hp_gain":0.0,"max_hp_loss":0.0,"gold_gain":0.0,"event_name":"The Mausoleum","player_choice":"Opened","floor":21.0,"gold_loss":0.0,"damage_taken":0.0,"relics_obtained":["Mango"],"cards_obtained":["Writhe"]},{"damage_healed":0.0,"max_hp_gain":0.0,"max_hp_loss":0.0,"gold_gain":0.0,"event_name":"Nest","player_choice":"Joined the Cult","floor":25.0,"gold_loss":0.0,"damage_taken":6.0,"cards_obtained":["RitualDagger"]},{"damage_healed":0.0,"max_hp_gain":0.0,"max_hp_loss":0.0,"gold_gain":0.0,"event_name":"Drug Dealer","player_choice":"Inject Mutagens","floor":27.0,"gold_loss":0.0,"damage_taken":0.0,"relics_obtained":["MutagenicStrength"]},{"damage_healed":0.0,"max_hp_gain":0.0,"max_hp_loss":0.0,"gold_gain":0.0,"event_name":"Tomb of Lord Red Mask","player_choice":"Ignored","floor":36.0,"gold_loss":0.0,"damage_taken":0.0},{"cards_removed":["Writhe"],"damage_healed":0.0,"max_hp_gain":0.0,"max_hp_loss":0.0,"gold_gain":0.0,"event_name":"Designer","player_choice":"Upgrade and Remove","floor":37.0,"gold_loss":110.0,"damage_taken":0.0,"cards_upgraded":["DeceiveReality"]}],"is_beta":false,"boss_relics":[{"not_picked":["Pandora\u0027s Box","Calling Bell"],"picked":"Astrolabe"},{"not_picked":["Tiny House","Empty Cage"],"picked":"Runic Pyramid"}],"items_purged_floors":[20,30],"is_endless":false,"potions_floor_spawned":[1,2,8,11,13,16,19,22,23,38,42,44,45,46,47,48,55],"killed_by":"The Heart","ascension_level":20}}