{"host":"hkfd27larxvbrzdx","time":1609334997,"event":{"mods":["AchievementEnabler","BaseMod","Colored Map","Colored Powertips","DeckTracker","Minty Spire (QoL Compilation)"],"gold_per_floor":[112,34,34,51,70,70,103,103,103,103,119,119,134,160,160,260,310,277,310,235,235,247,247,247],"floor_reached":23,"playtime":1910,"items_purged":[],"score":219,"play_id":"9d0de657-1685-407c-8131-26d894573035","local_time":"20201230212957","is_ascension_mode":true,"campfire_choices":[{"data":"Noxious Fumes","floor":6,"key":"SMITH"},{"data":"Neutralize","floor":8,"key":"SMITH"},{"floor":12,"key":"REST"},{"floor":15,"key":"REST"}],"circlet_count":0,"master_deck":["Strike_G","Strike_G+1","Strike_G+1","Defend_G","Defend_G+1","Defend_G","Defend_G","Defend_G+1","Survivor","Neutralize+1","Sucker Punch+1","Noxious Fumes+1","Catalyst","Bane","Burst","Backflip","Deflect+1"],"relics":["Ring of the Snake","Whetstone","Bottled Flame","Sundial","Tiny House","Red Mask","Centennial Puzzle"],"acts_visited":["Exordium","TheCity"],"potions_floor_usage":[7,14,19],"damage_taken":[{"damage":0,"enemies":"Cultist","floor":1,"turns":5},{"damage":0,"enemies":"Jaw Worm","floor":4,"turns":4},{"damage":0,"enemies":"2 Louse","floor":5,"turns":4},{"damage":20,"enemies":"Gremlin Nob","floor":7,"turns":5},{"damage":1,"enemies":"Large Slime","floor":11,"turns":6},{"damage":24,"enemies":"Gremlin Gang","floor":13,"turns":5},{"damage":4,"enemies":"3 Sentries","floor":14,"turns":6},{"damage":42,"enemies":"Slime Boss","floor":16,"turns":12},{"damage":26,"enemies":"2 Thieves","floor":18,"turns":5},{"damage":63,"enemies":"Masked Bandits","floor":19,"turns":6},{"damage":6,"enemies":"Shell Parasite","floor":22,"turns":8},{"damage":19,"enemies":"Slavers","floor":23,"turns":3}],"seed_played":"4341222914179061245","potions_obtained":[{"floor":5,"key":"Fire Potion"},{"floor":11,"key":"FairyPotion"},{"floor":13,"key":"GamblersBrew"},{"floor":17,"key":"SkillPotion"},{"floor":18,"key":"SteroidPotion"}],"is_trial":false,"path_per_floor":["M","$","?","M","M","R","E","R","T","?","M","R","M","E","R","B",null,"M","?","?","?","M","E"],"character_chosen":"THE_SILENT","items_purchased":["Noxious Fumes"],"campfire_rested":2,"item_purchase_floors":[2],"current_hp_per_floor":[77,77,70,70,70,70,50,50,50,35,34,57,33,29,52,10,82,56,24,24,24,18,0,0],"gold":247,"neow_bonus":"TEN_PERCENT_HP_BONUS","is_daily":false,"chose_seed":false,"campfire_upgraded":2,"win_rate":0.0,"timestamp":1609334997,"path_taken":["M","$","?","M","M","R","E","R","T","?","M","R","M","E","R","BOSS","M","?","?","?","?","E"],"items_purchased_type":["Card"],"build_version":"2020-12-22","purchased_purges":0,"victory":false,"max_hp_per_floor":[77,77,77,77,77,77,77,77,77,77,77,77,77,77,77,77,82,82,82,82,82,82,82,82],"card_choices":[{"not_picked":["Backflip","Slice"],"picked":"Sucker Punch","floor":1},{"not_picked":["Deflect","Choke"],"picked":"Catalyst","floor":4},{"not_picked":["Well Laid Plans","Blade Dance","Prepared"],"picked":"SKIP","floor":5},{"not_picked":["Prepared","Masterful Stab","Expertise"],"picked":"SKIP","floor":7},{"not_picked":["Storm of Steel","Sucker Punch"],"picked":"Bane","floor":11},{"not_picked":["Bane","Noxious Fumes","PiercingWail"],"picked":"SKIP","floor":13},{"not_picked":["Cloak And Dagger","Acrobatics","Predator"],"picked":"SKIP","floor":14},{"not_picked":["Unload","Envenom"],"picked":"Burst","floor":16},{"not_picked":["Skewer","Sucker Punch"],"picked":"Backflip","floor":17},{"not_picked":["Deadly Poison","Bane+1"],"picked":"Deflect+1","floor":18},{"not_picked":["Tactician","Acrobatics+1","Cloak And Dagger"],"picked":"SKIP","floor":22}],"player_experience":155609,"relics_obtained":[{"floor":7,"key":"Whetstone"},{"floor":9,"key":"Bottled Flame"},{"floor":14,"key":"Sundial"},{"floor":19,"key":"Red Mask"}],"event_choices":[{"cards_removed":["Strike_G"],"damage_healed":0,"gold_gain":0,"player_choice":"Card Removal","damage_taken":7,"max_hp_gain":0,"max_hp_loss":0,"event_name":"Golden Wing","floor":3,"gold_loss":0},{"damage_healed":0,"gold_gain":0,"player_choice":"Entered Light","damage_taken":15,"max_hp_gain":0,"max_hp_loss":0,"event_name":"Shining Light","floor":10,"gold_loss":0,"cards_upgraded":["Defend_G","Defend_G"]},{"damage_healed":0,"gold_gain":0,"player_choice":"Fought Bandits","damage_taken":0,"max_hp_gain":0,"max_hp_loss":0,"event_name":"Masked Bandits","floor":19,"gold_loss":0},{"cards_removed":["Strike_G"],"damage_healed":0,"gold_gain":0,"player_choice":"Gave Gold","damage_taken":0,"max_hp_gain":0,"max_hp_loss":0,"event_name":"Beggar","floor":20,"gold_loss":75},{"damage_healed":0,"gold_gain":0,"player_choice":"Gave Potion","damage_taken":0,"relics_obtained":["Centennial Puzzle"],"max_hp_gain":0,"max_hp_loss":0,"event_name":"WeMeetAgain","floor":21,"gold_loss":0}],"is_beta":false,"boss_relics":[{"not_picked":["Runic Dome","Calling Bell"],"picked":"Tiny House"}],"items_purged_floors":[],"is_endless":false,"potions_floor_spawned":[5,11,13,18],"killed_by":"Slavers","ascension_level":2}}