{"host":"ec09novo68szpe7d","time":1609290128,"event":{"mods":["AchievementEnabler","BaseMod","Bestiary","Minty Spire (QoL Compilation)","StSLib"],"gold_per_floor":[116,291,307,307,327,355,355,390,390,406,71,91,91,91,91,190,190,209,223,285,303,64,114,164,224,224,240,290,323,323,335,335,437,437,452,502,598,648,664,664,681,716,752,837,899,911,937,984,996,1008,1008],"floor_reached":50,"playtime":3488,"items_purged":["Strike_P"],"score":737,"play_id":"18b9231e-dd04-41f1-9c83-65e33442c1ab","local_time":"20201230020208","is_ascension_mode":true,"campfire_choices":[{"data":"Vault","floor":7.0,"key":"SMITH"},{"data":"FlurryOfBlows","floor":13,"key":"SMITH"},{"floor":15,"key":"REST"},{"data":"WindmillStrike","floor":30,"key":"SMITH"},{"data":"Vault","floor":32,"key":"SMITH"},{"data":"FlurryOfBlows","floor":40,"key":"SMITH"},{"floor":46,"key":"RECALL"},{"data":"FlurryOfBlows","floor":49,"key":"SMITH"}],"circlet_count":0,"master_deck":["Strike_P","Strike_P","Defend_P","Defend_P","Defend_P","Defend_P","Eruption","Vigilance","Conclude","Doubt","Halt","Vault+1","FollowUp","SandsOfTime","FlurryOfBlows+1","FlurryOfBlows+1","Vault+1","ClearTheMind+1","TalkToTheHand+1","EmptyMind+1","Evaluate+1","FlurryOfBlows","Crescendo+1","WindmillStrike+1","WindmillStrike+1","Tantrum","LessonLearned","CutThroughFate+1","FlurryOfBlows+1","Madness","Protect+1","FlurryOfBlows+1","Collect","Protect+1","CutThroughFate+1"],"relics":["PureWater","NeowsBlessing","Art of War","Question Card","Bronze Scales","Bottled Flame","SsserpentHead","Sozu","Tiny Chest","ClockworkSouvenir","Blue Candle","Mercury Hourglass","Anchor","Happy Flower","SlaversCollar","GoldenEye","MawBank","Strawberry","Letter Opener"],"acts_visited":["Exordium","TheCity","TheBeyond"],"potions_floor_usage":[16],"damage_taken":[{"damage":0.0,"enemies":"2 Louse","floor":1.0,"turns":1.0},{"damage":0.0,"enemies":"Small Slimes","floor":3.0,"turns":1.0},{"damage":0.0,"enemies":"Jaw Worm","floor":5.0,"turns":1.0},{"damage":17.0,"enemies":"3 Sentries","floor":6.0,"turns":6.0},{"damage":19,"enemies":"Gremlin Nob","floor":8,"turns":4},{"damage":0,"enemies":"Blue Slaver","floor":10,"turns":3},{"damage":8,"enemies":"Lots of Slimes","floor":12,"turns":2},{"damage":0,"enemies":"Slime Boss","floor":16,"turns":6},{"damage":0,"enemies":"3 Byrds","floor":18,"turns":3},{"damage":0,"enemies":"Shell Parasite","floor":19,"turns":2},{"damage":0,"enemies":"Centurion and Healer","floor":20,"turns":6},{"damage":0,"enemies":"Cultist and Chosen","floor":21,"turns":5},{"damage":5,"enemies":"Chosen and Byrds","floor":25,"turns":5},{"damage":0,"enemies":"Centurion and Healer","floor":27,"turns":6},{"damage":28,"enemies":"Slavers","floor":29,"turns":4},{"damage":0,"enemies":"Cultist and Chosen","floor":31,"turns":5},{"damage":18,"enemies":"Collector","floor":33,"turns":7},{"damage":6,"enemies":"3 Darklings","floor":35,"turns":4},{"damage":10,"enemies":"2 Orb Walkers","floor":37,"turns":4},{"damage":0,"enemies":"Orb Walker","floor":39,"turns":2},{"damage":0,"enemies":"4 Shapes","floor":41,"turns":4},{"damage":39,"enemies":"Nemesis","floor":42,"turns":6},{"damage":6,"enemies":"Sphere and 2 Shapes","floor":47,"turns":3},{"damage":0,"enemies":"Giant Head","floor":48,"turns":9},{"damage":64,"enemies":"Awakened One","floor":50,"turns":10}],"seed_played":"4857014620153967382","potions_obtained":[{"floor":1.0,"key":"PowerPotion"},{"floor":8,"key":"Dexterity Potion"}],"is_trial":false,"path_per_floor":["M","?","M","?","M","E","R","E","T","M","$","M","R","?","R","B",null,"M","M","M","M","$","?","T","M","T","M","T","E","R","M","R","B",null,"M","?","?","?","M","R","M","E","T","T","?","R","M","E","R","B"],"character_chosen":"WATCHER","items_purchased":["Bottled Flame","Tiny Chest","ClockworkSouvenir"],"campfire_rested":1,"item_purchase_floors":[11,22,22],"current_hp_per_floor":[72,72,72,72,72,55,55,36,36,36,36,28,28,28,49,49,72,72,72,72,72,72,72,72,67,67,67,67,39,39,39,39,21,72,66,66,56,56,56,56,56,17,24,24,69,69,63,63,63,0,0],"gold":1008,"neow_bonus":"THREE_ENEMY_KILL","is_daily":false,"chose_seed":false,"campfire_upgraded":6,"win_rate":0.0,"timestamp":1609290128,"path_taken":["M","?","M","?","?","E","R","E","T","M","$","M","R","?","R","BOSS","M","M","?","M","?","?","?","?","T","M","?","E","R","M","R","BOSS","M","?","?","?","M","R","M","E","T","?","?","R","M","E","R","BOSS"],"items_purchased_type":["Relic","Relic","Relic"],"build_version":"2020-12-22","purchased_purges":1,"victory":false,"max_hp_per_floor":[72,72,72,72,72,72,72,72,72,72,72,72,72,72,72,72,72,72,72,72,72,72,72,72,72,72,72,72,72,72,72,72,72,72,72,72,72,72,72,72,72,72,79,79,69,69,69,69,69,69,69],"card_choices":[{"not_picked":["Wallop","Pray"],"picked":"Conclude","floor":1.0},{"not_picked":["Evaluate","BowlingBash"],"picked":"Halt","floor":3.0},{"not_picked":["Halt","JustLucky"],"picked":"FollowUp","floor":5.0},{"not_picked":["Swivel","ReachHeaven"],"picked":"LikeWater","floor":6.0},{"not_picked":["ThirdEye","DeceiveReality"],"picked":"SandsOfTime","floor":8},{"not_picked":["ThirdEye","PathToVictory","Evaluate"],"picked":"FlurryOfBlows","floor":10},{"not_picked":["SandsOfTime","Evaluate","MasterReality"],"picked":"FlurryOfBlows","floor":12},{"not_picked":["Ragnarok","Establishment","Brilliance"],"picked":"Vault","floor":16},{"not_picked":["Adaptation","Prostrate+1","Pray"],"picked":"ClearTheMind","floor":18},{"not_picked":["JustLucky","SashWhip+1","CutThroughFate+1"],"picked":"TalkToTheHand+1","floor":19},{"not_picked":["Adaptation","Halt+1","ReachHeaven"],"picked":"EmptyMind+1","floor":20},{"not_picked":["ThirdEye","SignatureMove","Adaptation"],"picked":"Evaluate+1","floor":21},{"not_picked":["EmptyMind","FlyingSleeves","Vengeance+1"],"picked":"Crescendo+1","floor":25},{"not_picked":["ConjureBlade","ForeignInfluence+1","LikeWater"],"picked":"WindmillStrike","floor":27},{"not_picked":["Evaluate","Prostrate","CrushJoints"],"picked":"WindmillStrike","floor":29},{"not_picked":["Consecrate","EmptyBody","WheelKick"],"picked":"Tantrum","floor":31},{"not_picked":["Devotion","Ragnarok","DevaForm"],"picked":"LessonLearned","floor":33},{"not_picked":["Crescendo","EmptyBody","SashWhip+1"],"picked":"CutThroughFate+1","floor":35},{"not_picked":["WindmillStrike+1","Tantrum","EmptyBody"],"picked":"FlurryOfBlows","floor":37},{"not_picked":["Sadistic Nature","Blind","Thinking Ahead"],"picked":"Madness","floor":38},{"not_picked":["BattleHymn","SashWhip+1","Consecrate"],"picked":"Protect+1","floor":39},{"not_picked":["Consecrate","SignatureMove","Pray+1"],"picked":"FlurryOfBlows","floor":41},{"not_picked":["Devotion","CrushJoints+1","FollowUp"],"picked":"Collect","floor":42},{"not_picked":["JustLucky+1","EmptyMind","Tantrum"],"picked":"Protect+1","floor":47},{"not_picked":["WaveOfTheHand+1","Devotion","Consecrate+1"],"picked":"CutThroughFate+1","floor":48}],"player_experience":234059,"relics_obtained":[{"floor":6.0,"key":"Art of War"},{"floor":8,"key":"Question Card"},{"floor":9,"key":"Bronze Scales"},{"floor":24,"key":"Blue Candle"},{"floor":26,"key":"Mercury Hourglass"},{"floor":28,"key":"Anchor"},{"floor":29,"key":"Happy Flower"},{"floor":37,"key":"GoldenEye"},{"floor":42,"key":"MawBank"},{"floor":43,"key":"Strawberry"},{"floor":48,"key":"Letter Opener"}],"event_choices":[{"damage_healed":0.0,"max_hp_gain":0.0,"max_hp_loss":0.0,"gold_gain":175.0,"event_name":"Liars Game","player_choice":"AGREE","floor":2.0,"gold_loss":0.0,"damage_taken":0.0,"cards_obtained":["Doubt"]},{"damage_healed":0.0,"max_hp_gain":0.0,"max_hp_loss":0.0,"gold_gain":0.0,"cards_transformed":["Strike_P"],"event_name":"Living Wall","player_choice":"Change","floor":4.0,"gold_loss":0.0,"damage_taken":0.0,"cards_obtained":["Vault"]},{"damage_healed":0,"gold_gain":0,"player_choice":"Trade","damage_taken":0,"relics_obtained":["SsserpentHead"],"max_hp_gain":0,"max_hp_loss":0,"event_name":"FaceTrader","floor":14,"gold_loss":0},{"damage_healed":0,"gold_gain":0,"player_choice":"Read","damage_taken":0,"max_hp_gain":0,"max_hp_loss":0,"event_name":"The Library","floor":23,"gold_loss":0,"cards_obtained":["FlurryOfBlows"]},{"cards_removed":["LikeWater"],"damage_healed":0,"gold_gain":0,"player_choice":"Removed Power","damage_taken":0,"max_hp_gain":0,"max_hp_loss":0,"event_name":"Falling","floor":36,"gold_loss":0},{"damage_healed":0,"gold_gain":0,"player_choice":"Fight","damage_taken":0,"max_hp_gain":0,"max_hp_loss":0,"event_name":"Mysterious Sphere","floor":37,"gold_loss":0},{"damage_healed":0,"gold_gain":0,"player_choice":"Memory 1","damage_taken":0,"max_hp_gain":0,"max_hp_loss":0,"event_name":"SensoryStone","floor":38,"gold_loss":0},{"damage_healed":69,"gold_gain":0,"player_choice":"Heal","damage_taken":0,"max_hp_gain":0,"max_hp_loss":10,"event_name":"The Moai Head","floor":45,"gold_loss":0}],"is_beta":false,"boss_relics":[{"not_picked":["Black Star","Calling Bell"],"picked":"Sozu"},{"not_picked":["SacredBark","Cursed Key"],"picked":"SlaversCollar"}],"items_purged_floors":[11],"is_endless":false,"potions_floor_spawned":[1,8,20,21,27,33,35,37,39,41],"killed_by":"Awakened One","ascension_level":1}}