{"host":"w5ovz9boloi14a0g","time":1609305717,"event":{"mods":["BaseMod","Googly Eyes","Minty Spire (QoL Compilation)","StSLib","SuperFastMode"],"gold_per_floor":[114,125,300,300,332,344,384,409,446,485,513,525,537,577,589,705,717,745,769,781,718,469,497,515,515,515,543,543,555,567,579,579,579,579],"floor_reached":33,"playtime":722,"items_purged":[],"score":347,"play_id":"d8e6f983-0295-401c-9af3-4ceecd6fc528","local_time":"20201229232157","is_ascension_mode":true,"campfire_choices":[{"data":"Dualcast","floor":6,"key":"SMITH"},{"floor":13,"key":"REST"},{"floor":15,"key":"REST"},{"floor":25,"key":"REST"},{"floor":28,"key":"REST"},{"floor":32,"key":"REST"}],"circlet_count":0,"master_deck":["Strike_B","Strike_B","Strike_B","Strike_B","Defend_B","Defend_B","Defend_B","Defend_B","Zap","Dualcast+1","Doom and Gloom","Scrape","FTL","Go for the Eyes+1"],"relics":["Busted Crown","MawBank","Art of War","Bronze Scales","Kunai","Orichalcum","Anchor","SlaversCollar","Pear","Matryoshka","Molten Egg 2","Frozen Egg 2","CaptainsWheel"],"acts_visited":["Exordium","TheCity"],"potions_floor_usage":[16],"damage_taken":[{"damage":0,"enemies":"Cultist","floor":1,"turns":3},{"damage":0,"enemies":"2 Louse","floor":2,"turns":2},{"damage":7,"enemies":"Small Slimes","floor":5,"turns":3},{"damage":18,"enemies":"3 Sentries","floor":7,"turns":4},{"damage":0,"enemies":"Exordium Wildlife","floor":8,"turns":2},{"damage":21,"enemies":"Gremlin Nob","floor":10,"turns":4},{"damage":5,"enemies":"Looter","floor":11,"turns":3},{"damage":20,"enemies":"3 Sentries","floor":14,"turns":4},{"damage":41,"enemies":"The Guardian","floor":16,"turns":10},{"damage":2,"enemies":"3 Byrds","floor":18,"turns":2},{"damage":3,"enemies":"Chosen","floor":19,"turns":4},{"damage":15,"enemies":"Gremlin Leader","floor":23,"turns":6},{"damage":26,"enemies":"Snake Plant","floor":24,"turns":4},{"damage":32,"enemies":"Book of Stabbing","floor":27,"turns":5},{"damage":11,"enemies":"3 Cultists","floor":29,"turns":4},{"damage":9,"enemies":"Shelled Parasite and Fungi","floor":30,"turns":5},{"damage":0,"enemies":"Sentry and Sphere","floor":31,"turns":4},{"damage":73,"enemies":"Automaton","floor":33,"turns":6}],"seed_played":"-7809356709042375037","potions_obtained":[{"floor":1,"key":"DistilledChaos"},{"floor":2,"key":"SpeedPotion"},{"floor":10,"key":"Block Potion"},{"floor":16,"key":"Block Potion"},{"floor":19,"key":"Energy Potion"}],"is_trial":false,"path_per_floor":["M","M","?","?","M","R","E","M","T","E","M","?","R","E","R","B",null,"M","M","?","?","$","E","M","R","T","E","R","M","M","M","R","B"],"character_chosen":"DEFECT","items_purchased":["Pear"],"campfire_rested":5,"item_purchase_floors":[22],"current_hp_per_floor":[75,75,75,75,68,68,50,50,50,29,24,21,43,23,45,4,75,73,70,56,56,66,51,25,52,52,20,47,36,27,27,54,0,0],"gold":579,"neow_bonus":"BOSS_RELIC","is_daily":false,"chose_seed":false,"campfire_upgraded":1,"win_rate":0.0,"timestamp":1609305717,"path_taken":["M","M","?","?","?","R","E","M","T","E","M","?","R","E","R","BOSS","M","M","?","?","$","E","M","R","T","E","R","M","M","M","R","BOSS"],"items_purchased_type":["Relic"],"build_version":"2020-12-22","purchased_purges":0,"victory":false,"max_hp_per_floor":[75,75,75,75,75,75,75,75,75,75,75,75,75,75,75,75,75,75,75,80,80,90,90,90,90,90,90,90,90,90,90,90,90,90],"card_choices":[{"not_picked":[],"picked":"Doom and Gloom","floor":1},{"not_picked":["Hologram"],"picked":"SKIP","floor":2},{"not_picked":["Storm"],"picked":"SKIP","floor":5},{"not_picked":[],"picked":"Scrape","floor":7},{"not_picked":["Barrage"],"picked":"SKIP","floor":8},{"not_picked":["Reinforced Body"],"picked":"SKIP","floor":10},{"not_picked":["Hologram"],"picked":"SKIP","floor":11},{"not_picked":[],"picked":"FTL","floor":14},{"not_picked":["Auto Shields"],"picked":"SKIP","floor":18},{"not_picked":["Tempest"],"picked":"SKIP","floor":19},{"not_picked":["Scrape"],"picked":"SKIP","floor":23},{"not_picked":["Recycle+1"],"picked":"SKIP","floor":24},{"not_picked":["Stack+1"],"picked":"SKIP","floor":27},{"not_picked":["Redo"],"picked":"SKIP","floor":29},{"not_picked":[],"picked":"Go for the Eyes+1","floor":30},{"not_picked":["Go for the Eyes+1"],"picked":"SKIP","floor":31}],"player_experience":43147,"relics_obtained":[{"floor":7,"key":"Art of War"},{"floor":9,"key":"Bronze Scales"},{"floor":10,"key":"Kunai"},{"floor":14,"key":"Anchor"},{"floor":23,"key":"Matryoshka"},{"floor":26,"key":"Molten Egg 2"},{"floor":26,"key":"Frozen Egg 2"},{"floor":27,"key":"CaptainsWheel"}],"event_choices":[{"damage_healed":0,"gold_gain":175,"player_choice":"AGREE","damage_taken":0,"max_hp_gain":0,"max_hp_loss":0,"event_name":"Liars Game","floor":3,"gold_loss":0,"cards_obtained":["Doubt"]},{"damage_healed":0,"gold_gain":0,"player_choice":"Gave Potion","damage_taken":0,"relics_obtained":["MawBank"],"max_hp_gain":0,"max_hp_loss":0,"event_name":"WeMeetAgain","floor":4,"gold_loss":0},{"damage_healed":0,"gold_gain":0,"player_choice":"Success","damage_taken":3,"relics_obtained":["Orichalcum"],"max_hp_gain":0,"max_hp_loss":0,"event_name":"Scrap Ooze","floor":12,"gold_loss":0},{"damage_healed":0,"gold_gain":0,"player_choice":"Shed Blood","damage_taken":19,"max_hp_gain":5,"max_hp_loss":0,"event_name":"Forgotten Altar","floor":20,"gold_loss":0},{"cards_removed":["Doubt"],"damage_healed":0,"gold_gain":0,"player_choice":"Gave Gold","damage_taken":0,"max_hp_gain":0,"max_hp_loss":0,"event_name":"Beggar","floor":21,"gold_loss":75}],"is_beta":false,"boss_relics":[{"not_picked":["Empty Cage","Ectoplasm"],"picked":"SlaversCollar"}],"items_purged_floors":[],"is_endless":false,"potions_floor_spawned":[1,2,10,16,19,24,29,30],"killed_by":"Automaton","ascension_level":1}}