{"host":"vucub2jtaeo9vgh1","time":1609336384,"event":{"mods":["BaseMod","BetterRewards","Minty Spire (QoL Compilation)","Quick Restart","StSLib","The Marked"],"gold_per_floor":[20,195,209,228,228,228,256,119,119,119,136,136,153,168,168,267,267,286,286,286,112,131,131,165,165,165,178,197,222,233,233,233,330,330,343,397,94,94,113,146,146,160,160,160,177,209,209,69,69,69],"floor_reached":51,"playtime":1394,"items_purged":["theMarked:Strike","Doubt","theMarked:Strike","theMarked:Strike","theMarked:SoldierOfQuellstein"],"score":970,"play_id":"1aeebbe8-a00a-48c3-bd20-ef1928eed7ce","local_time":"20201230145304","is_ascension_mode":false,"campfire_choices":[{"data":"theMarked:Defy","floor":6.0,"key":"SMITH"},{"floor":10.0,"key":"REST"},{"floor":12.0,"key":"REST"},{"floor":15.0,"key":"REST"},{"floor":23.0,"key":"REST"},{"floor":25.0,"key":"REST"},{"data":"theMarked:BanishingWave","floor":32.0,"key":"SMITH"},{"floor":41,"key":"DIG"},{"floor":44,"key":"DIG"},{"floor":49,"key":"DIG"}],"circlet_count":0,"master_deck":["theMarked:Strike+1","theMarked:Defend","theMarked:Defend","theMarked:Defend","theMarked:Defend","theMarked:DeterminationOfTheMarked","theMarked:Defy+1","theMarked:RogueSparks+1","theMarked:Seal+1","theMarked:RepellingDischarge+1","theMarked:EternalStudent+1","theMarked:BanishingWave+1","theMarked:WardOff+1","theMarked:TakeOffHeels+1","theMarked:HeightenedSenses+1","Necronomicurse","theMarked:WardOff+1","theMarked:BindingBlade+1","theMarked:MysticalArsenal+1","Parasite","theMarked:WardOff+1"],"relics":["theMarked:ArtifactOfAir","Calipers","Frozen Egg 2","Toxic Egg 2","Girya","Pen Nib","Bottled Lightning","theMarked:Eyepatch","Necronomicon","Shovel","PreservedInsect","Meat on the Bone","White Beast Statue","MutagenicStrength","Sozu","Mango","Bag of Preparation","Whetstone","The Courier","Shuriken","Ice Cream","CeramicFish","InkBottle"],"acts_visited":["Exordium","TheCity","TheBeyond"],"potions_floor_usage":[],"damage_taken":[{"damage":0.0,"enemies":"Small Slimes","floor":1.0,"turns":3.0},{"damage":3.0,"enemies":"Jaw Worm","floor":3.0,"turns":4.0},{"damage":1.0,"enemies":"Cultist","floor":4.0,"turns":4.0},{"damage":26.0,"enemies":"3 Sentries","floor":7.0,"turns":6.0},{"damage":8.0,"enemies":"2 Fungi Beasts","floor":11.0,"turns":3.0},{"damage":10.0,"enemies":"Exordium Thugs","floor":13.0,"turns":2.0},{"damage":4.0,"enemies":"Blue Slaver","floor":14.0,"turns":3.0},{"damage":26.0,"enemies":"Hexaghost","floor":16.0,"turns":6.0},{"damage":30.0,"enemies":"2 Thieves","floor":18.0,"turns":3.0},{"damage":5.0,"enemies":"Shell Parasite","floor":22.0,"turns":3.0},{"damage":18.0,"enemies":"Slavers","floor":24.0,"turns":2.0},{"damage":0.0,"enemies":"Snake Plant","floor":27.0,"turns":1.0},{"damage":0.0,"enemies":"Cultist and Chosen","floor":28.0,"turns":3.0},{"damage":13.0,"enemies":"Book of Stabbing","floor":29.0,"turns":4.0},{"damage":0.0,"enemies":"Snecko","floor":30.0,"turns":3.0},{"damage":29.0,"enemies":"Automaton","floor":33.0,"turns":8.0},{"damage":0.0,"enemies":"3 Shapes","floor":35.0,"turns":2.0},{"damage":1.0,"enemies":"2 Orb Walkers","floor":36.0,"turns":2.0},{"damage":0.0,"enemies":"Orb Walker","floor":39.0,"turns":1.0},{"damage":1,"enemies":"Nemesis","floor":40,"turns":4},{"damage":17,"enemies":"Transient","floor":42,"turns":5},{"damage":0,"enemies":"Writhing Mass","floor":45,"turns":2},{"damage":0,"enemies":"Reptomancer","floor":46,"turns":2},{"damage":33,"enemies":"Time Eater","floor":50,"turns":5}],"seed_played":"7177060536315460729","potions_obtained":[{"floor":3.0,"key":"ColorlessPotion"},{"floor":5.0,"key":"CultistPotion"},{"floor":5.0,"key":"CultistPotion"},{"floor":13.0,"key":"SkillPotion"},{"floor":16.0,"key":"FearPotion"},{"floor":22.0,"key":"SteroidPotion"},{"floor":30.0,"key":"SpeedPotion"},{"floor":33.0,"key":"Energy Potion"}],"is_trial":false,"path_per_floor":["M","?","M","M","?","R","E","$","T","R","M","R","M","M","R","B",null,"M","?","T","$","M","R","E","R","T","M","M","E","M","?","R","B",null,"M","?","$","?","M","E","R","M","T","R","M","E","?","$","R","B",null],"character_chosen":"THE_DEFAULT","items_purchased":["theMarked:DeterminationOfTheMarked","Frozen Egg 2","Toxic Egg 2","theMarked:BanishingWave","AttackPotion","Bag of Preparation"],"campfire_rested":5,"item_purchase_floors":[0,0,0,8,21,37],"current_hp_per_floor":[38,38,35,34,34,34,8,8,8,29,21,42,32,28,49,23,70,40,24,24,24,19,40,22,43,43,43,43,42,42,42,42,25,70,70,83,83,83,83,82,82,65,65,65,65,65,65,65,65,44],"gold":69,"neow_bonus":"","is_daily":false,"chose_seed":false,"campfire_upgraded":2,"win_rate":0.0,"timestamp":1609336384,"path_taken":["M","?","M","M","?","R","E","$","T","R","?","R","M","M","R","BOSS","M","?","?","$","M","R","E","R","T","M","M","E","M","?","R","BOSS","M","?","$","?","M","E","R","M","T","R","M","E","?","$","R","BOSS"],"items_purchased_type":["Card","Relic","Relic","Card","Potion","Relic"],"build_version":"2020-12-22","purchased_purges":5,"victory":true,"max_hp_per_floor":[70,70,70,70,70,70,70,70,70,70,70,70,70,70,70,70,70,70,70,70,70,70,70,70,70,70,70,70,70,70,70,70,70,70,70,84,84,84,84,84,84,84,84,84,84,84,84,84,84,84],"card_choices":[{"not_picked":["theMarked:ResourceFulStrike","theMarked:Static+1"],"picked":"theMarked:RogueSparks+1","floor":1.0},{"not_picked":["theMarked:WastefulDefense+1","theMarked:Parkour"],"picked":"theMarked:Seal+1","floor":3.0},{"not_picked":["theMarked:WastefulDefense+1","theMarked:ElectricStrings"],"picked":"theMarked:RepellingDischarge+1","floor":4.0},{"not_picked":["theMarked:ContemptForTheProud","theMarked:ReduceFriction+1"],"picked":"theMarked:EternalStudent+1","floor":7.0},{"not_picked":["theMarked:KeepCalmAndFightOn","theMarked:EnhanceMovement+1","theMarked:ReduceFriction+1"],"picked":"SKIP","floor":11.0},{"not_picked":["theMarked:HeightenedSenses+1","theMarked:Frustration"],"picked":"theMarked:WardOff+1","floor":13.0},{"not_picked":["theMarked:HeightenedSenses+1","theMarked:ReduceFriction+1","theMarked:ResourceFulStrike"],"picked":"SKIP","floor":14.0},{"not_picked":["theMarked:Snap","theMarked:UnarmedFury"],"picked":"theMarked:TakeOffHeels+1","floor":16.0},{"not_picked":["theMarked:Improvise+1","theMarked:Electrocute+1"],"picked":"theMarked:HeightenedSenses+1","floor":18.0},{"not_picked":["theMarked:Improvise+1","theMarked:Panic+1","theMarked:HeightenedSenses+1"],"picked":"SKIP","floor":22.0},{"not_picked":["theMarked:Generate+1","theMarked:ResourceFulStrike"],"picked":"theMarked:WardOff+1","floor":24.0},{"not_picked":["theMarked:ShockingTouch","theMarked:TunnelVision","theMarked:Parkour"],"picked":"SKIP","floor":27.0},{"not_picked":["theMarked:Static+1","theMarked:ChainLightning","theMarked:TunnelVision"],"picked":"SKIP","floor":28.0},{"not_picked":["theMarked:Improvise+1","theMarked:LightningStrikesTwice","theMarked:Opportunist+1"],"picked":"SKIP","floor":29.0},{"not_picked":["theMarked:RepellingDischarge+1","theMarked:Electrocute+1"],"picked":"theMarked:BindingBlade+1","floor":30.0},{"not_picked":["theMarked:ElectricStrings","theMarked:Parkour+1","theMarked:GodGivenPower+1"],"picked":"SKIP","floor":35.0},{"not_picked":["theMarked:ChainLightning","theMarked:RepellingDischarge+1"],"picked":"theMarked:MysticalArsenal+1","floor":39.0},{"not_picked":["theMarked:RepellingDischarge+1","theMarked:Challenge+1","theMarked:Parkour"],"picked":"SKIP","floor":40},{"not_picked":["theMarked:Frustration+1","theMarked:Generate+1","theMarked:Opportunist+1"],"picked":"SKIP","floor":42},{"not_picked":["theMarked:Parkour+1","theMarked:BanishingStrike"],"picked":"theMarked:WardOff+1","floor":45},{"not_picked":["theMarked:Panic+1","theMarked:GodGivenPower+1","theMarked:RepellingDischarge+1"],"picked":"SKIP","floor":46}],"player_experience":266836,"relics_obtained":[{"floor":7.0,"key":"Pen Nib"},{"floor":9.0,"key":"Bottled Lightning"},{"floor":19.0,"key":"Necronomicon"},{"floor":20.0,"key":"Shovel"},{"floor":24.0,"key":"PreservedInsect"},{"floor":26.0,"key":"Meat on the Bone"},{"floor":29.0,"key":"White Beast Statue"},{"floor":36.0,"key":"Mango"},{"floor":40,"key":"Whetstone"},{"floor":41,"key":"The Courier"},{"floor":43,"key":"Shuriken"},{"floor":44,"key":"Ice Cream"},{"floor":46,"key":"CeramicFish"},{"floor":49,"key":"InkBottle"}],"event_choices":[{"damage_healed":0.0,"max_hp_gain":0.0,"max_hp_loss":0.0,"gold_gain":175.0,"event_name":"Liars Game","player_choice":"AGREE","floor":2.0,"gold_loss":0.0,"damage_taken":0.0,"cards_obtained":["Doubt"]},{"damage_healed":0.0,"max_hp_gain":0.0,"max_hp_loss":0.0,"gold_gain":0.0,"event_name":"Lab","player_choice":"Got Potions","floor":5.0,"gold_loss":0.0,"damage_taken":0.0},{"damage_healed":0.0,"max_hp_gain":0.0,"max_hp_loss":0.0,"gold_gain":0.0,"event_name":"Cursed Tome","player_choice":"Obtained Book","floor":19.0,"gold_loss":0.0,"damage_taken":16.0},{"damage_healed":0.0,"max_hp_gain":0.0,"max_hp_loss":0.0,"gold_gain":0.0,"event_name":"Drug Dealer","player_choice":"Inject Mutagens","floor":31.0,"gold_loss":0.0,"damage_taken":0.0,"relics_obtained":["MutagenicStrength"]},{"damage_healed":0.0,"max_hp_gain":0.0,"max_hp_loss":0.0,"gold_gain":0.0,"event_name":"Mysterious Sphere","player_choice":"Fight","floor":36.0,"gold_loss":0.0,"damage_taken":0.0},{"damage_healed":0.0,"max_hp_gain":0.0,"max_hp_loss":0.0,"gold_gain":0.0,"event_name":"SensoryStone","player_choice":"Memory 1","floor":38.0,"gold_loss":0.0,"damage_taken":0.0},{"damage_healed":0,"gold_gain":0,"player_choice":"Ignored","damage_taken":0,"max_hp_gain":0,"max_hp_loss":0,"event_name":"Tomb of Lord Red Mask","floor":47,"gold_loss":0}],"is_beta":false,"boss_relics":[{"not_picked":["Pandora\u0027s Box","Runic Pyramid"],"picked":"theMarked:Eyepatch"},{"not_picked":["Astrolabe","Empty Cage"],"picked":"Sozu"}],"items_purged_floors":[0,8,21,37,48],"is_endless":false,"potions_floor_spawned":[3,13,14,16,22,30,33,35,36,39,40,42,45,46],"ascension_level":0}}