{"host":"31s8hzukbhz1k6i6","time":1609342586,"event":{"mods":["AchievementEnabler","BaseMod","Colored Map","Filter the Spire","Minty Spire (QoL Compilation)","Relic Stats","UnlockEverythingMod","ojb\u0027s Info Mod"],"gold_per_floor":[365,375,325,345,51,51,76,76,76,76,76,76,149,29,29,131,131,147,33,33,15,15,49,59,59,130,130,141,141,160,193,193,288,288,304,304,322,337,307,307,323,323,373,373,186,186,45,56,56,56,56,56,3,32,32],"floor_reached":56,"playtime":2212,"items_purged":["Strike_R","Strike_R","Bash"],"score":1719,"play_id":"3addb858-0224-449d-9889-2961e3a30732","local_time":"20201230073626","is_ascension_mode":true,"campfire_choices":[{"data":"Searing Blow","floor":6.0,"key":"SMITH"},{"data":"Searing Blow+1","floor":8.0,"key":"SMITH"},{"data":"Searing Blow+2","floor":10.0,"key":"SMITH"},{"data":"Searing Blow+4","floor":12.0,"key":"SMITH"},{"data":"Searing Blow+5","floor":15.0,"key":"SMITH"},{"data":"Searing Blow+6","floor":27,"key":"SMITH"},{"data":"Searing Blow+7","floor":29,"key":"SMITH"},{"data":"Searing Blow+8","floor":32,"key":"SMITH"},{"data":"Searing Blow+10","floor":40,"key":"SMITH"},{"data":"Searing Blow+11","floor":42,"key":"SMITH"},{"data":"Searing Blow+12","floor":44,"key":"SMITH"},{"data":"Searing Blow+13","floor":46,"key":"SMITH"},{"floor":49,"key":"RECALL"},{"data":"Searing Blow+14","floor":52,"key":"SMITH"}],"circlet_count":0,"master_deck":["AscendersBane","Defend_R","Defend_R","Defend_R","Defend_R","Wild Strike","Shrug It Off","Searing Blow+15","Offering","Corruption","Impervious","Armaments+1","Shockwave","Dark Embrace","Burning Pact","Clothesline","Immolate","Disarm","Dual Wield","Feed","Dual Wield","Shrug It Off+1","Flame Barrier","Flame Barrier+1","Shrug It Off","Armaments+1"],"relics":["Burning Blood","Membership Card","Gremlin Horn","Bag of Marbles","Self Forming Clay","Paper Frog","Mark of Pain","Medical Kit","Magic Flower","Bottled Tornado","Regal Pillow","Snecko Eye","Frozen Egg 2","Bag of Preparation","Happy Flower"],"acts_visited":["Exordium","TheCity","TheBeyond","TheEnding"],"potions_floor_usage":[23,33,39],"damage_taken":[{"damage":1.0,"enemies":"Cultist","floor":1.0,"turns":4.0},{"damage":8.0,"enemies":"2 Louse","floor":2.0,"turns":4.0},{"damage":2.0,"enemies":"Jaw Worm","floor":4.0,"turns":6.0},{"damage":20.0,"enemies":"Lagavulin","floor":7.0,"turns":6.0},{"damage":15.0,"enemies":"Hexaghost","floor":16.0,"turns":6.0},{"damage":7.0,"enemies":"Chosen","floor":18.0,"turns":3.0},{"damage":8,"enemies":"Gremlin Leader","floor":23,"turns":4},{"damage":0,"enemies":"Shell Parasite","floor":24,"turns":1},{"damage":0,"enemies":"Snake Plant","floor":28,"turns":1},{"damage":6,"enemies":"Cultist and Chosen","floor":30,"turns":3},{"damage":22,"enemies":"Slavers","floor":31,"turns":8},{"damage":18,"enemies":"Champ","floor":33,"turns":9},{"damage":0,"enemies":"Orb Walker","floor":35,"turns":2},{"damage":6,"enemies":"3 Darklings","floor":37,"turns":2},{"damage":0,"enemies":"Spire Growth","floor":38,"turns":2},{"damage":6,"enemies":"4 Shapes","floor":41,"turns":3},{"damage":6,"enemies":"3 Darklings","floor":48,"turns":2},{"damage":7,"enemies":"Awakened One","floor":50,"turns":3},{"damage":6,"enemies":"Shield and Spear","floor":54,"turns":2},{"damage":30,"enemies":"The Heart","floor":55,"turns":4}],"seed_played":"-6190370733102454789","potions_obtained":[{"floor":16.0,"key":"ColorlessPotion"},{"floor":23,"key":"Explosive Potion"},{"floor":28,"key":"Regen Potion"},{"floor":30,"key":"Regen Potion"},{"floor":35,"key":"DuplicationPotion"},{"floor":39,"key":"Fruit Juice"},{"floor":39,"key":"SpeedPotion"}],"is_trial":false,"path_per_floor":["M","M","?","M","$","R","E","R","T","R","?","R","T","$","R","B",null,"M","$","?","$","?","E","M","?","T","R","M","R","M","E","R","B",null,"M","?","M","M","?","R","M","R","T","R","$","R","$","M","R","B",null,"R","$","E","B",null],"character_chosen":"IRONCLAD","items_purchased":["Membership Card","Offering","DistilledChaos","Paper Frog","Shockwave","Medical Kit","Burning Pact","Frozen Egg 2","Flame Barrier","Bag of Preparation","Shrug It Off","FearPotion"],"campfire_rested":0,"item_purchase_floors":[5,5,5,14,19,19,21,45,45,47,53,53],"current_hp_per_floor":[56,54,54,58,58,58,44,44,44,44,44,44,44,44,44,35,69,68,68,68,68,68,66,75,75,75,75,80,80,80,67,67,80,80,80,80,84,84,89,89,92,92,92,92,92,92,92,95,95,95,95,95,95,95,74],"gold":32,"neow_bonus":"TWO_FIFTY_GOLD","is_daily":false,"chose_seed":false,"campfire_upgraded":13,"win_rate":0.0,"timestamp":1609342586,"path_taken":["M","M","?","M","$","R","E","R","T","R","?","R","?","$","R","BOSS","M","$","?","$","?","E","M","?","T","R","M","R","M","E","R","BOSS","M","?","M","?","?","R","M","R","T","R","$","R","?","M","R","BOSS","R","$","E","BOSS"],"items_purchased_type":["Relic","Card","Potion","Relic","Card","Relic","Card","Relic","Card","Relic","Card","Potion"],"build_version":"2020-12-22","purchased_purges":3,"victory":true,"max_hp_per_floor":[80,80,80,80,80,80,80,80,80,80,80,80,80,80,80,80,80,80,80,80,80,80,80,80,80,80,80,80,80,80,80,80,80,80,80,80,84,84,89,89,92,92,92,92,92,92,92,95,95,95,95,95,95,95,95],"relic_stats":{"Regal Pillow":0,"Gremlin Horn":[18,18],"Happy Flower":[1],"counters":[20,75],"Self Forming Clay":[81],"Magic Flower":[26],"Snecko Eye":[62,54,60,68],"Bag of Preparation":[8],"Medical Kit":[48],"obtain_stats":[{"Regal Pillow":31,"Gremlin Horn":7,"Happy Flower":54,"Self Forming Clay":13,"Magic Flower":23,"Bag of Preparation":47,"Bottled Tornado":26,"Frozen Egg 2":45,"Medical Kit":19,"Burning Blood":0,"Snecko Eye":34,"Mark of Pain":17,"Bag of Marbles":9,"Membership Card":5,"Paper Frog":14},{"Regal Pillow":11,"Gremlin Horn":4,"Happy Flower":19,"Self Forming Clay":4,"Magic Flower":7,"Bag of Preparation":16,"Bottled Tornado":8,"Frozen Egg 2":16,"Medical Kit":6,"Burning Blood":0,"Snecko Eye":12,"Mark of Pain":5,"Bag of Marbles":4,"Membership Card":3,"Paper Frog":4},{"Regal Pillow":46,"Gremlin Horn":20,"Happy Flower":71,"Self Forming Clay":20,"Magic Flower":33,"Bag of Preparation":64,"Bottled Tornado":34,"Frozen Egg 2":64,"Medical Kit":29,"Burning Blood":0,"Snecko Eye":55,"Mark of Pain":26,"Bag of Marbles":20,"Membership Card":14,"Paper Frog":20}],"Burning Blood":112},"card_choices":[{"not_picked":["Warcry","Rage"],"picked":"Wild Strike","floor":1.0},{"not_picked":["Sword Boomerang","Combust"],"picked":"Shrug It Off","floor":2.0},{"not_picked":["Twin Strike","Perfected Strike"],"picked":"Searing Blow","floor":4.0},{"not_picked":["Feel No Pain","Clash"],"picked":"Corruption","floor":7.0},{"not_picked":["Limit Break","Barricade"],"picked":"Impervious","floor":16.0},{"not_picked":["Battle Trance","Thunderclap"],"picked":"Armaments+1","floor":18.0},{"not_picked":["Infernal Blade","Clash","Blood for Blood"],"picked":"SKIP","floor":23},{"not_picked":["Iron Wave","Dropkick"],"picked":"Disarm","floor":24},{"not_picked":["Clash","Havoc","Twin Strike"],"picked":"SKIP","floor":28},{"not_picked":["Anger","Spot Weakness"],"picked":"Dual Wield","floor":30},{"not_picked":["Twin Strike","Thunderclap","Immolate"],"picked":"SKIP","floor":31},{"not_picked":["Exhume","Immolate"],"picked":"Feed","floor":33},{"not_picked":["Wild Strike+1","Heavy Blade+1"],"picked":"Dual Wield","floor":35},{"not_picked":["Havoc+1","Shockwave"],"picked":"Shrug It Off+1","floor":37},{"not_picked":["Dual Wield","Searing Blow+1","Iron Wave"],"picked":"SKIP","floor":38},{"not_picked":["Entrench","Evolve+1","Heavy Blade"],"picked":"SKIP","floor":41},{"not_picked":["Clothesline","Shrug It Off"],"picked":"Flame Barrier+1","floor":48},{"not_picked":["Immolate","Wild Strike"],"picked":"Armaments+1","floor":54}],"player_experience":90020,"relics_obtained":[{"floor":7.0,"key":"Gremlin Horn"},{"floor":9.0,"key":"Bag of Marbles"},{"floor":13.0,"key":"Self Forming Clay"},{"floor":23,"key":"Magic Flower"},{"floor":26,"key":"Bottled Tornado"},{"floor":31,"key":"Regal Pillow"},{"floor":54,"key":"Happy Flower"}],"event_choices":[{"cards_removed":["Strike_R"],"damage_healed":0.0,"max_hp_gain":0.0,"max_hp_loss":0.0,"gold_gain":0.0,"event_name":"The Cleric","player_choice":"Card Removal","floor":3.0,"gold_loss":50.0,"damage_taken":0.0},{"damage_healed":0.0,"max_hp_gain":0.0,"max_hp_loss":0.0,"gold_gain":0.0,"event_name":"Living Wall","player_choice":"Grow","floor":11.0,"gold_loss":0.0,"damage_taken":0.0,"cards_upgraded":["Searing Blow"]},{"damage_healed":0,"gold_gain":0,"player_choice":"Read","damage_taken":0,"max_hp_gain":0,"max_hp_loss":0,"event_name":"The Library","floor":20,"gold_loss":0,"cards_obtained":["Dark Embrace"]},{"damage_healed":0,"gold_gain":0,"cards_transformed":["Strike_R","Strike_R"],"player_choice":"Became Test Subject","damage_taken":0,"max_hp_gain":0,"max_hp_loss":0,"event_name":"Drug Dealer","floor":22,"gold_loss":0,"cards_obtained":["Clothesline","Immolate"]},{"damage_healed":0,"gold_gain":0,"player_choice":"Ignored","damage_taken":0,"max_hp_gain":0,"max_hp_loss":0,"event_name":"Vampires","floor":25,"gold_loss":0},{"damage_healed":0,"gold_gain":0,"player_choice":"Forge","damage_taken":0,"max_hp_gain":0,"max_hp_loss":0,"event_name":"Accursed Blacksmith","floor":36,"gold_loss":0,"cards_upgraded":["Searing Blow"]},{"damage_healed":0,"gold_gain":0,"player_choice":"Bought 2 Potions","damage_taken":0,"max_hp_gain":0,"max_hp_loss":0,"event_name":"The Woman in Blue","floor":39,"gold_loss":0}],"is_beta":false,"boss_relics":[{"not_picked":["Fusion Hammer","Black Blood"],"picked":"Mark of Pain"},{"not_picked":["Calling Bell","Busted Crown"],"picked":"Snecko Eye"}],"items_purged_floors":[5,45,47],"is_endless":false,"potions_floor_spawned":[16,23,28,30,31,35,37],"ascension_level":10}}