{"host":"qm4rv4rkpk76sbxu","time":1609324889,"event":{"mods":["BaseMod","Bestiary","Block Reminder","DeckTracker","Filter the Spire","Keyboard Shortcuts","Minty Spire (QoL Compilation)","MonsterHotkey","Potion Indicator Mod","Quick Restart","Random Character Button","Relic Stats","Slay-I","StSLib","ojb\u0027s Better Paths Mod"],"gold_per_floor":[113,127,127,42,57,87,87,114,114,114,189,189,220,237,237,314,314,333,24,49,49,63,63,63],"floor_reached":23,"playtime":849,"items_purged":[],"score":464,"play_id":"aaaeaa1d-2c85-46e6-972e-c52ac86575a7","local_time":"20201230114129","is_ascension_mode":true,"campfire_choices":[{"data":"Bouncing Flask","floor":7.0,"key":"SMITH"},{"floor":10.0,"key":"REST"},{"data":"Noxious Fumes","floor":15.0,"key":"SMITH"}],"circlet_count":0,"master_deck":["AscendersBane","Strike_G","Strike_G","Strike_G","Strike_G","Strike_G","Defend_G","Defend_G","Defend_G","Defend_G","Defend_G","Survivor","Neutralize+1","Heel Hook","Noxious Fumes+1","Bouncing Flask+1","Corpse Explosion","Blur","Unload","Footwork","Blur"],"relics":["Ring of the Snake","Tiny Chest","Pocketwatch","Mummified Hand","Vajra","SlaversCollar","Kunai","Lantern"],"acts_visited":["Exordium","TheCity"],"potions_floor_usage":[],"damage_taken":[{"damage":0.0,"enemies":"2 Louse","floor":1.0,"turns":4.0},{"damage":0.0,"enemies":"Jaw Worm","floor":2.0,"turns":5.0},{"damage":0.0,"enemies":"Cultist","floor":5.0,"turns":3.0},{"damage":31.0,"enemies":"Gremlin Nob","floor":6.0,"turns":4.0},{"damage":17.0,"enemies":"3 Sentries","floor":8.0,"turns":4.0},{"damage":0.0,"enemies":"Lagavulin","floor":13.0,"turns":6.0},{"damage":1.0,"enemies":"2 Fungi Beasts","floor":14.0,"turns":2.0},{"damage":11.0,"enemies":"The Guardian","floor":16.0,"turns":9.0},{"damage":31.0,"enemies":"2 Thieves","floor":18.0,"turns":4.0},{"damage":7,"enemies":"Chosen","floor":22,"turns":5},{"damage":17,"enemies":"Gremlin Leader","floor":23,"turns":3}],"seed_played":"-4693768826830579523","potions_obtained":[{"floor":0.0,"key":"LiquidMemories"},{"floor":0.0,"key":"SteroidPotion"},{"floor":6.0,"key":"SteroidPotion"},{"floor":16.0,"key":"Block Potion"}],"is_trial":false,"path_per_floor":["M","M","?","$","M","E","R","E","T","R","?","?","E","M","R","B",null,"M","$","T","$","M","E"],"character_chosen":"THE_SILENT","items_purchased":["Bouncing Flask","Footwork","Kunai"],"campfire_rested":1,"item_purchase_floors":[4,19,19],"current_hp_per_floor":[59,59,59,59,59,28,28,11,11,30,19,19,19,18,18,7,51,20,20,20,20,13,0,0],"gold":63,"neow_bonus":"THREE_SMALL_POTIONS","is_daily":false,"chose_seed":false,"campfire_upgraded":2,"win_rate":0.0,"timestamp":1609324889,"path_taken":["M","M","?","?","M","E","R","E","T","R","?","?","E","?","R","BOSS","M","$","?","?","M","E"],"items_purchased_type":["Card","Card","Relic"],"build_version":"2020-12-22","purchased_purges":0,"victory":false,"max_hp_per_floor":[66,66,66,66,66,66,66,66,66,66,66,66,66,66,66,66,66,66,66,66,66,66,66,66],"relic_stats":{"counters":[11,49],"Mummified Hand":[8],"Tiny Chest":1,"Kunai":[2],"obtain_stats":[{"SlaversCollar":17,"Lantern":20,"Mummified Hand":9,"Vajra":13,"Tiny Chest":6,"Kunai":19,"Ring of the Snake":0,"Pocketwatch":8},{"SlaversCollar":8,"Lantern":9,"Mummified Hand":5,"Vajra":6,"Tiny Chest":4,"Kunai":9,"Ring of the Snake":0,"Pocketwatch":5},{"SlaversCollar":37,"Lantern":41,"Mummified Hand":20,"Vajra":26,"Tiny Chest":16,"Kunai":41,"Ring of the Snake":0,"Pocketwatch":20}],"Ring of the Snake":[22],"Pocketwatch":[48]},"card_choices":[{"not_picked":["Dodge and Roll","Accuracy"],"picked":"Heel Hook","floor":1.0},{"not_picked":["Terror","Prepared"],"picked":"Noxious Fumes","floor":2.0},{"not_picked":["Quick Slash","Deadly Poison","PiercingWail"],"picked":"SKIP","floor":5.0},{"not_picked":["Blade Dance","Dagger Throw"],"picked":"Corpse Explosion","floor":6.0},{"not_picked":["Deadly Poison","Cloak And Dagger","Outmaneuver"],"picked":"SKIP","floor":8.0},{"not_picked":["Poisoned Stab","Quick Slash","Blade Dance"],"picked":"SKIP","floor":13.0},{"not_picked":["Bouncing Flask","Blade Dance"],"picked":"Blur","floor":14.0},{"not_picked":["Envenom","Glass Knife"],"picked":"Unload","floor":16.0},{"not_picked":["Poisoned Stab","Flying Knee","Distraction"],"picked":"SKIP","floor":18.0},{"not_picked":["Backflip","Deflect"],"picked":"Blur","floor":22}],"player_experience":1170505,"relics_obtained":[{"floor":6.0,"key":"Tiny Chest"},{"floor":8.0,"key":"Pocketwatch"},{"floor":9.0,"key":"Mummified Hand"},{"floor":13.0,"key":"Vajra"},{"floor":20.0,"key":"Lantern"}],"event_choices":[{"damage_healed":0.0,"max_hp_gain":0.0,"max_hp_loss":0.0,"gold_gain":0.0,"event_name":"The Cleric","player_choice":"Leave","floor":3.0,"gold_loss":0.0,"damage_taken":0.0},{"damage_healed":0.0,"max_hp_gain":0.0,"max_hp_loss":0.0,"gold_gain":75.0,"event_name":"World of Goop","player_choice":"Gather Gold","floor":11.0,"gold_loss":0.0,"damage_taken":11.0},{"damage_healed":0.0,"max_hp_gain":0.0,"max_hp_loss":0.0,"gold_gain":0.0,"event_name":"Living Wall","player_choice":"Grow","floor":12.0,"gold_loss":0.0,"damage_taken":0.0,"cards_upgraded":["Neutralize"]}],"is_beta":false,"boss_relics":[{"not_picked":["Ectoplasm","Coffee Dripper"],"picked":"SlaversCollar"}],"items_purged_floors":[],"is_endless":false,"potions_floor_spawned":[5,6,16],"killed_by":"Gremlin Leader","ascension_level":20}}