{"host":"sav7uxregyirlf69","time":1609325661,"event":{"mods":["AchievementEnabler","BaseMod","Colored Map","DeckTracker","Keyboard Shortcuts","Minty Spire (QoL Compilation)","READ ME - Guardian Mod","StSLib","SuperFastMode"],"gold_per_floor":[110,185,185,202,202,202,231,16,16,16,46,59,59,78,78,78,78],"floor_reached":16,"playtime":197,"items_purged":["Strike_G"],"score":266,"play_id":"a6518951-aed2-41cd-a15c-713ddf0915ac","local_time":"20201230195421","is_ascension_mode":true,"campfire_choices":[{"data":"Neutralize","floor":6,"key":"SMITH"},{"data":"Accuracy","floor":15,"key":"SMITH"}],"circlet_count":0,"master_deck":["AscendersBane","Strike_G","Strike_G","Strike_G","Strike_G","Defend_G+1","Defend_G","Defend_G","Defend_G+1","Defend_G","Survivor","Neutralize+1","Dagger Spray","Blade Dance","Backflip","Flash of Steel","Crippling Poison","Accuracy+1","Backstab","Accuracy"],"relics":["Ring of the Snake","NeowsBlessing","War Paint","Blood Vial","Nunchaku","Snake Skull"],"acts_visited":["Exordium"],"potions_floor_usage":[11,11],"damage_taken":[{"damage":0,"enemies":"Jaw Worm","floor":1,"turns":1},{"damage":0,"enemies":"Small Slimes","floor":4,"turns":1},{"damage":0,"enemies":"Gremlin Nob","floor":7,"turns":1},{"damage":34,"enemies":"Lagavulin","floor":11,"turns":11},{"damage":1,"enemies":"2 Louse","floor":12,"turns":2},{"damage":1,"enemies":"Blue Slaver","floor":14,"turns":2},{"damage":20,"enemies":"Hexaghost","floor":16,"turns":9}],"seed_played":"5005238248972561512","potions_obtained":[{"floor":1,"key":"DistilledChaos"},{"floor":4,"key":"ColorlessPotion"},{"floor":12,"key":"Explosive Potion"}],"is_trial":false,"path_per_floor":["M","?","?","M","?","R","E","$","T","$","E","M","?","M","R","B"],"character_chosen":"THE_SILENT","items_purchased":["Flash of Steel","Crippling Poison"],"campfire_rested":0,"item_purchase_floors":[8,8],"current_hp_per_floor":[59,48,22,22,44,44,44,44,44,44,12,13,13,14,14,0,0],"gold":78,"neow_bonus":"THREE_ENEMY_KILL","is_daily":false,"chose_seed":false,"campfire_upgraded":2,"win_rate":0.0,"timestamp":1609325661,"path_taken":["M","?","?","M","?","R","E","?","T","$","E","M","?","M","R","BOSS"],"items_purchased_type":["Card","Card"],"build_version":"2020-12-22","purchased_purges":1,"victory":false,"max_hp_per_floor":[66,66,66,66,66,66,66,66,66,66,66,66,66,66,66,66,66],"card_choices":[{"not_picked":["PiercingWail","Finisher"],"picked":"Dagger Spray","floor":1},{"not_picked":["Deflect","Well Laid Plans"],"picked":"Blade Dance","floor":4},{"not_picked":["Riddle With Holes","Outmaneuver"],"picked":"Backflip","floor":7},{"not_picked":["Slice","Backflip"],"picked":"Accuracy","floor":11},{"not_picked":["Backflip","Concentrate"],"picked":"Backstab","floor":12},{"not_picked":["Dagger Spray","Blade Dance"],"picked":"Accuracy","floor":14}],"player_experience":1072925,"relics_obtained":[{"floor":7,"key":"Blood Vial"},{"floor":9,"key":"Nunchaku"},{"floor":11,"key":"Snake Skull"}],"event_choices":[{"damage_healed":0,"gold_gain":75,"player_choice":"Gather Gold","damage_taken":11,"max_hp_gain":0,"max_hp_loss":0,"event_name":"World of Goop","floor":2,"gold_loss":0},{"damage_healed":0,"gold_gain":0,"player_choice":"Success","damage_taken":26,"relics_obtained":["War Paint"],"max_hp_gain":0,"max_hp_loss":0,"event_name":"Scrap Ooze","floor":3,"gold_loss":0},{"damage_healed":22,"gold_gain":0,"player_choice":"Banana","damage_taken":0,"max_hp_gain":0,"max_hp_loss":0,"event_name":"Big Fish","floor":5,"gold_loss":0},{"damage_healed":0,"gold_gain":0,"player_choice":"Ignored","damage_taken":0,"max_hp_gain":0,"max_hp_loss":0,"event_name":"Liars Game","floor":13,"gold_loss":0}],"is_beta":false,"boss_relics":[],"items_purged_floors":[8],"is_endless":false,"potions_floor_spawned":[1,4,12],"killed_by":"Hexaghost","ascension_level":20}}