{"host":"TheHustler","time":1609356324,"event":{"mods":["BaseMod","Block Reminder","Colored Map","Colored Powertips","Minty Spire (QoL Compilation)","Quick Restart","StSLib","SuperFastMode","Unceasing Turn Reminder"],"gold_per_floor":[114,129,54,69,69,69,99,99,399,429,459,474,474,489,489,589,589,604,279,194,69,84,84,114,129,129,144,174,174,204,219,219,319,319,334,334,334],"floor_reached":36,"playtime":950,"items_purged":["Strike_B","Defend_B","Defend_B"],"score":467,"play_id":"9abd854f-b39e-4543-80f9-fa14495e03c7","local_time":"20201230202524","daily_mods":["Cursed Run","Diverse","DeadlyEvents"],"is_ascension_mode":false,"campfire_choices":[{"data":"Judgement","floor":6.0,"key":"SMITH"},{"data":"Doom and Gloom","floor":8.0,"key":"SMITH"},{"data":"Hologram","floor":15.0,"key":"SMITH"},{"data":"Ghostly","floor":29,"key":"SMITH"},{"data":"Ghostly","floor":32,"key":"SMITH"}],"circlet_count":0,"master_deck":["Defend_B","Zap","Dualcast","Poisoned Stab","Doom and Gloom+1","Judgement+1","Flame Barrier","Hologram+1","Swivel","Electrodynamics","Coolheaded","Doom and Gloom+1","Shrug It Off","Backflip","Ghostly+1","Ghostly+1","Ghostly","Ghostly","Ghostly","Noxious Fumes","Parasite","Clumsy","Wish","Tantrum+1","Melter+1","Skewer+1"],"relics":["Cursed Key","Darkstone Periapt","Du-Vu Doll","Meat on the Bone","Old Coin","Bottled Flame","Sundial","Empty Cage","DollysMirror","Pear","Eternal Feather","Letter Opener","Lantern","Anchor","Astrolabe"],"acts_visited":["Exordium","TheCity","TheBeyond"],"potions_floor_usage":[],"damage_taken":[{"damage":1.0,"enemies":"Cultist","floor":1.0,"turns":3.0},{"damage":0.0,"enemies":"Small Slimes","floor":2.0,"turns":3.0},{"damage":1.0,"enemies":"Jaw Worm","floor":4.0,"turns":2.0},{"damage":8.0,"enemies":"3 Sentries","floor":7.0,"turns":5.0},{"damage":14.0,"enemies":"Gremlin Nob","floor":10.0,"turns":3.0},{"damage":4.0,"enemies":"Lagavulin","floor":11.0,"turns":4.0},{"damage":0.0,"enemies":"Exordium Thugs","floor":12.0,"turns":1.0},{"damage":1.0,"enemies":"2 Fungi Beasts","floor":14.0,"turns":2.0},{"damage":30.0,"enemies":"Hexaghost","floor":16.0,"turns":9.0},{"damage":5.0,"enemies":"Shell Parasite","floor":18.0,"turns":5.0},{"damage":0.0,"enemies":"3 Byrds","floor":22.0,"turns":2.0},{"damage":20.0,"enemies":"Book of Stabbing","floor":24.0,"turns":8.0},{"damage":5.0,"enemies":"Snecko","floor":25.0,"turns":6.0},{"damage":0.0,"enemies":"Sentry and Sphere","floor":27.0,"turns":5.0},{"damage":38,"enemies":"Gremlin Leader","floor":28,"turns":8},{"damage":7,"enemies":"Book of Stabbing","floor":30,"turns":7},{"damage":0,"enemies":"Snake Plant","floor":31,"turns":3},{"damage":7,"enemies":"Collector","floor":33,"turns":10},{"damage":3,"enemies":"3 Shapes","floor":35,"turns":2},{"damage":57,"enemies":"2 Orb Walkers","floor":36,"turns":5}],"seed_played":"9091901603564859836","potions_obtained":[{"floor":4.0,"key":"FearPotion"},{"floor":10.0,"key":"PotionOfCapacity"},{"floor":12.0,"key":"ColorlessPotion"},{"floor":14.0,"key":"DuplicationPotion"},{"floor":28,"key":"Swift Potion"},{"floor":30,"key":"Strength Potion"}],"is_trial":false,"path_per_floor":["M","M","$","M","$","R","E","R","T","E","E","M","?","M","R","B",null,"M","$","?","$","M","?","E","M","T","M","E","R","E","M","R","B",null,"M","?"],"character_chosen":"DEFECT","items_purchased":["DollysMirror","Shrug It Off","Backflip"],"campfire_rested":0,"item_purchase_floors":[19,19,19],"current_hp_per_floor":[74,74,74,73,73,73,65,65,71,57,53,53,53,52,52,40,84,79,79,89,89,89,47,27,34,40,40,14,26,31,31,43,42,59,56,0,0],"gold":334,"neow_bonus":"","is_daily":true,"chose_seed":false,"campfire_upgraded":5,"win_rate":0.0,"timestamp":1609356324,"path_taken":["M","M","$","?","$","R","?","R","T","E","?","M","?","M","R","BOSS","M","$","?","$","M","?","E","M","T","?","E","R","E","M","R","BOSS","M","?"],"items_purchased_type":["Relic","Card","Card"],"build_version":"2020-12-18","purchased_purges":3,"victory":false,"max_hp_per_floor":[75,75,75,75,75,75,75,75,81,81,81,81,81,81,81,87,84,84,84,94,94,94,47,47,47,53,53,53,53,53,53,53,59,59,59,59,59],"card_choices":[{"not_picked":["Compile Driver","PiercingWail"],"picked":"Poisoned Stab","floor":1.0},{"not_picked":["EmptyFist","Havoc"],"picked":"Doom and Gloom","floor":2.0},{"not_picked":["Dodge and Roll","BowlingBash"],"picked":"Judgement","floor":4.0},{"not_picked":["Skewer","Halt"],"picked":"Flame Barrier","floor":7.0},{"not_picked":["Flame Barrier","WheelKick","Outmaneuver"],"picked":"SKIP","floor":10.0},{"not_picked":["Judgement","Chaos","Warcry"],"picked":"SKIP","floor":11.0},{"not_picked":["Heavy Blade","Cleave"],"picked":"Hologram","floor":12.0},{"not_picked":["Gash","Sucker Punch"],"picked":"Swivel","floor":14.0},{"not_picked":["Meteor Strike","Reaper"],"picked":"Electrodynamics","floor":16.0},{"not_picked":["Prostrate","Carnage+1"],"picked":"Coolheaded","floor":18.0},{"not_picked":["Melter","Compile Driver","Deflect"],"picked":"SKIP","floor":22.0},{"not_picked":["Genetic Algorithm","MentalFortress"],"picked":"Noxious Fumes","floor":24.0},{"not_picked":["Cold Snap","Rebound","Fasting2"],"picked":"SKIP","floor":25.0},{"not_picked":["Go for the Eyes","Wallop+1","Electrodynamics"],"picked":"SKIP","floor":27.0},{"not_picked":["Conclude","Beam Cell","Flechettes"],"picked":"SKIP","floor":28},{"not_picked":["Ball Lightning","Twin Strike+1","PathToVictory"],"picked":"SKIP","floor":30},{"not_picked":["Halt","Prostrate","PiercingWail"],"picked":"SKIP","floor":31},{"not_picked":["Ragnarok","A Thousand Cuts"],"picked":"Wish","floor":33},{"not_picked":["Clothesline","JustLucky","Warcry"],"picked":"SKIP","floor":35}],"player_experience":609956,"relics_obtained":[{"floor":7.0,"key":"Meat on the Bone"},{"floor":9.0,"key":"Old Coin"},{"floor":10.0,"key":"Bottled Flame"},{"floor":11.0,"key":"Sundial"},{"floor":24.0,"key":"Eternal Feather"},{"floor":26.0,"key":"Letter Opener"},{"floor":28,"key":"Lantern"},{"floor":30,"key":"Anchor"}],"event_choices":[{"cards_removed":["Strike_B"],"damage_healed":0.0,"max_hp_gain":0.0,"max_hp_loss":0.0,"gold_gain":0.0,"event_name":"Wheel of Change","player_choice":"Card Removal","floor":13.0,"gold_loss":0.0,"damage_taken":0.0},{"damage_healed":0.0,"max_hp_gain":0.0,"max_hp_loss":0.0,"gold_gain":0.0,"event_name":"Addict","player_choice":"Obtained Relic","floor":20.0,"gold_loss":85.0,"damage_taken":0.0,"relics_obtained":["Pear"]},{"damage_healed":0.0,"max_hp_gain":0.0,"max_hp_loss":47.0,"gold_gain":0.0,"event_name":"Ghosts","player_choice":"Became a Ghost","floor":23.0,"gold_loss":0.0,"damage_taken":0.0,"cards_obtained":["Ghostly","Ghostly","Ghostly","Ghostly","Ghostly"]},{"damage_healed":0,"gold_gain":0,"player_choice":"Fight","damage_taken":0,"max_hp_gain":0,"max_hp_loss":0,"event_name":"Mysterious Sphere","floor":36,"gold_loss":0}],"is_beta":true,"boss_relics":[{"not_picked":["Calling Bell","Philosopher\u0027s Stone"],"picked":"Empty Cage"},{"not_picked":["Runic Dome","Inserter"],"picked":"Astrolabe"}],"items_purged_floors":[3,19,21],"is_endless":false,"potions_floor_spawned":[4,10,12,14,18,28,30,33],"killed_by":"2 Orb Walkers","ascension_level":0}}