{"host":"49c2zf0lajbcs427","time":1609310246,"event":{"mods":["AchievementEnabler","BaseMod","Colored Map","Colored Powertips","Highlight Path","Key Reminder","Minty Spire (QoL Compilation)","Relic Stats","StSLib"],"gold_per_floor":[112,131,131,81,98,98,132,132,155,184,184,184,214,229,229,326,326,338,357,272,91,141,141,172,185,209,223,250,250,267,296,296,400,400,417,434,354,365,365,365,400,418,418,430,465,465,16,50,50,50,50,50,50,83,83],"floor_reached":56,"playtime":4080,"items_purged":["Strike_R","Strike_R","Strike_R"],"score":1878,"play_id":"0a8706ed-afae-4abb-a7de-d80676529ade","local_time":"20201230193726","is_ascension_mode":true,"campfire_choices":[{"data":"Bash","floor":6,"key":"SMITH"},{"data":"Pommel Strike","floor":8,"key":"SMITH"},{"floor":11,"key":"REST"},{"data":"Limit Break","floor":15,"key":"SMITH"},{"data":"Immolate","floor":23,"key":"SMITH"},{"data":"Inflame","floor":32,"key":"SMITH"},{"data":"Offering","floor":40,"key":"SMITH"},{"data":"Spot Weakness","floor":46,"key":"SMITH"},{"floor":49,"key":"RECALL"},{"data":"Flame Barrier","floor":52,"key":"SMITH"}],"circlet_count":0,"master_deck":["Strike_R","Defend_R","Defend_R","Defend_R","Defend_R","Bash+1","Body Slam+1","Shrug It Off","Iron Wave","Pommel Strike+1","Limit Break+1","Hemokinesis","Clothesline","Inflame+1","Reaper+1","Heavy Blade","Body Slam+1","Immolate+1","Disarm","Sword Boomerang+1","Exhume","Spot Weakness+1","Headbutt+1","Battle Trance","Offering+1","Armaments+1","Shrug It Off+1","Flame Barrier+1","Strike_P+1","Pummel+1","Burning Pact+1"],"relics":["Velvet Choker","Toy Ornithopter","Matryoshka","Oddly Smooth Stone","Omamori","Tiny Chest","Bottled Lightning","Calling Bell","Bag of Preparation","Blue Candle","CaptainsWheel","The Courier","Prayer Wheel","Frozen Egg 2","Bag of Marbles","Centennial Puzzle","Lantern","Boot","Cursed Key","Blood Vial","Meat on the Bone","Membership Card","Eternal Feather","Whetstone","Red Skull","Mercury Hourglass"],"acts_visited":["Exordium","TheCity","TheBeyond","TheEnding"],"potions_floor_usage":[7,24,28,33,41,45,55,55],"damage_taken":[{"damage":2,"enemies":"2 Louse","floor":1,"turns":3},{"damage":0,"enemies":"Small Slimes","floor":2,"turns":3},{"damage":0,"enemies":"Cultist","floor":5,"turns":3},{"damage":11,"enemies":"Gremlin Nob","floor":7,"turns":4},{"damage":10,"enemies":"Lagavulin","floor":10,"turns":7},{"damage":13,"enemies":"Gremlin Nob","floor":13,"turns":4},{"damage":4,"enemies":"Exordium Thugs","floor":14,"turns":4},{"damage":11,"enemies":"The Guardian","floor":16,"turns":9},{"damage":8,"enemies":"2 Thieves","floor":18,"turns":5},{"damage":3,"enemies":"3 Byrds","floor":19,"turns":6},{"damage":19,"enemies":"Book of Stabbing","floor":24,"turns":5},{"damage":4,"enemies":"Cultist and Chosen","floor":25,"turns":6},{"damage":2,"enemies":"3 Cultists","floor":27,"turns":3},{"damage":46,"enemies":"Slavers","floor":28,"turns":5},{"damage":3,"enemies":"Snake Plant","floor":30,"turns":3},{"damage":0,"enemies":"Book of Stabbing","floor":31,"turns":4},{"damage":2,"enemies":"Collector","floor":33,"turns":4},{"damage":3,"enemies":"3 Darklings","floor":35,"turns":4},{"damage":6,"enemies":"Orb Walker","floor":36,"turns":4},{"damage":0,"enemies":"Jaw Worm Horde","floor":38,"turns":3},{"damage":51,"enemies":"Reptomancer","floor":41,"turns":8},{"damage":6,"enemies":"Spire Growth","floor":42,"turns":4},{"damage":21,"enemies":"Writhing Mass","floor":44,"turns":4},{"damage":26,"enemies":"Nemesis","floor":45,"turns":5},{"damage":42,"enemies":"Reptomancer","floor":48,"turns":5},{"damage":39,"enemies":"Awakened One","floor":50,"turns":8},{"damage":72,"enemies":"Shield and Spear","floor":54,"turns":9},{"damage":157,"enemies":"The Heart","floor":55,"turns":7}],"seed_played":"1613671115306018121","potions_obtained":[{"floor":1,"key":"Ancient Potion"},{"floor":5,"key":"ColorlessPotion"},{"floor":16,"key":"SteroidPotion"},{"floor":24,"key":"LiquidMemories"},{"floor":27,"key":"Swift Potion"},{"floor":30,"key":"LiquidMemories"},{"floor":33,"key":"DuplicationPotion"},{"floor":35,"key":"SteroidPotion"},{"floor":41,"key":"EssenceOfSteel"},{"floor":42,"key":"Regen Potion"},{"floor":44,"key":"AttackPotion"},{"floor":45,"key":"EssenceOfSteel"}],"is_trial":false,"path_per_floor":["M","M","?","?","M","R","E","R","T","E","R","?","E","M","R","B",null,"M","M","?","$","?","R","E","M","T","M","E","T","M","E","R","B",null,"M","M","$","M","?","R","E","M","T","M","E","R","$","E","R","B",null,"R","$","E","B",null],"character_chosen":"IRONCLAD","items_purchased":["Immolate","Membership Card","DuplicationPotion","LiquidMemories","FairyPotion","Eternal Feather","Whetstone"],"campfire_rested":1,"item_purchase_floors":[21,47,47,47,47,47,47],"current_hp_per_floor":[70,70,52,52,52,52,46,46,46,36,60,60,47,43,43,32,68,60,65,65,65,65,65,69,65,65,78,61,61,58,58,58,61,75,80,76,76,76,76,76,80,74,74,55,36,36,36,29,47,65,76,80,80,47,30],"gold":83,"neow_bonus":"BOSS_RELIC","is_daily":false,"chose_seed":false,"campfire_upgraded":8,"win_rate":0.0,"timestamp":1609310246,"path_taken":["M","M","?","?","M","R","E","R","T","E","R","?","E","M","R","BOSS","M","M","?","$","?","R","E","M","T","M","E","?","?","E","R","BOSS","M","M","$","M","?","R","E","M","T","M","E","R","$","E","R","BOSS","R","$","E","BOSS"],"items_purchased_type":["Card","Relic","Potion","Potion","Potion","Relic","Relic"],"build_version":"2020-12-22","purchased_purges":3,"victory":true,"max_hp_per_floor":[80,80,80,80,80,80,80,80,80,80,80,80,80,80,80,80,80,80,80,80,80,80,80,80,80,80,80,80,80,80,80,80,80,80,80,80,80,80,80,80,80,80,80,80,80,80,80,80,80,80,80,80,80,80,80],"relic_stats":{"counters":[28,139],"Blue Candle":[0],"Eternal Feather":22,"Bag of Preparation":[40],"Whetstone":["Reaper","Body Slam"],"Boot":[25],"Cursed Key":1,"Mercury Hourglass":[21],"Blood Vial":10,"Centennial Puzzle":[36],"Tiny Chest":1,"Prayer Wheel":8,"obtain_stats":[{"Lantern":29,"Bag of Preparation":17,"Whetstone":47,"Boot":31,"Cursed Key":34,"Burning Blood":0,"Blood Vial":41,"Centennial Puzzle":28,"Matryoshka":7,"Tiny Chest":10,"Prayer Wheel":24,"Red Skull":48,"Blue Candle":17,"Velvet Choker":0,"Oddly Smooth Stone":9,"Eternal Feather":47,"The Courier":20,"Omamori":9,"Frozen Egg 2":26,"Mercury Hourglass":54,"Calling Bell":17,"keyreminder:keyreminder":43,"CaptainsWheel":17,"Bag of Marbles":26,"Bottled Lightning":13,"Membership Card":47,"Toy Ornithopter":3,"Meat on the Bone":45},{"Lantern":14,"Bag of Preparation":8,"Whetstone":24,"Boot":16,"Cursed Key":17,"Burning Blood":0,"Blood Vial":21,"Centennial Puzzle":14,"Matryoshka":4,"Tiny Chest":5,"Prayer Wheel":11,"Red Skull":25,"Blue Candle":8,"Velvet Choker":0,"Oddly Smooth Stone":4,"Eternal Feather":24,"The Courier":10,"Omamori":4,"Frozen Egg 2":12,"Mercury Hourglass":27,"Calling Bell":8,"keyreminder:keyreminder":22,"CaptainsWheel":8,"Bag of Marbles":12,"Bottled Lightning":6,"Membership Card":24,"Toy Ornithopter":2,"Meat on the Bone":24},{"Lantern":67,"Bag of Preparation":37,"Whetstone":110,"Boot":74,"Cursed Key":78,"Burning Blood":0,"Blood Vial":97,"Centennial Puzzle":67,"Matryoshka":13,"Tiny Chest":20,"Prayer Wheel":53,"Red Skull":115,"Blue Candle":37,"Velvet Choker":0,"Oddly Smooth Stone":13,"Eternal Feather":110,"The Courier":48,"Omamori":13,"Frozen Egg 2":59,"Mercury Hourglass":132,"Calling Bell":37,"keyreminder:keyreminder":101,"CaptainsWheel":37,"Bag of Marbles":59,"Bottled Lightning":24,"Membership Card":110,"Toy Ornithopter":6,"Meat on the Bone":110}],"Toy Ornithopter":37,"Meat on the Bone":36},"card_choices":[{"not_picked":["Ghostly Armor","Clash"],"picked":"Body Slam","floor":1},{"not_picked":["True Grit","Anger"],"picked":"Shrug It Off","floor":2},{"not_picked":["Shrug It Off","Dark Embrace"],"picked":"Iron Wave","floor":5},{"not_picked":["Warcry","Armaments"],"picked":"Pommel Strike","floor":7},{"not_picked":["Wild Strike","Searing Blow"],"picked":"Limit Break","floor":10},{"not_picked":["Burning Pact","Wild Strike"],"picked":"Clothesline","floor":13},{"not_picked":["Flex","Sentinel"],"picked":"Inflame","floor":14},{"not_picked":["Fiend Fire","Juggernaut"],"picked":"Reaper","floor":16},{"not_picked":["Anger","Iron Wave"],"picked":"Heavy Blade","floor":18},{"not_picked":["Wild Strike","Evolve+1"],"picked":"Body Slam+1","floor":19},{"not_picked":["Carnage+1","Warcry"],"picked":"Disarm","floor":24},{"not_picked":["Dark Embrace","Reckless Charge"],"picked":"Sword Boomerang+1","floor":25},{"not_picked":["Twin Strike","Carnage"],"picked":"Exhume","floor":25},{"not_picked":["Cleave","Warcry"],"picked":"Spot Weakness","floor":27},{"not_picked":["Ghostly Armor","Thunderclap+1","Pommel Strike"],"picked":"SKIP","floor":27},{"not_picked":["Evolve+1","Havoc"],"picked":"Headbutt+1","floor":28},{"not_picked":["Twin Strike+1","Perfected Strike","Flex"],"picked":"SKIP","floor":30},{"not_picked":["Blood for Blood","Entrench","Sword Boomerang"],"picked":"SKIP","floor":30},{"not_picked":["Juggernaut+1","Fire Breathing+1"],"picked":"Battle Trance","floor":31},{"not_picked":["Corruption+1","Demon Form+1"],"picked":"Offering","floor":33},{"not_picked":["Feel No Pain+1","Flex"],"picked":"Armaments+1","floor":35},{"not_picked":["Spot Weakness+1","Havoc+1","Infernal Blade"],"picked":"SKIP","floor":35},{"not_picked":["Warcry","Heavy Blade"],"picked":"Shrug It Off+1","floor":36},{"not_picked":["Rupture+1","Perfected Strike+1","Pommel Strike"],"picked":"SKIP","floor":36},{"not_picked":["Combust+1","Thunderclap+1"],"picked":"Flame Barrier","floor":38},{"not_picked":["Exhume","Clothesline","Blood for Blood"],"picked":"SKIP","floor":38},{"not_picked":["Hemokinesis+1","Whirlwind+1","Shrug It Off+1"],"picked":"SKIP","floor":41},{"not_picked":["True Grit+1","Armaments+1"],"picked":"Pummel+1","floor":42},{"not_picked":["Anger","Iron Wave+1","Heavy Blade"],"picked":"SKIP","floor":42},{"not_picked":["Clothesline","Fire Breathing+1","Body Slam+1"],"picked":"SKIP","floor":44},{"not_picked":["Power Through","Bloodletting","Dual Wield+1"],"picked":"SKIP","floor":44},{"not_picked":["Heavy Blade","Havoc+1","Metallicize+1"],"picked":"SKIP","floor":45},{"not_picked":["Clash+1","Havoc","Twin Strike+1"],"picked":"SKIP","floor":48},{"not_picked":["Havoc+1","Dropkick+1"],"picked":"Burning Pact+1","floor":54}],"player_experience":2200489,"relics_obtained":[{"floor":7,"key":"Matryoshka"},{"floor":9,"key":"Oddly Smooth Stone"},{"floor":9,"key":"Omamori"},{"floor":10,"key":"Tiny Chest"},{"floor":13,"key":"Bottled Lightning"},{"floor":17,"key":"Bag of Preparation"},{"floor":17,"key":"Blue Candle"},{"floor":17,"key":"CaptainsWheel"},{"floor":24,"key":"Prayer Wheel"},{"floor":26,"key":"Frozen Egg 2"},{"floor":26,"key":"Bag of Marbles"},{"floor":28,"key":"Centennial Puzzle"},{"floor":29,"key":"Lantern"},{"floor":31,"key":"Boot"},{"floor":41,"key":"Blood Vial"},{"floor":45,"key":"Meat on the Bone"},{"floor":48,"key":"Red Skull"},{"floor":54,"key":"Mercury Hourglass"}],"event_choices":[{"damage_healed":0,"gold_gain":0,"player_choice":"Success","damage_taken":18,"relics_obtained":["Toy Ornithopter"],"max_hp_gain":0,"max_hp_loss":0,"event_name":"Scrap Ooze","floor":3,"gold_loss":0},{"cards_removed":["Strike_R"],"damage_healed":0,"gold_gain":0,"player_choice":"Card Removal","damage_taken":0,"max_hp_gain":0,"max_hp_loss":0,"event_name":"The Cleric","floor":4,"gold_loss":50},{"damage_healed":0,"gold_gain":0,"player_choice":"1 cards matched","damage_taken":0,"max_hp_gain":0,"max_hp_loss":0,"event_name":"Match and Keep!","floor":12,"gold_loss":0,"cards_obtained":["Hemokinesis"]},{"damage_healed":0,"gold_gain":0,"player_choice":"Obtained Relic","damage_taken":0,"relics_obtained":["The Courier"],"max_hp_gain":0,"max_hp_loss":0,"event_name":"Addict","floor":20,"gold_loss":85},{"damage_healed":0,"gold_gain":100,"player_choice":"Bet on Murderer","damage_taken":0,"max_hp_gain":0,"max_hp_loss":0,"event_name":"The Joust","floor":22,"gold_loss":50}],"is_beta":false,"boss_relics":[{"not_picked":["Pandora\u0027s Box","Fusion Hammer"],"picked":"Calling Bell"},{"not_picked":["Mark of Pain","Tiny House"],"picked":"Cursed Key"}],"items_purged_floors":[21,37,47],"is_endless":false,"potions_floor_spawned":[1,5,16,24,27,30,31,33,35,41,42,44,45],"ascension_level":9}}