{"host":"s0ikvqhe10eopvjn","time":1609330522,"event":{"mods":["Act Like it!","Bard","BaseMod","Better Third Choice","Block Reminder","Colored Map","Colored Powertips","DeckTracker","Downfall","Duelist Mod","GifTheSpireLib","Halation","Hallownest","Hermit","Highlight Path","Hubris","Infinite Spire","Mad Scientist","Minty Spire (QoL Compilation)","Permanent Neow","Random Character Button","Replay The Spire","StSLib","The Blackbeard","The Blue Laboratory","The Bug Knight","The Cursed","The Disciple","The Marked","The Mystic","The Necromancer","The Poker Player","The Runesmith","The Servant 0.9.4"],"gold_per_floor":[143,218,228,248,218,243,243,243,243,243,277,277,311,322,322,418,418,431,481,516,516,532,532,547,547,571,571,571,571,600,614,614,712,712,722,722,737,737,755,785,785,785,785,526,559,570,585,585,585,585],"floor_reached":51,"playtime":4870,"items_purged":["SwitchConfidence","theDuelist:GravekeeperCurse"],"score":790,"play_id":"c50ca94d-0b58-4ddd-98fb-b7ec6938b80f","local_time":"20201230121522","is_ascension_mode":false,"campfire_choices":[{"data":"theDuelist:BigFire","floor":7,"key":"SMITH"},{"floor":15,"key":"REST"},{"floor":23,"key":"REST"},{"data":"theDuelist:SwordDeepSeated","floor":25,"key":"SMITH"},{"data":"theDuelist:ScrapFactory","floor":28,"key":"SMITH"},{"floor":32,"key":"DIG"},{"data":"theDuelist:MillenniumShield","floor":41,"key":"SMITH"},{"floor":49,"key":"REST"}],"circlet_count":0,"master_deck":["theDuelist:ScrapFactory+1","theDuelist:MillenniumShield+1","theDuelist:BeaverWarrior+1","theDuelist:FusionWeapon","theDuelist:KamionTimelord+1","theDuelist:RainbowNeos","theDuelist:CastleWalls","theDuelist:GiantSoldier","theDuelist:ElectromagneticShield","theDuelist:BlockGolem","theDuelist:PurplePainOni","theDuelist:RainbowKuriboh","theDuelist:CastleWalls","theDuelist:RainbowOverdragon","theDuelist:Sparks","theDuelist:FinalFlame","theDuelist:Electrowhip","theDuelist:BeaverWarrior","Necronomicurse","theDuelist:GiantSoldier","theDuelist:RainbowOverdragon","theDuelist:SwordsConcealing","theDuelist:VendreadCharge","theDuelist:SwordDeepSeated+1","theDuelist:BigFire+1","theDuelist:GreenGraveOni","theDuelist:Tuningware+1","theDuelist:OrbMetronome+1","theDuelist:FluteKuriboh+1"],"relics":["theDuelist:MillenniumPuzzle","theDuelist:CardPoolRelic","theDuelist:CardPoolBasicRelic","theDuelist:BoosterPackPoolRelic","theDuelist:CardPoolAddRelic","theDuelist:CardPoolMinusRelic","theDuelist:CardPoolSaveRelic","theDuelist:CardPoolOptionsRelic","ReplayTheSpireMod:CursedCoin","Snake Skull","infinitespire:CursedDice","halation:AfternoonTea","Garlic","hubris:Backtick","theDuelist:MillenniumArmor","ReplayTheSpireMod:TigerMarble","Necronomicon","Simple Rune","betterThird:NestCultRelic","Whetstone","theDuelist:YugiMirror","theDuelist:GamblerChip","theDuelist:ResummonBranch","hubris:ToyBattleship","theDuelist:MillenniumPrayerbook","Onion Ring","theDuelist:MillenniumCoin","TwistedFunnel","Omamori","halation:PapillonHeart"],"acts_visited":["Exordium","TheCity","TheBeyond"],"potions_floor_usage":[33,33,33],"damage_taken":[{"damage":6,"enemies":"Cultist","floor":1,"turns":5},{"damage":0,"enemies":"2 Louse","floor":3,"turns":4},{"damage":2,"enemies":"Jaw Worm","floor":4,"turns":4},{"damage":0,"enemies":"Looter","floor":5,"turns":4},{"damage":1,"enemies":"Lagavulin","floor":6,"turns":7},{"damage":11,"enemies":"HollowMod:MossKnight","floor":11,"turns":12},{"damage":30,"enemies":"Gremlin Nob","floor":13,"turns":6},{"damage":0,"enemies":"Lots of Slimes","floor":14,"turns":1},{"damage":9,"enemies":"The Guardian","floor":16,"turns":15},{"damage":7,"enemies":"Chosen","floor":18,"turns":9},{"damage":21,"enemies":"Snake Plant","floor":20,"turns":6},{"damage":0,"enemies":"Centurion and Healer","floor":22,"turns":7},{"damage":7,"enemies":"3 Cultists","floor":24,"turns":5},{"damage":0,"enemies":"theDuelist:KaibaA2","floor":30,"turns":3},{"damage":0,"enemies":"Snake Plant","floor":31,"turns":5},{"damage":72,"enemies":"Champ","floor":33,"turns":14},{"damage":3,"enemies":"3 Darklings","floor":35,"turns":3},{"damage":0,"enemies":"3 Shapes","floor":37,"turns":5},{"damage":0,"enemies":"Maw","floor":39,"turns":6},{"damage":0,"enemies":"Giant Head","floor":40,"turns":9},{"damage":0,"enemies":"Jaw Worm Horde","floor":45,"turns":3},{"damage":15,"enemies":"Spire Growth","floor":46,"turns":5},{"damage":0,"enemies":"3 Darklings","floor":47,"turns":4},{"damage":10,"enemies":"Donu and Deca","floor":50,"turns":5}],"seed_played":"4746572310744958501","potions_obtained":[{"floor":4,"key":"theDuelist:FlamingBottle"},{"floor":6,"key":"theDuelist:TokenPotion"},{"floor":11,"key":"GamblersBrew"},{"floor":22,"key":"blueLaboratory:HummingbirdPotion"},{"floor":33,"key":"FairyPotion"},{"floor":47,"key":"theDuelist:WhiteBottle"}],"is_trial":false,"path_per_floor":["M","$","M","M","M","E","R","?","T","?","E","?","E","M","R","B",null,"M","T","M","?","M","R","M","R","T","?","R","$","E","M","R_BF","B",null,"M","?","M","AVR","M","E","R","?","T","$","M","M","M","?","R","B",null],"character_chosen":"THE_DUELIST","items_purchased":["ReplayTheSpireMod:CursedCoin","theDuelist:MillenniumCoin","TwistedFunnel","Omamori"],"campfire_rested":3,"item_purchase_floors":[2,44,44,44],"current_hp_per_floor":[74,74,74,72,72,71,71,76,76,76,65,65,35,35,60,66,85,78,78,57,41,41,66,73,73,73,73,73,73,73,73,73,1,85,82,82,82,82,82,82,82,82,82,82,82,67,67,67,81,76],"gold":585,"neow_bonus":"ONE_RANDOM_RARE_CARD","is_daily":false,"chose_seed":false,"campfire_upgraded":4,"win_rate":0.0,"timestamp":1609330522,"path_taken":["M","?","M","M","?","E","R","?","T","?","E","?","E","M","R","BOSS","M","?","M","?","M","R","M","R","T","?","R","$","E","M","R_BF","BOSS","M","?","M","AVR","M","E","R","?","T","$","M","M","M","?","R","BOSS"],"items_purchased_type":["Relic","Relic","Relic","Relic"],"build_version":"2020-12-22","purchased_purges":2,"victory":true,"max_hp_per_floor":[80,80,80,80,80,80,80,85,85,85,85,85,85,85,85,85,85,85,85,85,85,85,85,85,85,85,85,85,85,85,85,85,85,85,85,85,85,85,85,85,85,85,85,85,85,85,85,81,81,81],"card_choices":[{"not_picked":["theDuelist:FrontierWiseman","theDuelist:BlackPendant","theDuelist:PreventRat","theDuelist:BattleOx"],"picked":"theDuelist:Tuningware","floor":1},{"not_picked":["theDuelist:DoubleTool","theDuelist:CoreBlaster","theDuelist:CombinationAttack","theDuelist:BreakDraw"],"picked":"theDuelist:BigFire","floor":3},{"not_picked":["theDuelist:WhiteHowling","theDuelist:ImperialOrder","theDuelist:MiraculousDescent"],"picked":"theDuelist:ElectromagneticShield","floor":4},{"not_picked":["theDuelist:CrystalRaigeki","theDuelist:BlackPendant","theDuelist:WhiteMagicalHat","theDuelist:MiracleFertilizer"],"picked":"theDuelist:FusionWeapon","floor":5},{"not_picked":["theDuelist:GraniteLoyalist","theDuelist:Wiretap","theDuelist:RainbowOverdragon","theDuelist:RedMedicine"],"picked":"theDuelist:GreenGraveOni","floor":6},{"not_picked":["theDuelist:RainbowNeos","theDuelist:HappyLover","theDuelist:Eva","theDuelist:RainbowOverdragon"],"picked":"theDuelist:RainbowKuriboh","floor":11},{"not_picked":["theDuelist:RainbowNeos","theDuelist:BlueBloodedOni","theDuelist:RainbowKuriboh","theDuelist:RainbowOverdragon"],"picked":"theDuelist:PurplePainOni","floor":13},{"not_picked":["theDuelist:WhiteHowling","theDuelist:ImperialOrder","theDuelist:GravityAxe"],"picked":"theDuelist:Electrowhip","floor":14},{"not_picked":["theDuelist:Wildfire","theDuelist:SevenCompleted","theDuelist:LightLaser","theDuelist:GravityLash"],"picked":"theDuelist:SwordsConcealing","floor":16},{"not_picked":["theDuelist:AssaultArmor","theDuelist:EgoBoost","theDuelist:DarkBurningAttack","theDuelist:CrossAttack"],"picked":"theDuelist:VendreadCharge","floor":18},{"not_picked":["theDuelist:RainbowNeos","theDuelist:Eva+1","theDuelist:RainbowKuriboh","theDuelist:RainbowOverdragon"],"picked":"theDuelist:KamionTimelord","floor":20},{"not_picked":["theDuelist:CombinationAttack+1","theDuelist:Tuningware+1","theDuelist:CoreBlaster","theDuelist:ImperialOrder"],"picked":"theDuelist:SwordDeepSeated","floor":22},{"not_picked":["theDuelist:MeteorDestruction","theDuelist:EgoBoost","theDuelist:SpiritHarp","theDuelist:Eva","theDuelist:AfterGenocide"],"picked":"SKIP","floor":24},{"not_picked":["theDuelist:RainbowNeos","theDuelist:HappyLover","theDuelist:GreenGraveOni","theDuelist:RedHeadedOni"],"picked":"theDuelist:RainbowOverdragon","floor":30},{"not_picked":["theDuelist:PowerGiant","theDuelist:RedHeadedOni","theDuelist:DarklordSuperbia","theDuelist:Reload"],"picked":"theDuelist:BlockGolem","floor":31},{"not_picked":["theDuelist:HappyLover","theDuelist:Eva","theDuelist:RainbowKuriboh+1","theDuelist:RainbowOverdragon"],"picked":"theDuelist:RainbowNeos","floor":33},{"not_picked":["theDuelist:HappyLover","theDuelist:Eva","theDuelist:GreenGraveOni+1","theDuelist:RainbowKuriboh","theDuelist:RedHeadedOni"],"picked":"SKIP","floor":35},{"not_picked":["theDuelist:SparkBlaster+1","theDuelist:MeteorDestruction+2","theDuelist:MagnumShield+1","theDuelist:ChaosSeed+1","theDuelist:Wiretap"],"picked":"SKIP","floor":37},{"not_picked":["theDuelist:DarklordSuperbia","theDuelist:EarthquakeGiant","theDuelist:LightningVortex","theDuelist:WormKing+1","theDuelist:DestroyerGolem+1"],"picked":"SKIP","floor":39},{"not_picked":["theDuelist:Sangan","theDuelist:EarthGiant","theDuelist:Blockman+1","theDuelist:MillenniumShield"],"picked":"theDuelist:OrbMetronome+1","floor":40},{"not_picked":["theDuelist:PsychicShockwave","theDuelist:BigKoala","theDuelist:SangaEarth+1","theDuelist:MiraculousDescent","theDuelist:SevenCompleted"],"picked":"SKIP","floor":45},{"not_picked":["theDuelist:DoubleTool","theDuelist:CombinationAttack","theDuelist:SilentDoom","theDuelist:MythicalBeast","theDuelist:InfernoFireBlast"],"picked":"SKIP","floor":46},{"not_picked":["theDuelist:PotDuality","theDuelist:FrontierWiseman","theDuelist:Reinforcements","theDuelist:SolarWindJammer+1"],"picked":"theDuelist:FluteKuriboh+1","floor":47}],"player_experience":91329,"relics_obtained":[{"floor":6,"key":"Snake Skull"},{"floor":9,"key":"infinitespire:CursedDice"},{"floor":11,"key":"halation:AfternoonTea"},{"floor":13,"key":"Garlic"},{"floor":19,"key":"ReplayTheSpireMod:TigerMarble"},{"floor":21,"key":"Necronomicon"},{"floor":26,"key":"Simple Rune"},{"floor":30,"key":"Whetstone"},{"floor":32,"key":"theDuelist:YugiMirror"},{"floor":40,"key":"hubris:ToyBattleship"},{"floor":43,"key":"Onion Ring"}],"event_choices":[{"damage_healed":0,"gold_gain":0,"player_choice":"Donut","damage_taken":0,"max_hp_gain":5,"max_hp_loss":0,"event_name":"Big Fish","floor":8,"gold_loss":0},{"cards_removed":["theDuelist:Sparks"],"damage_healed":0,"gold_gain":0,"player_choice":"Purged","damage_taken":0,"max_hp_gain":0,"max_hp_loss":0,"event_name":"Purifier","floor":12,"gold_loss":0},{"damage_healed":0,"gold_gain":0,"player_choice":"Obtained Book","damage_taken":16,"max_hp_gain":0,"max_hp_loss":0,"event_name":"Cursed Tome","floor":21,"gold_loss":0},{"damage_healed":0,"gold_gain":0,"player_choice":"Madness","damage_taken":0,"relics_obtained":["betterThird:NestCultRelic"],"max_hp_gain":0,"max_hp_loss":0,"event_name":"betterThird:BetterNest","floor":27,"gold_loss":0},{"damage_healed":0,"gold_gain":0,"player_choice":"Leave","duelist":true,"damage_taken":0,"max_hp_gain":0,"max_hp_loss":0,"event_name":"Relic Duplicator","floor":36,"gold_loss":0},{"damage_healed":0,"gold_gain":0,"player_choice":"Took item - Received: Millennium Prayerbook","duelist":true,"damage_taken":0,"max_hp_gain":0,"max_hp_loss":0,"event_name":"Millennium Items","floor":42,"gold_loss":0}],"is_beta":false,"boss_relics":[{"not_picked":["halation:Yufonium","hubris:CrackedHourglass"],"picked":"hubris:Backtick"},{"not_picked":["hubris:TerracottaHorce","infinitespire:Cupcake"],"picked":"theDuelist:GamblerChip"}],"items_purged_floors":[2,44],"is_endless":false,"potions_floor_spawned":[4,6,11,18,22,31,33,37,46,47],"ascension_level":0}}