{"host":"2lrkmsuh7nz013qb","time":1609320753,"event":{"mods":["BaseMod","Colored Map","DeckTracker","Minty Spire (QoL Compilation)","SuperFastMode","everything is the same but u backflip on backflip"],"gold_per_floor":[119,131,149,161,161,161,194,194,217,217,242,167,185,195,195,266,266,282,299,27,38,38,64,64,90,90,90,101,10,10,26,26,26,26],"floor_reached":33,"playtime":877,"items_purged":["Strike_G","Strike_G","Strike_G"],"score":658,"play_id":"2233a1cb-7145-4eb0-88fb-5df0805ec51a","local_time":"20201230183233","is_ascension_mode":true,"campfire_choices":[{"data":"Finisher","floor":6.0,"key":"SMITH"},{"data":"Neutralize","floor":10.0,"key":"SMITH"},{"data":"Phantasmal Killer","floor":15.0,"key":"SMITH"},{"floor":24.0,"key":"REST"},{"floor":27.0,"key":"REST"},{"floor":32,"key":"REST"}],"circlet_count":0,"master_deck":["AscendersBane","Strike_G","Strike_G","Defend_G","Defend_G","Defend_G","Defend_G","Defend_G","Survivor","Neutralize+1","Flash of Steel","Blade Dance+1","Finisher+1","Terror+1","Phantasmal Killer+1","Acrobatics","Calculated Gamble","Grand Finale","Prepared","Purity","Blur","Accuracy"],"relics":["Ring of the Snake","Art of War","Anchor","Oddly Smooth Stone","SacredBark","Membership Card","CeramicFish","Letter Opener"],"acts_visited":["Exordium","TheCity"],"potions_floor_usage":[30],"damage_taken":[{"damage":0.0,"enemies":"2 Louse","floor":1.0,"turns":3.0},{"damage":1.0,"enemies":"Cultist","floor":2.0,"turns":3.0},{"damage":4.0,"enemies":"Jaw Worm","floor":3.0,"turns":5.0},{"damage":0.0,"enemies":"Exordium Wildlife","floor":4.0,"turns":4.0},{"damage":0.0,"enemies":"Lagavulin","floor":7.0,"turns":1.0},{"damage":6.0,"enemies":"Gremlin Nob","floor":11.0,"turns":3.0},{"damage":0.0,"enemies":"2 Fungi Beasts","floor":13.0,"turns":2.0},{"damage":0.0,"enemies":"Red Slaver","floor":14.0,"turns":3.0},{"damage":24.0,"enemies":"Hexaghost","floor":16.0,"turns":8.0},{"damage":5.0,"enemies":"Spheric Guardian","floor":18.0,"turns":3.0},{"damage":0.0,"enemies":"Shell Parasite","floor":19.0,"turns":2.0},{"damage":14.0,"enemies":"Snecko","floor":21.0,"turns":8.0},{"damage":31.0,"enemies":"Slavers","floor":23.0,"turns":3.0},{"damage":4.0,"enemies":"Centurion and Healer","floor":25.0,"turns":5.0},{"damage":0.0,"enemies":"Chosen and Byrds","floor":28.0,"turns":2.0},{"damage":1,"enemies":"Colosseum Slavers","floor":30,"turns":3},{"damage":34,"enemies":"Snake Plant","floor":31,"turns":5},{"damage":30,"enemies":"Champ","floor":33,"turns":9}],"seed_played":"-8078429587161314566","potions_obtained":[{"floor":2.0,"key":"SpeedPotion"},{"floor":3.0,"key":"Poison Potion"},{"floor":4.0,"key":"CunningPotion"},{"floor":14.0,"key":"SteroidPotion"},{"floor":25.0,"key":"Energy Potion"},{"floor":28.0,"key":"Explosive Potion"}],"is_trial":false,"path_per_floor":["M","M","M","M","?","R","E","?","T","R","E","$","M","M","R","B",null,"M","M","$","M","?","E","R","M","T","R","M","$","?","M","R","B"],"character_chosen":"THE_SILENT","items_purchased":["Membership Card","Purity","Accuracy"],"campfire_rested":3,"item_purchase_floors":[20,20,29],"current_hp_per_floor":[59,58,54,54,54,54,54,54,54,54,48,48,48,48,48,24,56,51,51,51,37,37,6,25,21,21,40,40,40,39,5,24,0,0],"gold":26,"neow_bonus":"RANDOM_COLORLESS","is_daily":false,"chose_seed":false,"campfire_upgraded":3,"win_rate":0.0,"timestamp":1609320753,"path_taken":["M","M","M","M","?","R","E","?","T","R","E","$","?","?","R","BOSS","M","M","$","M","?","E","R","M","T","R","M","$","?","M","R","BOSS"],"items_purchased_type":["Relic","Card","Card"],"build_version":"2020-12-22","purchased_purges":3,"victory":false,"max_hp_per_floor":[66,66,66,66,66,66,66,66,66,66,66,66,66,66,66,66,66,66,66,66,66,66,66,66,66,66,66,66,66,66,66,66,66,66],"card_choices":[{"not_picked":["Blind","Dark Shackles"],"picked":"Flash of Steel","floor":0.0},{"not_picked":["Eviscerate","Dash"],"picked":"Blade Dance","floor":1.0},{"not_picked":["Prepared","Cloak And Dagger","Dagger Spray"],"picked":"SKIP","floor":2.0},{"not_picked":["Outmaneuver","Cloak And Dagger"],"picked":"Finisher","floor":3.0},{"not_picked":["Sucker Punch","Outmaneuver"],"picked":"Terror","floor":4.0},{"not_picked":["Dagger Throw","Dodge and Roll","Predator"],"picked":"SKIP","floor":7.0},{"not_picked":["Quick Slash","Deadly Poison"],"picked":"Phantasmal Killer","floor":11.0},{"not_picked":["Dodge and Roll","Sucker Punch"],"picked":"Acrobatics","floor":13.0},{"not_picked":["Catalyst","Quick Slash"],"picked":"Calculated Gamble","floor":14.0},{"not_picked":["A Thousand Cuts","Adrenaline"],"picked":"Grand Finale","floor":16.0},{"not_picked":["Dagger Throw","Dagger Spray","Underhanded Strike"],"picked":"SKIP","floor":18.0},{"not_picked":["Bouncing Flask","Die Die Die"],"picked":"Prepared","floor":19.0},{"not_picked":["Sucker Punch","Deadly Poison","Infinite Blades"],"picked":"SKIP","floor":21.0},{"not_picked":["Riddle With Holes","Poisoned Stab","All Out Attack"],"picked":"SKIP","floor":23.0},{"not_picked":["Flying Knee","Bouncing Flask+1"],"picked":"Blur","floor":25.0},{"not_picked":["Noxious Fumes","Distraction","Dodge and Roll+1"],"picked":"SKIP","floor":28.0},{"not_picked":["Glass Knife","Deadly Poison","Outmaneuver+1"],"picked":"SKIP","floor":31}],"player_experience":711682,"relics_obtained":[{"floor":7.0,"key":"Art of War"},{"floor":9.0,"key":"Anchor"},{"floor":11.0,"key":"Oddly Smooth Stone"},{"floor":23.0,"key":"CeramicFish"},{"floor":26.0,"key":"Letter Opener"}],"event_choices":[{"damage_healed":0.0,"max_hp_gain":0.0,"max_hp_loss":0.0,"gold_gain":0.0,"event_name":"Living Wall","player_choice":"Grow","floor":5.0,"gold_loss":0.0,"damage_taken":0.0,"cards_upgraded":["Blade Dance"]},{"damage_healed":0.0,"max_hp_gain":0.0,"max_hp_loss":0.0,"gold_gain":0.0,"event_name":"Accursed Blacksmith","player_choice":"Forge","floor":8.0,"gold_loss":0.0,"damage_taken":0.0,"cards_upgraded":["Terror"]},{"damage_healed":0.0,"max_hp_gain":0.0,"max_hp_loss":0.0,"gold_gain":0.0,"event_name":"Vampires","player_choice":"Ignored","floor":22.0,"gold_loss":0.0,"damage_taken":0.0},{"damage_healed":0,"gold_gain":0,"player_choice":"Fight","damage_taken":0,"max_hp_gain":0,"max_hp_loss":0,"event_name":"Colosseum","floor":30,"gold_loss":0},{"damage_healed":0,"gold_gain":0,"player_choice":"Fled From Nobs","damage_taken":0,"max_hp_gain":0,"max_hp_loss":0,"event_name":"Colosseum","floor":30,"gold_loss":0}],"is_beta":false,"boss_relics":[{"not_picked":["Runic Dome","Snecko Eye"],"picked":"SacredBark"}],"items_purged_floors":[12,20,29],"is_endless":false,"potions_floor_spawned":[2,3,4,14,25,28],"killed_by":"Champ","ascension_level":20}}