{"host":"6ve8qn5s1am4lo6s","time":1609292688,"event":{"mods":["AchievementEnabler","BaseMod","BetterRewards","Evolution","Friendly Minions","GifTheSpireLib","Minty Spire (QoL Compilation)","Permanent Neow","Relic Stats","StSLib","Yakumo Yukari mod"],"gold_per_floor":[15,115,128,141,15,15,15,15,15,15,34,89,89,108,108,203,203,223,56,56,66,86,86,11,11,11,11,22,40,40,40],"floor_reached":30,"playtime":2654,"items_purged":["AT_purpleEX"],"score":220,"play_id":"bb6c0316-c670-437f-9944-bd31b5699128","local_time":"20201229204448","is_ascension_mode":false,"campfire_choices":[{"floor":6.0,"key":"RECALL"},{"data":"RuptureOfTimeAndSpace_purple","floor":8.0,"key":"SMITH"},{"data":"EighthInstrument_OneDividesIntoTwo_purple","floor":13.0,"key":"SMITH"},{"data":"WatchEChange_purple","floor":15.0,"key":"SMITH"},{"data":"MagicEyes_LaplaceDemon_purple","floor":23,"key":"SMITH"},{"data":"Line_surface_state_purple","floor":25,"key":"SMITH"},{"data":"Observe_purple_2","floor":27,"key":"SMITH"}],"circlet_count":0,"master_deck":["AT_purpleEX","AT_purpleEX","AT_purpleEX","Defend_purpleEX","Defend_purpleEX","Defend_purpleEX","Defend_purpleEX","Observe_purple_1","Observe_purple_2+1","WangLiang_OokamiKakushi_purple","Line_surface_state_purple+1","RuptureOfTimeAndSpace_purple+1","Fantasy_PerpetualMotionMachine_purple","Boundary_of_Extermination_purpleEX","DimensionStaggered_purple","EighthInstrument_OneDividesIntoTwo_purple+1","WatchEChange_purple+1","MagicEyes_LaplaceDemon_purple+1","MeetDecomposer_purple","Fantasy_PerpetualMotionMachine_purple","Shallow_ocean_purpleEX","Anti_communist_purple","EighthInstrument_OneDividesIntoTwo_purple","Shallow_ocean_purpleEX","Shallow_ocean_purpleEX","RealityDreamConfluencek_purple"],"relics":["Boundary_crack","Memoryfragments_purpleEX","EVO:Axolotl","Orichalcum","Sozu","White Beast Statue"],"acts_visited":["Exordium","TheCity"],"potions_floor_usage":[21],"damage_taken":[{"damage":4.0,"enemies":"Jaw Worm","floor":1.0,"turns":6.0},{"damage":2.0,"enemies":"Cultist","floor":3.0,"turns":4.0},{"damage":0.0,"enemies":"Small Slimes","floor":4.0,"turns":4.0},{"damage":5.0,"enemies":"3 Louse","floor":11.0,"turns":6.0},{"damage":3.0,"enemies":"Looter","floor":14.0,"turns":4.0},{"damage":20.0,"enemies":"Hexaghost","floor":16.0,"turns":8.0},{"damage":14.0,"enemies":"Spheric Guardian","floor":18.0,"turns":6.0},{"damage":38,"enemies":"2 Thieves","floor":21,"turns":4},{"damage":12,"enemies":"Snake Plant","floor":22,"turns":5},{"damage":4,"enemies":"Cultist and Chosen","floor":28,"turns":4},{"damage":22,"enemies":"Snecko","floor":29,"turns":6},{"damage":16,"enemies":"Gremlin Leader","floor":30,"turns":3}],"seed_played":"-8193336939927917277","potions_obtained":[{"floor":1.0,"key":"LiquidMemories"},{"floor":16.0,"key":"Swift Potion"}],"is_trial":false,"path_per_floor":["M","?","M","M","$","R","$","R","T","$","M","T","R","M","R","B",null,"M","$","?","M","M","R","$","R","T","R","M","M","E"],"character_chosen":"Youkari","items_purchased":["Boundary_of_Extermination_purpleEX","DimensionStaggered_purple","Fantasy_PerpetualMotionMachine_purple","Shallow_ocean_purpleEX","Anti_communist_purple"],"campfire_rested":0,"item_purchase_floors":[5,5,19,19,19],"current_hp_per_floor":[69,69,67,68,68,68,68,68,68,68,68,68,68,66,66,50,70,58,58,58,40,32,32,32,32,32,32,30,10,0,0],"gold":40,"neow_bonus":"THREE_RARE_CARDS","is_daily":false,"chose_seed":false,"campfire_upgraded":6,"win_rate":0.0,"timestamp":1609292688,"path_taken":["M","?","?","M","$","R","$","R","T","?","M","?","R","M","R","BOSS","M","$","?","M","M","R","$","R","T","R","M","M","E"],"items_purchased_type":["Card","Card","Card","Card","Card"],"build_version":"2020-12-22","purchased_purges":1,"victory":false,"max_hp_per_floor":[70,70,70,70,70,70,70,70,70,70,70,70,70,70,70,70,70,70,70,70,70,70,70,70,70,70,70,70,70,70,70],"relic_stats":{"Sozu":5,"counters":[12,60],"Orichalcum":[42],"obtain_stats":[{"Sozu":17,"EVO:Axolotl":0,"Boundary_crack":0,"Orichalcum":12,"White Beast Statue":26,"Memoryfragments_purpleEX":0},{"Sozu":6,"EVO:Axolotl":0,"Boundary_crack":0,"Orichalcum":4,"White Beast Statue":9,"Memoryfragments_purpleEX":0},{"Sozu":32,"EVO:Axolotl":0,"Boundary_crack":0,"Orichalcum":20,"White Beast Statue":47,"Memoryfragments_purpleEX":0}]},"card_choices":[{"not_picked":["WangLiang_LineAndCurveDreams_purple","Computing_the_future_purpleEX"],"picked":"WangLiang_OokamiKakushi_purple","floor":0.0},{"not_picked":["OmniscientAndOmnipotent_Monster_purple","Shallow_ocean_purpleEX"],"picked":"Line_surface_state_purple","floor":1.0},{"not_picked":["Realm_recovery_purpleEX","Photoelasticity_Doppler_Effect_purple"],"picked":"RuptureOfTimeAndSpace_purple","floor":3.0},{"not_picked":["SharpContractionReality_purple","Realm_recovery_purpleEX"],"picked":"Fantasy_PerpetualMotionMachine_purple","floor":4.0},{"not_picked":["DimensionStaggered_purple","RuleDissolution_purple"],"picked":"EighthInstrument_OneDividesIntoTwo_purple","floor":11.0},{"not_picked":["Realm_recovery_purpleEX","Boundary_of_Extermination_purpleEX"],"picked":"WatchEChange_purple","floor":14.0},{"not_picked":["UniverseChoice_purple","Human_Monster_Realm_purple"],"picked":"MagicEyes_LaplaceDemon_purple","floor":16.0},{"not_picked":["ExistenceContinue_purple","WatchEChange_purple+1"],"picked":"MeetDecomposer_purple","floor":18.0},{"not_picked":["Mirror_FormAndEmptin_purple","MNeedle_purple"],"picked":"EighthInstrument_OneDividesIntoTwo_purple","floor":21},{"not_picked":["EighthInstrument_OneDividesIntoTwo_purple","OmniscientAndOmnipotent_Monster_purple+1"],"picked":"Shallow_ocean_purpleEX","floor":22},{"not_picked":["Mirror_Drifter_purple","Mirror_FourBoundary_purple"],"picked":"Shallow_ocean_purpleEX","floor":28},{"not_picked":["Charmbait_purple","Bait_HighSpeedFlying_purple"],"picked":"RealityDreamConfluencek_purple","floor":29}],"player_experience":243276,"relics_obtained":[{"floor":12.0,"key":"Orichalcum"},{"floor":26,"key":"White Beast Statue"}],"event_choices":[{"damage_healed":0.0,"max_hp_gain":0.0,"max_hp_loss":0.0,"gold_gain":100.0,"event_name":"Golden Shrine","player_choice":"Pray","floor":2.0,"gold_loss":0.0,"damage_taken":0.0},{"damage_healed":0.0,"max_hp_gain":0.0,"max_hp_loss":0.0,"gold_gain":0.0,"event_name":"Ghosts","player_choice":"Ignored","floor":20.0,"gold_loss":0.0,"damage_taken":0.0}],"is_beta":false,"boss_relics":[{"not_picked":["Coffee Dripper","Busted Crown"],"picked":"Sozu"}],"items_purged_floors":[24],"is_endless":false,"potions_floor_spawned":[1,16,18,21,22,28,29],"killed_by":"Gremlin Leader","ascension_level":0}}