{"host":"t1puqh5lxz8sp6fn","time":1609351615,"event":{"mods":["BaseMod","Colored Powertips","Minty Spire (QoL Compilation)","Rare Cards Sparkle","Replay The Spire","StSLib"],"gold_per_floor":[211,172,189,189,189,218,314,314,314,340,357,372,38,38,38,38,38],"floor_reached":16,"playtime":611,"items_purged":[],"score":167,"play_id":"61455044-929c-4bbe-b5a4-d2b8811dcc50","local_time":"20201230150655","is_ascension_mode":true,"campfire_choices":[{"floor":8,"key":"REST"},{"floor":15,"key":"REST"}],"circlet_count":0,"master_deck":["AscendersBane","Strike_R","Strike_R","Strike_R","Strike_R","Defend_R","Defend_R","Defend_R","Defend_R","Bash","Flex","Thunderclap","Thunderclap","ReplayTheSpireMod:Corrosion Curse","Sword Boomerang","Cleave","Armaments","Flex","Shrug It Off","Infernal Blade","Inflame","ReplayTheSpireMod:Private Reserves","Master of Strategy"],"relics":["Burning Blood","Pantograph","Gambling Chip","Bird Faced Urn","Golden Egg"],"acts_visited":["Exordium"],"potions_floor_usage":[10],"damage_taken":[{"damage":6,"enemies":"2 Louse","floor":1,"turns":4},{"damage":12,"enemies":"Jaw Worm","floor":3,"turns":2},{"damage":39,"enemies":"Lagavulin","floor":6,"turns":6},{"damage":29,"enemies":"3 Sentries","floor":10,"turns":5},{"damage":12,"enemies":"Small Slimes","floor":11,"turns":3},{"damage":8,"enemies":"3 Louse","floor":12,"turns":2},{"damage":66,"enemies":"Hexaghost","floor":16,"turns":11}],"seed_played":"-1351595036062405382","potions_obtained":[{"floor":3,"key":"BloodPotion"}],"is_trial":false,"path_per_floor":["M","$","M","?","?","E","?","R","T","E","M","M","$","?","R","B"],"character_chosen":"IRONCLAD","items_purchased":["Thunderclap","Inflame","ReplayTheSpireMod:Private Reserves","Master of Strategy"],"campfire_rested":2,"item_purchase_floors":[2,13,13,13],"current_hp_per_floor":[72,72,66,66,59,26,6,30,30,23,17,15,15,15,39,0,0],"gold":38,"neow_bonus":"HUNDRED_GOLD","is_daily":false,"chose_seed":false,"campfire_upgraded":0,"win_rate":0.0,"timestamp":1609351615,"path_taken":["M","$","M","?","?","E","?","R","T","E","M","M","$","?","R","BOSS"],"items_purchased_type":["Card","Card","Card","Card"],"build_version":"2020-12-13","purchased_purges":0,"victory":false,"max_hp_per_floor":[80,80,80,80,80,80,80,80,80,80,80,80,80,80,80,80,80],"card_choices":[{"not_picked":["Iron Wave","Perfected Strike"],"picked":"Flex","floor":1},{"not_picked":["Perfected Strike","Dual Wield"],"picked":"ReplayTheSpireMod:Corrosion Curse","floor":3},{"not_picked":["Intimidate","Metallicize"],"picked":"Sword Boomerang","floor":6},{"not_picked":["ReplayTheSpireMod:LeadingStrike","Ghostly Armor"],"picked":"Cleave","floor":7},{"not_picked":["Iron Wave","Entrench"],"picked":"Armaments","floor":7},{"not_picked":["Entrench","Perfected Strike"],"picked":"Flex","floor":7},{"not_picked":["Body Slam","Immolate","Armaments"],"picked":"SKIP","floor":10},{"not_picked":["Sever Soul","Fire Breathing"],"picked":"Shrug It Off","floor":11},{"not_picked":["Dark Embrace","Warcry"],"picked":"Infernal Blade","floor":12}],"player_experience":396373,"relics_obtained":[{"floor":6,"key":"Pantograph"},{"floor":9,"key":"Gambling Chip"},{"floor":10,"key":"Bird Faced Urn"}],"event_choices":[{"damage_healed":0,"gold_gain":0,"player_choice":"Ignored","damage_taken":0,"max_hp_gain":0,"max_hp_loss":0,"event_name":"Liars Game","floor":4,"gold_loss":0},{"cards_removed":["Strike_R"],"damage_healed":0,"gold_gain":0,"player_choice":"Card Removal","damage_taken":7,"max_hp_gain":0,"max_hp_loss":0,"event_name":"Golden Wing","floor":5,"gold_loss":0},{"damage_healed":0,"gold_gain":0,"player_choice":"Searched \u00271\u0027 times","damage_taken":0,"relics_obtained":["Golden Egg"],"max_hp_gain":0,"max_hp_loss":0,"event_name":"Dead Adventurer","floor":14,"gold_loss":0}],"is_beta":false,"boss_relics":[],"items_purged_floors":[],"is_endless":false,"potions_floor_spawned":[3],"killed_by":"Hexaghost","ascension_level":11}}