{"host":"xazfs2cmso1lkipw","time":1609342119,"event":{"mods":["Arknights The Spire","BaseMod","Bestiary","Better Third Choice","Colored Powertips","Custom Start","Highlight Path","Mad Scientist","Marisa????????","Minty Spire (QoL Compilation)","Quick Restart","Railgun Mod","Relic Stats","Remilia??????","Shop Mod","StSLib","The Alterego","The Elementalist","The Servant 0.9.4","TheSwordswoman"],"gold_per_floor":[115,127,127,88,101,101,101,101,101,120,150,150,165,183,183,288,288,304,323,423,45,45,45],"floor_reached":22,"playtime":953,"items_purged":[],"score":236,"play_id":"42fb095b-6104-45dc-b422-a95ae428c0d7","local_time":"20201230232839","daily_mods":["Hoarder","Heirloom","Time Dilation","Flight","Elite Swarm","Lethality"],"is_ascension_mode":false,"campfire_choices":[{"floor":6,"key":"REST"},{"floor":7,"key":"REST"},{"floor":8,"key":"REST"},{"floor":15,"key":"REST"}],"circlet_count":0,"master_deck":["Demon Form","Wraith Form v2","Echo Form","DevaForm","TheRailgun:Level_6","BatForm","MadScienceMod:Strike_MadScience","MadScienceMod:Strike_MadScience","MadScienceMod:Strike_MadScience","MadScienceMod:Strike_MadScience","MadScienceMod:Defend_MadScience","MadScienceMod:Defend_MadScience","MadScienceMod:Defend_MadScience","MadScienceMod:Defend_MadScience","MadScienceMod:PoweredStrike","MadScienceMod:HideBehindJunk","MadScienceMod:Refuel","MadScienceMod:Refuel","MadScienceMod:Refuel","MadScienceMod:Redesign","MadScienceMod:Redesign","MadScienceMod:Redesign","MadScienceMod:SelfDestruct","MadScienceMod:SelfDestruct","MadScienceMod:SelfDestruct","MadScienceMod:AcidSpray","MadScienceMod:AcidSpray","MadScienceMod:AcidSpray","MadScienceMod:ArtilleryShot","MadScienceMod:ArtilleryShot","MadScienceMod:ArtilleryShot","MadScienceMod:Generator","MadScienceMod:Generator","MadScienceMod:Generator","MadScienceMod:AutoStrike","MadScienceMod:AutoStrike","MadScienceMod:AutoStrike","MadScienceMod:OilDrum+1","MadScienceMod:OilDrum+1","MadScienceMod:OilDrum+1","Deep Breath","Deep Breath","Deep Breath","MadScienceMod:OilDrum","MadScienceMod:OilDrum","MadScienceMod:OilDrum"],"relics":["MadScienceMod:FuelTank","Unceasing Top","betterThird:SlimedRelic","Happy Flower","Juzu Bracelet","elementalistmod:YellowCirclet","Gremlin Horn"],"acts_visited":["Exordium","TheCity"],"potions_floor_usage":[],"damage_taken":[{"damage":10,"enemies":"2 Louse","floor":1,"turns":3},{"damage":14,"enemies":"Jaw Worm","floor":2,"turns":3},{"damage":31,"enemies":"Cultist","floor":5,"turns":5},{"damage":24,"enemies":"Red Slaver","floor":10,"turns":5},{"damage":2,"enemies":"3 Sentries","floor":11,"turns":2},{"damage":0,"enemies":"3 Louse","floor":13,"turns":2},{"damage":0,"enemies":"Blue Slaver","floor":14,"turns":1},{"damage":53,"enemies":"Hexaghost","floor":16,"turns":9},{"damage":70,"enemies":"3 Byrds","floor":18,"turns":4},{"damage":0,"enemies":"Spheric Guardian","floor":19,"turns":1},{"damage":10,"enemies":"3 Cultists","floor":22,"turns":2}],"seed_played":"5065046232648787230","potions_obtained":[{"floor":1,"key":"SpeedPotion"},{"floor":10,"key":"PowerPotion"},{"floor":16,"key":"Energy Potion"}],"is_trial":true,"path_per_floor":["M","M","?","?","M","R","R","R","T","M","E","?","M","M","R","B",null,"M","M","?","$","M"],"character_chosen":"MAD_SCIENTIST","items_purchased":["Gremlin Horn","Deep Breath","MadScienceMod:OilDrum"],"campfire_rested":4,"item_purchase_floors":[21,21,21],"current_hp_per_floor":[65,51,44,33,2,24,46,68,68,44,42,42,42,42,64,26,75,5,5,5,5,0,0],"gold":45,"neow_bonus":"","is_daily":false,"chose_seed":false,"campfire_upgraded":0,"win_rate":0.0,"timestamp":1609342119,"path_taken":["M","M","?","?","M","R","R","R","T","M","E","?","M","M","R","BOSS","M","M","?","$","M"],"items_purchased_type":["Relic","Card","Card"],"build_version":"2020-12-22","purchased_purges":0,"victory":false,"max_hp_per_floor":[75,75,75,75,75,75,75,75,75,75,75,75,75,75,75,75,75,75,75,75,75,75,75],"relic_stats":{"Happy Flower":[8],"Gremlin Horn":[0,0],"counters":[11,37],"Juzu Bracelet":0,"obtain_stats":[{"MadScienceMod:FuelTank":0,"Happy Flower":9,"Gremlin Horn":21,"betterThird:SlimedRelic":4,"elementalistmod:YellowCirclet":12,"Juzu Bracelet":11,"Unceasing Top":0},{"MadScienceMod:FuelTank":0,"Happy Flower":3,"Gremlin Horn":10,"betterThird:SlimedRelic":2,"elementalistmod:YellowCirclet":5,"Juzu Bracelet":5,"Unceasing Top":0},{"MadScienceMod:FuelTank":0,"Happy Flower":11,"Gremlin Horn":35,"betterThird:SlimedRelic":6,"elementalistmod:YellowCirclet":18,"Juzu Bracelet":18,"Unceasing Top":0}],"Unceasing Top":[2]},"card_choices":[{"not_picked":["MadScienceMod:EnergyBarrier","MadScienceMod:ExtractOil"],"picked":"MadScienceMod:Refuel","floor":1},{"not_picked":["MadScienceMod:EnergyBarrier","MadScienceMod:NowOrNever"],"picked":"MadScienceMod:Redesign","floor":2},{"not_picked":["MadScienceMod:Sprocket","MadScienceMod:TimeDilationField"],"picked":"MadScienceMod:SelfDestruct","floor":5},{"not_picked":["MadScienceMod:FlexibleSpear","MadScienceMod:NowOrNever"],"picked":"MadScienceMod:AcidSpray","floor":10},{"not_picked":["MadScienceMod:Assemble","MadScienceMod:Mechanize"],"picked":"MadScienceMod:ArtilleryShot","floor":11},{"not_picked":["MadScienceMod:FumeBlast","MadScienceMod:MinatureWeapons","MadScienceMod:Bayonet"],"picked":"SKIP","floor":13},{"not_picked":["MadScienceMod:FlexibleSpear","MadScienceMod:AutoStrike","MadScienceMod:Bayonet"],"picked":"SKIP","floor":14},{"not_picked":["MadScienceMod:CondenseVapors","MadScienceMod:Assemble"],"picked":"MadScienceMod:Generator","floor":16},{"not_picked":["MadScienceMod:Browse","MadScienceMod:FlammableWall"],"picked":"MadScienceMod:AutoStrike","floor":18},{"not_picked":["MadScienceMod:AntimatterBomb+1","MadScienceMod:Strafe+1"],"picked":"MadScienceMod:OilDrum+1","floor":19}],"player_experience":15421,"relics_obtained":[{"floor":9,"key":"Happy Flower"},{"floor":11,"key":"Juzu Bracelet"}],"event_choices":[{"cards_removed":["FlawlessForm"],"damage_healed":0,"gold_gain":0,"player_choice":"Card Removal","damage_taken":7,"max_hp_gain":0,"max_hp_loss":0,"event_name":"Golden Wing","floor":3,"gold_loss":0},{"damage_healed":0,"gold_gain":0,"player_choice":"Slimed","damage_taken":11,"max_hp_gain":0,"max_hp_loss":0,"event_name":"betterThird:BetterGoop","floor":4,"gold_loss":39},{"damage_healed":0,"gold_gain":100,"player_choice":"Pray","damage_taken":0,"max_hp_gain":0,"max_hp_loss":0,"event_name":"Golden Shrine","floor":20,"gold_loss":0}],"is_beta":false,"boss_relics":[{"not_picked":["Velvet Choker","Runic Dome","Pandora\u0027s Box"]}],"items_purged_floors":[],"is_endless":false,"potions_floor_spawned":[1,10,16,19],"killed_by":"3 Cultists","ascension_level":0}}