{"host":"pynofkhbweftzsaw","time":1609294709,"event":{"mods":["BaseMod","Colored Map","Marisa????????","Minty Spire (QoL Compilation)","StSLib","The Servant 0.9.4"],"gold_per_floor":[112,112,112,131,56,100,47,65,65,65,100,100,119,142,142,265,265,281,181,181,197,215,215,215],"floor_reached":23,"playtime":4207,"items_purged":["Defend_MRS","Injury"],"score":285,"play_id":"ad9c3909-5a0d-4a18-badc-d87423a7bf39","local_time":"20201230101829","is_ascension_mode":true,"campfire_choices":[{"data":"ManaConvection","floor":10,"key":"SMITH"},{"data":"BlazeAway","floor":15,"key":"SMITH"}],"circlet_count":0,"master_deck":["Strike_MRS","Strike_MRS","Strike_MRS","Strike_MRS","Defend_MRS","Defend_MRS","Defend_MRS","MasterSpark","UpSweep+1","ManaConvection+1","EarthLightRay","Orbital","Acceleration","MysteriousBeam","BlazeAway+1","MysteriousBeam","Acceleration","UltimateShortwave","OpenUniverse","Writhe"],"relics":["MiniHakkero","NeowsBlessing","Golden Idol","Dream Catcher","Pear","Kunai","FossilizedHelix","Fusion Hammer","Strawberry"],"acts_visited":["Exordium","TheCity"],"potions_floor_usage":[],"damage_taken":[{"damage":0,"enemies":"Small Slimes","floor":1,"turns":1},{"damage":0,"enemies":"Jaw Worm","floor":4,"turns":1},{"damage":0,"enemies":"Lagavulin","floor":6,"turns":1},{"damage":16,"enemies":"Cultist","floor":8,"turns":4},{"damage":20,"enemies":"3 Sentries","floor":11,"turns":5},{"damage":0,"enemies":"Looter","floor":13,"turns":1},{"damage":0,"enemies":"2 Fungi Beasts","floor":14,"turns":1},{"damage":39,"enemies":"The Guardian","floor":16,"turns":5},{"damage":11,"enemies":"2 Thieves","floor":18,"turns":2},{"damage":7,"enemies":"Shell Parasite","floor":21,"turns":2},{"damage":11,"enemies":"Sentry and Sphere","floor":22,"turns":3},{"damage":86,"enemies":"Gremlin Leader","floor":23,"turns":3}],"seed_played":"-1461457555327262412","potions_obtained":[{"floor":1,"key":"SpeedPotion"},{"floor":6,"key":"SmokeBomb"},{"floor":14,"key":"SkillPotion"},{"floor":22,"key":"SteroidPotion"}],"is_trial":false,"path_per_floor":["M","?","?","M","$","E","$","M","T","R","E","?","M","M","R","B",null,"M","$","?","M","M","E"],"character_chosen":"MARISA","items_purchased":["Acceleration"],"campfire_rested":0,"item_purchase_floors":[7],"current_hp_per_floor":[75,75,75,75,75,75,75,63,73,73,57,57,57,61,61,26,85,74,74,81,74,67,0,0],"gold":215,"neow_bonus":"THREE_ENEMY_KILL","is_daily":false,"chose_seed":false,"campfire_upgraded":2,"win_rate":0.0,"timestamp":1609294709,"path_taken":["M","?","?","M","?","E","$","M","T","R","E","?","M","M","R","BOSS","M","?","?","M","M","E"],"items_purchased_type":["Card"],"build_version":"2020-12-22","purchased_purges":2,"victory":false,"max_hp_per_floor":[75,75,75,75,75,75,75,75,85,85,85,85,85,85,85,85,85,85,85,92,92,92,92,92],"card_choices":[{"not_picked":["SporeBomb","GrandCross"],"picked":"ManaConvection","floor":1},{"not_picked":["WitchOfGreed","MilkyWay"],"picked":"EarthLightRay","floor":4},{"not_picked":["FairyDestructionRay","ShootingEcho"],"picked":"Orbital","floor":6},{"not_picked":["DeepEcoloBomb","PowerUp"],"picked":"MysteriousBeam","floor":8},{"not_picked":["UnstableBomb","SporeBomb"],"picked":"BlazeAway","floor":11},{"not_picked":["DragonMeteor","StarBarrage"],"picked":"MysteriousBeam","floor":13},{"not_picked":["EventHorizon","ChargeUpSpray"],"picked":"Acceleration","floor":14},{"not_picked":["AbsoluteMagnitude","JA"],"picked":"UltimateShortwave","floor":16},{"not_picked":["OrrerysSun","OneTimeOff+1"],"picked":"OpenUniverse","floor":18},{"not_picked":["FairyDestructionRay+1","GrandCross","MachineGunSpark"],"picked":"SKIP","floor":21},{"not_picked":["UnstableBomb","GravityBeat","AsteroidBelt"],"picked":"SKIP","floor":22}],"player_experience":93947,"relics_obtained":[{"floor":6,"key":"Dream Catcher"},{"floor":9,"key":"Pear"},{"floor":11,"key":"Kunai"},{"floor":12,"key":"FossilizedHelix"}],"event_choices":[{"damage_healed":0,"gold_gain":0,"player_choice":"Grow","damage_taken":0,"max_hp_gain":0,"max_hp_loss":0,"event_name":"Living Wall","floor":2,"gold_loss":0,"cards_upgraded":["UpSweep"]},{"damage_healed":0,"gold_gain":0,"player_choice":"Take Wound","damage_taken":0,"relics_obtained":["Golden Idol"],"max_hp_gain":0,"max_hp_loss":0,"event_name":"Golden Idol","floor":3,"gold_loss":0,"cards_obtained":["Injury"]},{"damage_healed":0,"gold_gain":0,"player_choice":"Relic","damage_taken":0,"max_hp_gain":0,"max_hp_loss":0,"event_name":"Wheel of Change","floor":12,"gold_loss":0},{"damage_healed":0,"gold_gain":0,"player_choice":"Opened","damage_taken":0,"relics_obtained":["Strawberry"],"max_hp_gain":0,"max_hp_loss":0,"event_name":"The Mausoleum","floor":20,"gold_loss":0,"cards_obtained":["Writhe"]}],"is_beta":false,"boss_relics":[{"not_picked":["Coffee Dripper","Busted Crown"],"picked":"Fusion Hammer"}],"items_purged_floors":[5,19],"is_endless":false,"potions_floor_spawned":[1,6,14,22],"killed_by":"Gremlin Leader","ascension_level":3}}