{"host":"1ivxh6f0wtekmpqo","time":1609325630,"event":{"mods":["AchievementEnabler","BaseMod","Colored Map","Minty Spire (QoL Compilation)","Rare Cards Sparkle","StSLib","SuperFastMode","everything is the same but u backflip on backflip"],"gold_per_floor":[117,117,117,42,56,95,95,118,118,156,156,171,27,27,27,27,27],"floor_reached":16,"playtime":546,"items_purged":["Injury"],"score":133,"play_id":"fa6ef93e-a7e4-45e4-a9f5-0e0793d63940","local_time":"20201230185350","is_ascension_mode":false,"campfire_choices":[{"data":"Vault","floor":11,"key":"SMITH"},{"data":"CrushJoints","floor":15,"key":"SMITH"}],"circlet_count":0,"master_deck":["Strike_P","Strike_P","Strike_P","Strike_P","Defend_P","Defend_P","Defend_P","Defend_P","Eruption+1","Vigilance","CutThroughFate","CutThroughFate","BowlingBash","CrushJoints+1","Vault+1","WreathOfFlame"],"relics":["PureWater","NeowsBlessing","Golden Idol","Turnip","Boot","Eternal Feather","Singing Bowl","Membership Card"],"acts_visited":["Exordium"],"potions_floor_usage":[10,16],"damage_taken":[{"damage":0,"enemies":"Jaw Worm","floor":1,"turns":1},{"damage":0,"enemies":"Small Slimes","floor":5,"turns":1},{"damage":0,"enemies":"Lagavulin","floor":6,"turns":1},{"damage":0,"enemies":"2 Louse","floor":8,"turns":2},{"damage":1,"enemies":"3 Sentries","floor":10,"turns":3},{"damage":0,"enemies":"Looter","floor":12,"turns":2},{"damage":78,"enemies":"The Guardian","floor":16,"turns":7}],"seed_played":"2554167108656367489","potions_obtained":[{"floor":6,"key":"Block Potion"},{"floor":12,"key":"Energy Potion"}],"is_trial":false,"path_per_floor":["M","?","?","$","M","E","?","M","T","E","R","M","$","?","R","B"],"character_chosen":"WATCHER","items_purchased":["Membership Card"],"campfire_rested":0,"item_purchase_floors":[13],"current_hp_per_floor":[72,72,72,72,72,72,72,72,72,71,72,72,72,77,77,0,0],"gold":27,"neow_bonus":"THREE_ENEMY_KILL","is_daily":false,"chose_seed":false,"campfire_upgraded":2,"win_rate":0.0,"timestamp":1609325630,"path_taken":["M","?","?","$","M","E","?","M","T","E","R","M","$","?","R","BOSS"],"items_purchased_type":["Relic"],"build_version":"2020-12-22","purchased_purges":1,"victory":false,"max_hp_per_floor":[72,72,72,72,72,72,72,72,72,72,72,72,72,77,77,77,77],"card_choices":[{"not_picked":["EmptyMind","Evaluate"],"picked":"CutThroughFate","floor":1},{"not_picked":["Wireheading","FollowUp"],"picked":"CutThroughFate","floor":5},{"not_picked":["TalkToTheHand","FlurryOfBlows"],"picked":"BowlingBash","floor":6},{"not_picked":["WaveOfTheHand","PathToVictory"],"picked":"CrushJoints","floor":8},{"not_picked":["CutThroughFate","CrushJoints"],"picked":"Vault","floor":10},{"not_picked":["JustLucky","SandsOfTime"],"picked":"WreathOfFlame","floor":12}],"player_experience":233643,"relics_obtained":[{"floor":6,"key":"Turnip"},{"floor":9,"key":"Eternal Feather"},{"floor":10,"key":"Singing Bowl"}],"event_choices":[{"damage_healed":0,"gold_gain":0,"player_choice":"Take Wound","damage_taken":0,"relics_obtained":["Golden Idol"],"max_hp_gain":0,"max_hp_loss":0,"event_name":"Golden Idol","floor":2,"gold_loss":0,"cards_obtained":["Injury"]},{"damage_healed":0,"gold_gain":0,"player_choice":"Grow","damage_taken":0,"max_hp_gain":0,"max_hp_loss":0,"event_name":"Living Wall","floor":3,"gold_loss":0,"cards_upgraded":["Eruption"]},{"damage_healed":0,"gold_gain":0,"player_choice":"Searched \u00272\u0027 times","damage_taken":0,"relics_obtained":["Boot"],"max_hp_gain":0,"max_hp_loss":0,"event_name":"Dead Adventurer","floor":7,"gold_loss":0},{"damage_healed":0,"gold_gain":0,"player_choice":"Donut","damage_taken":0,"max_hp_gain":5,"max_hp_loss":0,"event_name":"Big Fish","floor":14,"gold_loss":0}],"is_beta":false,"boss_relics":[],"items_purged_floors":[4],"is_endless":false,"potions_floor_spawned":[6,12],"killed_by":"The Guardian","ascension_level":0}}