{"host":"kh6fvhxn285ncg0o","time":1609297624,"event":{"mods":["Act Like it!","BaseMod","Colored Map","Friendly Minions","Keyboard Shortcuts","Minty Spire (QoL Compilation)","Quick Restart","Relic Stats","StSLib","SuperFastMode"],"gold_per_floor":[111,111,139,151,163,175,218,243,336,383,408,420,459,503,515,606,618,646,673,685,425,443,473,473,498,498,526,545,545,545,563,563,635,635,646,217,229,244,290,321,321,333,333,358,377,377,406,419,419,419,419,419,419,26,56,56],"floor_reached":57,"playtime":2752,"items_purged":["Strike_R+1","Heavy Blade+1"],"score":3540,"play_id":"c6e058ac-2456-4a8d-a2a2-701a8a7d3b47","local_time":"20201230120704","is_ascension_mode":true,"campfire_choices":[{"data":"Body Slam","floor":6.0,"key":"SMITH"},{"data":"Carnage","floor":12.0,"key":"SMITH"},{"data":"Bash","floor":15.0,"key":"SMITH"},{"floor":24,"key":"REST"},{"data":"Evolve","floor":29,"key":"SMITH"},{"data":"Seeing Red","floor":32,"key":"SMITH"},{"data":"Second Wind","floor":46,"key":"SMITH"},{"floor":49,"key":"RECALL"},{"data":"Impervious","floor":53,"key":"SMITH"}],"circlet_count":0,"master_deck":["AscendersBane","Defend_R+1","Defend_R+1","Defend_R+1","Defend_R+1","Bash+1","Body Slam+1","Carnage+1","Metallicize","Shockwave","Reaper+1","Impervious+1","Dark Embrace","Evolve+1","Disarm","Reckless Charge+1","Seeing Red+1","Shrug It Off","Ghostly","Ghostly","Ghostly","Offering","Burning Pact+1","Power Through+1","Battle Trance","Second Wind+1","Warcry+1","Feed","Exhume","Barricade","Master of Strategy","Disarm","Metallicize+1"],"relics":["Burning Blood","NeowsBlessing","MawBank","Calipers","Shuriken","Anchor","Odd Mushroom","Akabeko","Sozu","Dead Branch","Bronze Scales","Whetstone","FossilizedHelix","Astrolabe","Centennial Puzzle","Medical Kit","Ice Cream","Gremlin Horn","Strawberry","MealTicket","Bag of Preparation"],"acts_visited":["Exordium","TheCity","TheBeyond","TheEnding"],"potions_floor_usage":[25,44],"damage_taken":[{"damage":0.0,"enemies":"Small Slimes","floor":1.0,"turns":1.0},{"damage":0.0,"enemies":"2 Louse","floor":3.0,"turns":1.0},{"damage":0.0,"enemies":"Lagavulin","floor":7.0,"turns":1.0},{"damage":2.0,"enemies":"Jaw Worm","floor":8.0,"turns":2.0},{"damage":8.0,"enemies":"Gremlin Nob","floor":10.0,"turns":3.0},{"damage":4.0,"enemies":"Lots of Slimes","floor":11.0,"turns":5.0},{"damage":7.0,"enemies":"The Mushroom Lair","floor":13.0,"turns":3.0},{"damage":15.0,"enemies":"3 Sentries","floor":14.0,"turns":8.0},{"damage":55.0,"enemies":"The Guardian","floor":16.0,"turns":13.0},{"damage":27.0,"enemies":"2 Thieves","floor":18.0,"turns":5.0},{"damage":17,"enemies":"Spheric Guardian","floor":19,"turns":4},{"damage":8,"enemies":"3 Cultists","floor":22,"turns":4},{"damage":55,"enemies":"Slavers","floor":23,"turns":6},{"damage":32,"enemies":"Book of Stabbing","floor":25,"turns":6},{"damage":32,"enemies":"Slavers","floor":27,"turns":5},{"damage":0,"enemies":"Snake Plant","floor":28,"turns":5},{"damage":0,"enemies":"Snecko","floor":31,"turns":4},{"damage":35,"enemies":"Automaton","floor":33,"turns":11},{"damage":0,"enemies":"Orb Walker","floor":35,"turns":2},{"damage":1,"enemies":"3 Darklings","floor":37,"turns":4},{"damage":0,"enemies":"Sphere and 2 Shapes","floor":38,"turns":5},{"damage":0,"enemies":"2 Orb Walkers","floor":39,"turns":5},{"damage":1,"enemies":"Giant Head","floor":40,"turns":5},{"damage":0,"enemies":"4 Shapes","floor":42,"turns":3},{"damage":3,"enemies":"Nemesis","floor":44,"turns":6},{"damage":0,"enemies":"Transient","floor":45,"turns":6},{"damage":0,"enemies":"Reptomancer","floor":47,"turns":4},{"damage":3,"enemies":"Writhing Mass","floor":48,"turns":6},{"damage":3,"enemies":"Time Eater","floor":50,"turns":7},{"damage":9,"enemies":"Awakened One","floor":51,"turns":13},{"damage":8,"enemies":"Shield and Spear","floor":55,"turns":8},{"damage":7,"enemies":"The Heart","floor":56,"turns":9}],"seed_played":"-4233575304491571710","potions_obtained":[{"floor":1.0,"key":"SkillPotion"},{"floor":3.0,"key":"DistilledChaos"},{"floor":8.0,"key":"DuplicationPotion"},{"floor":16.0,"key":"LiquidMemories"}],"is_trial":false,"path_per_floor":["M","?","M","?","$","R","E","M","T","E","M","R","?","E","R","B",null,"M","M","?","$","M","E","R","E","T","E","M","R","?","M","R","B",null,"M","$","M","M","?","E","?","M","T","E","M","R","E","M","R","B","B",null,"R","$","E","B",null],"character_chosen":"IRONCLAD","items_purchased":["Evolve","Disarm","Reckless Charge","Centennial Puzzle","Medical Kit","Barricade","Master of Strategy","Disarm"],"campfire_rested":1,"item_purchase_floors":[21,21,21,36,36,54,54,54],"current_hp_per_floor":[74,63,69,69,69,69,75,75,75,73,75,75,74,65,65,22,62,54,47,47,47,73,26,48,28,28,41,53,53,37,37,37,8,30,36,36,37,37,37,37,35,38,38,48,48,48,51,51,51,54,60,60,60,60,60,63],"gold":56,"neow_bonus":"THREE_ENEMY_KILL","is_daily":false,"chose_seed":false,"campfire_upgraded":7,"win_rate":0.0,"timestamp":1609297624,"path_taken":["M","?","M","?","$","R","E","M","T","E","M","R","?","E","R","BOSS","M","M","?","$","M","E","R","E","T","E","M","R","?","M","R","BOSS","M","$","M","M","?","E","?","?","T","E","M","R","E","?","R","BOSS","BOSS","R","$","E","BOSS"],"items_purchased_type":["Card","Card","Card","Relic","Relic","Card","Card","Card"],"build_version":"2020-12-22","purchased_purges":2,"victory":true,"max_hp_per_floor":[75,75,75,75,75,75,75,75,75,75,75,75,75,75,75,75,75,75,75,75,75,75,75,75,75,75,75,75,75,37,37,37,37,37,37,37,37,37,37,37,35,38,38,48,48,48,51,51,51,54,60,60,60,60,60,63],"relic_stats":{"Gremlin Horn":[11,13],"counters":[32,170],"Dead Branch":[507],"Astrolabe":["Heavy Blade","Burning Pact","Power Through"],"Bag of Preparation":[2],"Whetstone":["Reckless Charge","Reaper"],"MawBank":228,"Medical Kit":[46],"Burning Blood":119,"Sozu":9,"Centennial Puzzle":[19],"Shuriken":[50],"Bronze Scales":[462],"MealTicket":0,"obtain_stats":[{"Ice Cream":39,"Calipers":7,"NeowsBlessing":0,"Gremlin Horn":40,"Dead Branch":23,"Astrolabe":34,"Bag of Preparation":55,"Whetstone":26,"Odd Mushroom":13,"MawBank":2,"Medical Kit":36,"Burning Blood":0,"Akabeko":14,"Sozu":17,"Anchor":10,"Centennial Puzzle":36,"Shuriken":9,"Bronze Scales":25,"Strawberry":44,"MealTicket":47,"FossilizedHelix":27},{"Ice Cream":22,"Calipers":3,"NeowsBlessing":0,"Gremlin Horn":23,"Dead Branch":13,"Astrolabe":18,"Bag of Preparation":31,"Whetstone":14,"Odd Mushroom":7,"MawBank":1,"Medical Kit":19,"Burning Blood":0,"Akabeko":8,"Sozu":9,"Anchor":5,"Centennial Puzzle":19,"Shuriken":4,"Bronze Scales":14,"Strawberry":25,"MealTicket":27,"FossilizedHelix":15},{"Ice Cream":103,"Calipers":3,"NeowsBlessing":0,"Gremlin Horn":108,"Dead Branch":56,"Astrolabe":87,"Bag of Preparation":161,"Whetstone":62,"Odd Mushroom":16,"MawBank":1,"Medical Kit":89,"Burning Blood":0,"Akabeko":24,"Sozu":37,"Anchor":8,"Centennial Puzzle":89,"Shuriken":5,"Bronze Scales":62,"Strawberry":117,"MealTicket":127,"FossilizedHelix":67}]},"card_choices":[{"not_picked":["Dark Embrace","Perfected Strike"],"picked":"Body Slam","floor":1.0},{"not_picked":["Sword Boomerang","Perfected Strike","Rampage"],"picked":"SKIP","floor":3.0},{"not_picked":["Clash","Body Slam"],"picked":"Carnage","floor":7.0},{"not_picked":["Reckless Charge","Iron Wave","Perfected Strike"],"picked":"SKIP","floor":8.0},{"not_picked":["Iron Wave","Heavy Blade","Twin Strike"],"picked":"SKIP","floor":10.0},{"not_picked":["Hemokinesis","Wild Strike"],"picked":"Metallicize","floor":11.0},{"not_picked":["Sword Boomerang","Anger"],"picked":"Shockwave","floor":13.0},{"not_picked":["Intimidate","Iron Wave"],"picked":"Reaper","floor":14.0},{"not_picked":["Reaper","Brutality"],"picked":"Impervious","floor":16.0},{"not_picked":["Twin Strike","Heavy Blade","Flex"],"picked":"SKIP","floor":18.0},{"not_picked":["Wild Strike","Thunderclap"],"picked":"Dark Embrace","floor":19},{"not_picked":["Perfected Strike+1","Clothesline","Iron Wave"],"picked":"SKIP","floor":22},{"not_picked":["Headbutt","Whirlwind","Double Tap"],"picked":"SKIP","floor":23},{"not_picked":["Flex","Rampage","Inflame"],"picked":"SKIP","floor":25},{"not_picked":["Clothesline","Thunderclap"],"picked":"Seeing Red","floor":27},{"not_picked":["Warcry","Reckless Charge"],"picked":"Shrug It Off","floor":28},{"not_picked":["Pommel Strike","Flame Barrier","Dropkick"],"picked":"SKIP","floor":31},{"not_picked":["Impervious","Fiend Fire"],"picked":"Offering","floor":33},{"not_picked":["Body Slam","Clothesline"],"picked":"Battle Trance","floor":35},{"not_picked":["Body Slam","Burning Pact"],"picked":"Second Wind","floor":37},{"not_picked":["Sword Boomerang","Iron Wave"],"picked":"Warcry+1","floor":38},{"not_picked":["Headbutt","Perfected Strike"],"picked":"Feed","floor":40},{"not_picked":["Clash","Thunderclap","Body Slam"],"picked":"SKIP","floor":42},{"not_picked":["Rampage+1","Burning Pact"],"picked":"Exhume","floor":44},{"not_picked":["True Grit","Power Through","Uppercut"],"picked":"SKIP","floor":45},{"not_picked":["True Grit","Power Through","Uppercut"],"picked":"SKIP","floor":45},{"not_picked":["True Grit","Berserk","Perfected Strike"],"picked":"SKIP","floor":47},{"not_picked":["Cleave+1","Sword Boomerang","Headbutt"],"picked":"SKIP","floor":48},{"not_picked":["Perfected Strike","Hemokinesis"],"picked":"Metallicize+1","floor":55}],"player_experience":3317911,"relics_obtained":[{"floor":7.0,"key":"Calipers"},{"floor":9.0,"key":"Shuriken"},{"floor":10.0,"key":"Anchor"},{"floor":13.0,"key":"Odd Mushroom"},{"floor":14.0,"key":"Akabeko"},{"floor":23,"key":"Dead Branch"},{"floor":25,"key":"Bronze Scales"},{"floor":26,"key":"Whetstone"},{"floor":27,"key":"FossilizedHelix"},{"floor":39,"key":"Ice Cream"},{"floor":40,"key":"Gremlin Horn"},{"floor":44,"key":"Strawberry"},{"floor":47,"key":"MealTicket"},{"floor":55,"key":"Bag of Preparation"}],"event_choices":[{"damage_healed":0.0,"max_hp_gain":0.0,"max_hp_loss":0.0,"gold_gain":0.0,"event_name":"Scrap Ooze","player_choice":"Success","floor":2.0,"gold_loss":0.0,"damage_taken":11.0,"relics_obtained":["MawBank"]},{"cards_removed":["Strike_R"],"damage_healed":0.0,"max_hp_gain":0.0,"max_hp_loss":0.0,"gold_gain":0.0,"event_name":"Living Wall","player_choice":"Forget","floor":4.0,"gold_loss":0.0,"damage_taken":0.0},{"damage_healed":0.0,"max_hp_gain":0.0,"max_hp_loss":0.0,"gold_gain":0.0,"event_name":"Mushrooms","player_choice":"Fought Mushrooms","floor":13.0,"gold_loss":0.0,"damage_taken":0.0},{"damage_healed":0,"gold_gain":0,"player_choice":"Simplicity","damage_taken":0,"max_hp_gain":0,"max_hp_loss":0,"event_name":"Back to Basics","floor":20,"gold_loss":0,"cards_upgraded":["Strike_R","Strike_R","Strike_R","Strike_R","Defend_R","Defend_R","Defend_R","Defend_R"]},{"damage_healed":0,"gold_gain":0,"player_choice":"Became a Ghost","damage_taken":0,"max_hp_gain":0,"max_hp_loss":38,"event_name":"Ghosts","floor":30,"gold_loss":0,"cards_obtained":["Ghostly","Ghostly","Ghostly"]},{"damage_healed":0,"gold_gain":0,"player_choice":"Fight","damage_taken":0,"max_hp_gain":0,"max_hp_loss":0,"event_name":"Mysterious Sphere","floor":39,"gold_loss":0},{"damage_healed":0,"gold_gain":0,"player_choice":"Max HP","damage_taken":0,"max_hp_gain":0,"max_hp_loss":2,"event_name":"Winding Halls","floor":41,"gold_loss":0}],"is_beta":false,"boss_relics":[{"not_picked":["Philosopher\u0027s Stone","Busted Crown"],"picked":"Sozu"},{"not_picked":["Runic Pyramid","Black Blood"],"picked":"Astrolabe"}],"items_purged_floors":[21,36],"is_endless":false,"potions_floor_spawned":[1,3,8,16,18,23,25,28,31,39,40,44,45,48],"ascension_level":20}}