{"host":"mttmnrdvbvzz8cuy","time":1609306420,"event":{"mods":["BaseMod","Bestiary","Colored Map","Colored Powertips","Minty Spire (QoL Compilation)","StSLib"],"gold_per_floor":[116,16,27,102,2,2,35,35,35,210,229,255,255,266,266,366,366,386,311,311,35,46,46,77,77,158,172,172,172],"floor_reached":28,"playtime":786,"items_purged":["Strike_B","Strike_B","Defend_B"],"score":268,"play_id":"d994a235-247b-4d74-972f-b060b25359bc","local_time":"20201230163340","is_ascension_mode":true,"campfire_choices":[{"data":"Dualcast","floor":6,"key":"SMITH"},{"floor":13,"key":"REST"},{"data":"Thunder Strike","floor":15,"key":"SMITH"},{"floor":23,"key":"REST"},{"floor":25,"key":"REST"}],"circlet_count":0,"master_deck":["Defend_B+1","Zap","Dualcast+1","Ball Lightning","Compile Driver","Coolheaded+1","Tempest","Doubt","Cold Snap","Thunder Strike+1","Electrodynamics","White Noise","Heatsinks","Blizzard+1","Double Energy","Capacitor+1"],"relics":["Cracked Core","Lantern","War Paint","Boot","Runic Dome","Mercury Hourglass","Kunai"],"acts_visited":["Exordium","TheCity"],"potions_floor_usage":[16],"damage_taken":[{"damage":0,"enemies":"2 Louse","floor":1,"turns":2},{"damage":0,"enemies":"Cultist","floor":3,"turns":2},{"damage":27,"enemies":"Lagavulin","floor":7,"turns":4},{"damage":2,"enemies":"Small Slimes","floor":11,"turns":2},{"damage":13,"enemies":"3 Sentries","floor":12,"turns":6},{"damage":6,"enemies":"Blue Slaver","floor":14,"turns":2},{"damage":23,"enemies":"The Guardian","floor":16,"turns":7},{"damage":22,"enemies":"2 Thieves","floor":18,"turns":2},{"damage":19,"enemies":"Shell Parasite","floor":22,"turns":4},{"damage":37,"enemies":"Gremlin Leader","floor":24,"turns":5},{"damage":18,"enemies":"Shelled Parasite and Fungi","floor":27,"turns":2},{"damage":12,"enemies":"Chosen and Byrds","floor":28,"turns":1}],"seed_played":"-4012103416191138377","potions_obtained":[{"floor":11,"key":"FearPotion"},{"floor":12,"key":"BlessingOfTheForge"}],"is_trial":false,"path_per_floor":["M","$","M","?","$","R","E","$","T","?","M","E","R","M","R","B",null,"M","?","?","$","M","R","E","R","T","M","M"],"character_chosen":"DEFECT","items_purchased":["Compile Driver","White Noise","Heatsinks"],"campfire_rested":3,"item_purchase_floors":[2,21,21],"current_hp_per_floor":[68,68,68,62,62,62,35,35,35,35,33,20,40,34,34,11,68,46,46,46,46,27,47,10,30,30,12,0,0],"gold":172,"neow_bonus":"REMOVE_TWO","is_daily":false,"chose_seed":false,"campfire_upgraded":2,"win_rate":0.0,"timestamp":1609306420,"path_taken":["M","$","M","?","$","R","E","?","T","?","M","E","R","M","R","BOSS","M","?","?","$","M","R","E","R","T","M","M"],"items_purchased_type":["Card","Card","Card"],"build_version":"2020-12-22","purchased_purges":3,"victory":false,"max_hp_per_floor":[68,68,68,68,68,68,68,68,68,68,68,68,68,68,68,68,68,68,68,68,68,68,68,68,68,68,68,68,68],"card_choices":[{"not_picked":["Rebound","Beam Cell"],"picked":"Ball Lightning","floor":1},{"not_picked":["Reprogram","Rip and Tear"],"picked":"Coolheaded","floor":3},{"not_picked":["Beam Cell","Rebound"],"picked":"Tempest","floor":7},{"not_picked":["Conserve Battery","Compile Driver"],"picked":"Cold Snap","floor":11},{"not_picked":["Electrodynamics","Streamline"],"picked":"Thunder Strike","floor":12},{"not_picked":["Leap","Streamline","Stack"],"picked":"SKIP","floor":14},{"not_picked":["Seek","Multi-Cast"],"picked":"Electrodynamics","floor":16},{"not_picked":["Compile Driver","Chaos","Sweeping Beam"],"picked":"SKIP","floor":18},{"not_picked":["Turbo","Static Discharge"],"picked":"Blizzard+1","floor":22},{"not_picked":["Barrage","Leap"],"picked":"Double Energy","floor":24},{"not_picked":["Steam","Cold Snap"],"picked":"Capacitor+1","floor":27}],"player_experience":115679,"relics_obtained":[{"floor":7,"key":"Lantern"},{"floor":9,"key":"War Paint"},{"floor":12,"key":"Boot"},{"floor":24,"key":"Mercury Hourglass"},{"floor":26,"key":"Kunai"}],"event_choices":[{"damage_healed":0,"gold_gain":75,"player_choice":"Touch","damage_taken":6,"max_hp_gain":0,"max_hp_loss":0,"event_name":"FaceTrader","floor":4,"gold_loss":0},{"damage_healed":0,"gold_gain":175,"player_choice":"AGREE","damage_taken":0,"max_hp_gain":0,"max_hp_loss":0,"event_name":"Liars Game","floor":10,"gold_loss":0,"cards_obtained":["Doubt"]},{"cards_removed":["Strike_B"],"damage_healed":0,"gold_gain":0,"player_choice":"Gave Gold","damage_taken":0,"max_hp_gain":0,"max_hp_loss":0,"event_name":"Beggar","floor":19,"gold_loss":75},{"cards_removed":["Strike_B"],"damage_healed":0,"gold_gain":0,"player_choice":"Elegance","damage_taken":0,"max_hp_gain":0,"max_hp_loss":0,"event_name":"Back to Basics","floor":20,"gold_loss":0}],"is_beta":false,"boss_relics":[{"not_picked":["Tiny House","Busted Crown"],"picked":"Runic Dome"}],"items_purged_floors":[2,5,21],"is_endless":false,"potions_floor_spawned":[11,12],"killed_by":"Chosen and Byrds","ascension_level":2}}