{"host":"g7trc0x2teqyd8ye","time":1609329491,"event":{"mods":["BaseMod","Key Reminder","Minty Spire (QoL Compilation)","Relic Stats"],"gold_per_floor":[114,114,114,129,147,188,206,242,242,280,294,57,57,81,81,174,174,198,4,4,18,18,18,52,52,52,76,90,110,124,124,124],"floor_reached":31,"playtime":1641,"items_purged":["Strike_R"],"score":578,"play_id":"f19e2572-7e55-4be8-86db-f516db2da24b","local_time":"20201230125811","is_ascension_mode":true,"campfire_choices":[{"data":"Anger","floor":13,"key":"SMITH"},{"data":"Corruption","floor":15,"key":"SMITH"},{"data":"Feel No Pain","floor":25,"key":"SMITH"}],"circlet_count":0,"master_deck":["AscendersBane","Strike_R","Strike_R","Defend_R","Defend_R","Defend_R","Defend_R","Bash","Feel No Pain+1","Havoc","Anger+1","Corruption+1","Shrug It Off","Spot Weakness","Metallicize","Rage","Warcry","Clothesline","Juggernaut","Shockwave","Flash of Steel","Intimidate","Twin Strike+1","Evolve+1","Shrug It Off+1","Fire Breathing","Dual Wield+1"],"relics":["Burning Blood","Golden Idol","Letter Opener","Shuriken","keyreminder:keyreminder","Turnip","Incense Burner","Lee\u0027s Waffle","Runic Pyramid","Charon\u0027s Ashes","Lantern"],"acts_visited":["Exordium","TheCity"],"potions_floor_usage":[10,16,16,24,30,31],"damage_taken":[{"damage":6,"enemies":"Cultist","floor":1,"turns":3},{"damage":11,"enemies":"2 Louse","floor":4,"turns":3},{"damage":6,"enemies":"Jaw Worm","floor":5,"turns":4},{"damage":26,"enemies":"3 Sentries","floor":6,"turns":15},{"damage":9,"enemies":"Exordium Wildlife","floor":7,"turns":4},{"damage":13,"enemies":"Lagavulin","floor":8,"turns":7},{"damage":0,"enemies":"3 Sentries","floor":10,"turns":10},{"damage":7,"enemies":"Blue Slaver","floor":11,"turns":5},{"damage":4,"enemies":"Lots of Slimes","floor":14,"turns":4},{"damage":9,"enemies":"Hexaghost","floor":16,"turns":8},{"damage":0,"enemies":"Spheric Guardian","floor":18,"turns":4},{"damage":6,"enemies":"Chosen","floor":21,"turns":5},{"damage":43,"enemies":"Gremlin Leader","floor":24,"turns":5},{"damage":0,"enemies":"3 Cultists","floor":27,"turns":3},{"damage":4,"enemies":"Sentry and Sphere","floor":28,"turns":5},{"damage":21,"enemies":"Shelled Parasite and Fungi","floor":29,"turns":5},{"damage":6,"enemies":"Centurion and Healer","floor":30,"turns":4},{"damage":44,"enemies":"Slavers","floor":31,"turns":4}],"seed_played":"8028571815760372685","potions_obtained":[{"floor":5,"key":"Dexterity Potion"},{"floor":7,"key":"EssenceOfSteel"},{"floor":8,"key":"SkillPotion"},{"floor":10,"key":"EssenceOfSteel"},{"floor":21,"key":"GamblersBrew"},{"floor":23,"key":"Fire Potion"},{"floor":27,"key":"EssenceOfSteel"},{"floor":30,"key":"SkillPotion"}],"is_trial":false,"path_per_floor":["M","?","?","M","M","E","M","E","T","E","M","$","R","M","R","B",null,"M","$","?","M","$","?","E","R","T","M","M","M","M","E"],"character_chosen":"IRONCLAD","items_purchased":["Lee\u0027s Waffle","Flash of Steel","Intimidate","Strength Potion"],"campfire_rested":0,"item_purchase_floors":[12,19,19,19],"current_hp_per_floor":[75,74,74,69,69,49,46,39,39,45,44,81,81,81,81,78,80,81,81,81,81,81,81,44,44,44,50,52,37,37,0,0],"gold":124,"neow_bonus":"TEN_PERCENT_HP_BONUS","is_daily":false,"chose_seed":false,"campfire_upgraded":3,"win_rate":0.0,"timestamp":1609329491,"path_taken":["M","?","?","M","M","E","M","E","T","E","M","$","R","M","R","BOSS","M","$","?","?","$","?","E","R","T","M","M","M","?","E"],"items_purchased_type":["Relic","Card","Card","Potion"],"build_version":"2020-12-22","purchased_purges":1,"victory":false,"max_hp_per_floor":[82,74,74,74,74,74,74,74,74,74,74,81,81,81,81,81,81,81,81,81,81,81,81,81,81,81,81,81,81,81,81,81],"relic_stats":{"Lee\u0027s Waffle":37,"counters":[18,98],"Golden Idol":91,"Shuriken":[9],"Turnip":[17],"Charon\u0027s Ashes":[186],"Letter Opener":[146],"obtain_stats":[{"keyreminder:keyreminder":8,"Lee\u0027s Waffle":12,"Lantern":26,"Golden Idol":2,"Shuriken":8,"Turnip":9,"Charon\u0027s Ashes":24,"Incense Burner":10,"Letter Opener":6,"Burning Blood":0,"Runic Pyramid":17},{"keyreminder:keyreminder":6,"Lee\u0027s Waffle":8,"Lantern":13,"Golden Idol":1,"Shuriken":6,"Turnip":6,"Charon\u0027s Ashes":13,"Incense Burner":7,"Letter Opener":4,"Burning Blood":0,"Runic Pyramid":10},{"keyreminder:keyreminder":36,"Lee\u0027s Waffle":51,"Lantern":77,"Golden Idol":3,"Shuriken":36,"Turnip":36,"Charon\u0027s Ashes":77,"Incense Burner":46,"Letter Opener":25,"Burning Blood":0,"Runic Pyramid":63}],"Burning Blood":95},"card_choices":[{"not_picked":["Clothesline","Havoc"],"picked":"Feel No Pain","floor":1},{"not_picked":["Body Slam","Shrug It Off"],"picked":"Anger","floor":4},{"not_picked":["True Grit","Heavy Blade"],"picked":"Corruption","floor":5},{"not_picked":["Pommel Strike","Anger"],"picked":"Shrug It Off","floor":6},{"not_picked":["Twin Strike","Battle Trance"],"picked":"Spot Weakness","floor":7},{"not_picked":["Perfected Strike","Wild Strike"],"picked":"Metallicize","floor":8},{"not_picked":["Wild Strike","Flex"],"picked":"Rage","floor":10},{"not_picked":["Perfected Strike","Juggernaut"],"picked":"Warcry","floor":11},{"not_picked":["Armaments","Inflame"],"picked":"Clothesline","floor":14},{"not_picked":["Double Tap","Berserk"],"picked":"Juggernaut","floor":16},{"not_picked":["Headbutt","Shrug It Off"],"picked":"Shockwave","floor":18},{"not_picked":["Sword Boomerang","Power Through"],"picked":"Twin Strike+1","floor":21},{"not_picked":["Disarm","Pummel"],"picked":"Evolve+1","floor":24},{"not_picked":["Pommel Strike","Havoc"],"picked":"Shrug It Off+1","floor":27},{"not_picked":["Havoc","Whirlwind","Anger"],"picked":"SKIP","floor":28},{"not_picked":["Cleave","Heavy Blade"],"picked":"Fire Breathing","floor":29},{"not_picked":["Sword Boomerang","Rampage"],"picked":"Dual Wield+1","floor":30}],"player_experience":822376,"relics_obtained":[{"floor":6,"key":"Letter Opener"},{"floor":8,"key":"Shuriken"},{"floor":9,"key":"Turnip"},{"floor":10,"key":"Incense Burner"},{"floor":24,"key":"Charon\u0027s Ashes"},{"floor":26,"key":"Lantern"}],"event_choices":[{"damage_healed":0,"gold_gain":0,"player_choice":"Lose Max HP","damage_taken":0,"relics_obtained":["Golden Idol"],"max_hp_gain":0,"max_hp_loss":8,"event_name":"Golden Idol","floor":2,"gold_loss":0},{"damage_healed":0,"gold_gain":0,"cards_transformed":["Strike_R"],"player_choice":"Change","damage_taken":0,"max_hp_gain":0,"max_hp_loss":0,"event_name":"Living Wall","floor":3,"gold_loss":0,"cards_obtained":["Havoc"]},{"cards_removed":["Strike_R"],"damage_healed":0,"gold_gain":0,"player_choice":"Offered Basic","damage_taken":0,"max_hp_gain":0,"max_hp_loss":0,"event_name":"Bonfire Elementals","floor":20,"gold_loss":0},{"damage_healed":0,"gold_gain":0,"player_choice":"Got Potions","damage_taken":0,"max_hp_gain":0,"max_hp_loss":0,"event_name":"Lab","floor":23,"gold_loss":0}],"is_beta":false,"boss_relics":[{"not_picked":["SlaversCollar","Velvet Choker"],"picked":"Runic Pyramid"}],"items_purged_floors":[12],"is_endless":false,"potions_floor_spawned":[5,7,8,10,21,27,30],"killed_by":"Slavers","ascension_level":18}}