{"host":"8u7tvcybuv0u72fd","time":1609307880,"event":{"mods":["BaseMod","BetterRewards","Colored Map","Colored Powertips","Minty Spire (QoL Compilation)","Quick Restart","Shop Mod"],"gold_per_floor":[110,110,110,110,110,110,63,79,105,105,105,122,142,174,174,279,279,291,291,291,309,309,309,48,48,48,81,101,120,135,135,135,233,233,250,94,112,112,12,12,25,54,54,72,72,0,0,20,20,20,20,20,20,49,49,49],"floor_reached":55,"playtime":2640,"items_purged":["Strike_R","Strike_R"],"score":813,"play_id":"ed479f80-9dde-48ea-889c-3fcab6c1e073","local_time":"20201230005800","is_ascension_mode":false,"campfire_choices":[{"data":"Bash","floor":6.0,"key":"SMITH"},{"data":"Shrug It Off","floor":10.0,"key":"SMITH"},{"data":"Body Slam","floor":15,"key":"SMITH"},{"data":"Double Tap","floor":23,"key":"SMITH"},{"data":"Seeing Red","floor":25,"key":"SMITH"},{"data":"Cleave","floor":32,"key":"SMITH"},{"data":"Headbutt","floor":40,"key":"SMITH"},{"floor":45,"key":"RECALL"},{"floor":49,"key":"REST"},{"data":"Defend_R","floor":52,"key":"SMITH"}],"circlet_count":0,"master_deck":["Strike_R","Strike_R","Defend_R+1","Defend_R+1","Defend_R","Defend_R+1","Bash+1","Headbutt+1","Shrug It Off+1","Seeing Red+1","Cleave+1","Body Slam+1","Double Tap+1","CurseOfTheBell","RitualDagger+1","Uppercut+1","Rampage+1","Exhume+1","Iron Wave+1","Dual Wield+1","Madness+1","Madness+1","True Grit+1"],"relics":["Burning Blood","Sling","Mercury Hourglass","Ginger","Bronze Scales","Anchor","Calling Bell","Bag of Preparation","Pear","Charon\u0027s Ashes","Molten Egg 2","Toxic Egg 2","Paper Frog","Sundial","Orichalcum","Velvet Choker","Akabeko","Darkstone Periapt","Red Mask","Toy Ornithopter"],"acts_visited":["Exordium","TheCity","TheBeyond","TheEnding"],"potions_floor_usage":[14,21,27,33,33,55,55,55,55,55,55],"damage_taken":[{"damage":1.0,"enemies":"Jaw Worm","floor":1.0,"turns":3.0},{"damage":0.0,"enemies":"Small Slimes","floor":8.0,"turns":2.0},{"damage":0.0,"enemies":"2 Louse","floor":12.0,"turns":2.0},{"damage":0.0,"enemies":"Exordium Thugs","floor":13.0,"turns":4.0},{"damage":22,"enemies":"Gremlin Nob","floor":14,"turns":4},{"damage":0,"enemies":"Slime Boss","floor":16,"turns":7},{"damage":0,"enemies":"Chosen","floor":18,"turns":3},{"damage":2,"enemies":"Spheric Guardian","floor":21,"turns":3},{"damage":6,"enemies":"Gremlin Leader","floor":27,"turns":3},{"damage":5,"enemies":"Centurion and Healer","floor":28,"turns":5},{"damage":0,"enemies":"Cultist and Chosen","floor":29,"turns":4},{"damage":2,"enemies":"Shelled Parasite and Fungi","floor":30,"turns":4},{"damage":53,"enemies":"Automaton","floor":33,"turns":8},{"damage":8,"enemies":"3 Darklings","floor":35,"turns":3},{"damage":0,"enemies":"3 Shapes","floor":37,"turns":3},{"damage":0,"enemies":"Jaw Worm Horde","floor":41,"turns":4},{"damage":4,"enemies":"Giant Head","floor":42,"turns":5},{"damage":9,"enemies":"Transient","floor":44,"turns":5},{"damage":11,"enemies":"Sphere and 2 Shapes","floor":48,"turns":4},{"damage":65,"enemies":"Donu and Deca","floor":50,"turns":6},{"damage":16,"enemies":"Shield and Spear","floor":54,"turns":4},{"damage":110,"enemies":"The Heart","floor":55,"turns":6}],"seed_played":"-414367325213305671","potions_obtained":[{"floor":8.0,"key":"AttackPotion"},{"floor":14,"key":"FairyPotion"},{"floor":16,"key":"SkillPotion"},{"floor":18,"key":"EntropicBrew"},{"floor":27,"key":"Explosive Potion"},{"floor":30,"key":"Swift Potion"},{"floor":35,"key":"ElixirPotion"},{"floor":38,"key":"CultistPotion"},{"floor":38,"key":"Dexterity Potion"}],"is_trial":false,"path_per_floor":["M","?","?","?","?","R","$","M","T","R","?","M","M","E","R","B",null,"M","T","?","M","?","R","$","R","T","E","M","M","M","?","R","B",null,"M","$","M","?","$","R","M","E","T","M","R","?","?","M","R","B",null,"R","$","E","B"],"character_chosen":"IRONCLAD","items_purchased":["Sling","Mercury Hourglass","EntropicBrew","Ginger","Shrug It Off","Toxic Egg 2","Akabeko"],"campfire_rested":1,"item_purchase_floors":[0,0,0,0,7,24,36],"current_hp_per_floor":[49,33,33,38,38,38,38,61,61,61,61,67,73,57,57,63,95,95,95,89,93,93,93,93,93,93,93,94,95,95,95,95,48,95,93,93,95,95,95,95,95,95,95,92,92,92,80,75,95,36,95,95,95,85,0,0],"gold":49,"neow_bonus":"","is_daily":false,"chose_seed":false,"campfire_upgraded":8,"win_rate":0.0,"timestamp":1609307880,"path_taken":["M","?","?","?","?","R","?","?","T","R","?","M","M","E","R","BOSS","M","?","?","M","?","R","$","R","T","E","M","M","?","?","R","BOSS","M","$","?","?","?","R","M","E","T","M","R","?","?","M","R","BOSS","R","$","E","BOSS"],"items_purchased_type":["Relic","Relic","Potion","Relic","Card","Relic","Relic"],"build_version":"2020-12-22","purchased_purges":2,"victory":false,"max_hp_per_floor":[80,80,80,85,85,85,85,85,85,85,85,85,85,85,85,85,95,95,95,95,95,95,95,95,95,95,95,95,95,95,95,95,95,95,95,95,95,95,95,95,95,95,95,95,95,95,95,95,95,95,95,95,95,95,95,95],"card_choices":[{"not_picked":["Disarm","Heavy Blade"],"picked":"Headbutt","floor":1.0},{"not_picked":["Spot Weakness","Twin Strike"],"picked":"Seeing Red","floor":8.0},{"not_picked":["Thunderclap","Perfected Strike"],"picked":"Cleave","floor":12.0},{"not_picked":["Sever Soul","Rupture","Intimidate"],"picked":"SKIP","floor":13.0},{"not_picked":["Clothesline","Armaments"],"picked":"Body Slam","floor":14},{"not_picked":["Corruption","Reaper"],"picked":"Double Tap","floor":16},{"not_picked":["Perfected Strike","Body Slam+1","Iron Wave"],"picked":"SKIP","floor":18},{"not_picked":["Thunderclap+1","Infernal Blade","Anger+1"],"picked":"SKIP","floor":21},{"not_picked":["Heavy Blade+1","Carnage+1","Bludgeon+1"],"picked":"SKIP","floor":27},{"not_picked":["Blood for Blood+1","Spot Weakness+1"],"picked":"Rampage+1","floor":28},{"not_picked":["Dark Embrace","Body Slam+1","Anger+1"],"picked":"SKIP","floor":29},{"not_picked":["Warcry+1","Uppercut+1","Sword Boomerang+1"],"picked":"SKIP","floor":30},{"not_picked":["Reaper+1","Corruption"],"picked":"Exhume+1","floor":33},{"not_picked":["Evolve+1","Armaments+1","Ghostly Armor+1"],"picked":"SKIP","floor":35},{"not_picked":["Armaments+1","Intimidate+1","Havoc+1"],"picked":"SKIP","floor":37},{"not_picked":["Whirlwind+1","Wild Strike+1"],"picked":"Iron Wave+1","floor":41},{"not_picked":["Berserk","Wild Strike+1"],"picked":"Dual Wield+1","floor":42},{"not_picked":["Wild Strike+1","Armaments+1","Ghostly Armor+1"],"picked":"SKIP","floor":44},{"not_picked":["Battle Trance+1","Seeing Red+1"],"picked":"True Grit+1","floor":48},{"not_picked":["Reckless Charge+1","Searing Blow+1","Warcry+1"],"picked":"SKIP","floor":54}],"player_experience":1244822,"relics_obtained":[{"floor":9.0,"key":"Bronze Scales"},{"floor":14,"key":"Anchor"},{"floor":17,"key":"Bag of Preparation"},{"floor":17,"key":"Pear"},{"floor":17,"key":"Charon\u0027s Ashes"},{"floor":19,"key":"Molten Egg 2"},{"floor":26,"key":"Paper Frog"},{"floor":27,"key":"Sundial"},{"floor":31,"key":"Orichalcum"},{"floor":42,"key":"Darkstone Periapt"},{"floor":54,"key":"Toy Ornithopter"}],"event_choices":[{"damage_healed":0.0,"max_hp_gain":0.0,"max_hp_loss":0.0,"gold_gain":0.0,"event_name":"Shining Light","player_choice":"Entered Light","floor":2.0,"gold_loss":0.0,"damage_taken":16.0,"cards_upgraded":["Defend_R","Defend_R"]},{"damage_healed":0.0,"max_hp_gain":0.0,"max_hp_loss":0.0,"gold_gain":0.0,"event_name":"Liars Game","player_choice":"Ignored","floor":3.0,"gold_loss":0.0,"damage_taken":0.0},{"damage_healed":0.0,"max_hp_gain":5.0,"max_hp_loss":0.0,"gold_gain":0.0,"event_name":"Big Fish","player_choice":"Donut","floor":4.0,"gold_loss":0.0,"damage_taken":0.0},{"damage_healed":0.0,"max_hp_gain":0.0,"max_hp_loss":0.0,"gold_gain":0.0,"event_name":"Golden Wing","player_choice":"Ignored","floor":5.0,"gold_loss":0.0,"damage_taken":0.0},{"cards_removed":["Strike_R"],"damage_healed":0.0,"max_hp_gain":0.0,"max_hp_loss":0.0,"gold_gain":0.0,"event_name":"Bonfire Elementals","player_choice":"Offered Basic","floor":11.0,"gold_loss":0.0,"damage_taken":0.0},{"damage_healed":0,"gold_gain":0,"player_choice":"Joined the Cult","damage_taken":6,"max_hp_gain":0,"max_hp_loss":0,"event_name":"Nest","floor":20,"gold_loss":0,"cards_obtained":["RitualDagger"]},{"damage_healed":0,"gold_gain":0,"player_choice":"Read","damage_taken":0,"max_hp_gain":0,"max_hp_loss":0,"event_name":"The Library","floor":22,"gold_loss":0,"cards_obtained":["Uppercut"]},{"damage_healed":0,"gold_gain":0,"player_choice":"Relic","damage_taken":0,"max_hp_gain":0,"max_hp_loss":0,"event_name":"Wheel of Change","floor":31,"gold_loss":0},{"damage_healed":0,"gold_gain":0,"player_choice":"Got Potions","damage_taken":0,"max_hp_gain":0,"max_hp_loss":0,"event_name":"Lab","floor":38,"gold_loss":0},{"damage_healed":0,"gold_gain":0,"player_choice":"Paid","damage_taken":0,"relics_obtained":["Red Mask"],"max_hp_gain":0,"max_hp_loss":0,"event_name":"Tomb of Lord Red Mask","floor":46,"gold_loss":72},{"damage_healed":0,"gold_gain":0,"player_choice":"Embrace Madness","damage_taken":12,"max_hp_gain":0,"max_hp_loss":0,"event_name":"Winding Halls","floor":47,"gold_loss":0,"cards_obtained":["Madness","Madness"]}],"is_beta":false,"boss_relics":[{"not_picked":["Tiny House","Sozu"],"picked":"Calling Bell"},{"not_picked":["SacredBark","Mark of Pain"],"picked":"Velvet Choker"}],"items_purged_floors":[0,39],"is_endless":false,"potions_floor_spawned":[8,14,16,18,27,30,35,41],"killed_by":"The Heart","ascension_level":0}}