{"host":"vfg9szunmpjwj08o","time":1609341441,"event":{"mods":["Act Like it!","BaseMod","Challenge The Spire","Colored Map","Colored Powertips","Minty Spire (QoL Compilation)","StSLib","Waifu the Spire"],"gold_per_floor":[116,116,131,145,6,6,34,52,76,76,118,118,152,164,164,270,270,293,343,366,393,403,436,349,364,364,364,390,390,403,418,418,418,418],"floor_reached":33,"playtime":1328,"items_purged":["Strike_P"],"score":442,"play_id":"8d450f56-9783-40d0-9493-15d98fd800ab","local_time":"20201230161721","is_ascension_mode":true,"campfire_choices":[{"data":"Eruption","floor":6.0,"key":"SMITH"},{"data":"Judgement","floor":10.0,"key":"SMITH"},{"data":"Meditate","floor":12.0,"key":"SMITH"},{"data":"Prostrate","floor":15.0,"key":"SMITH"},{"data":"1","floor":29,"key":"LIFT"},{"data":"2","floor":32,"key":"LIFT"}],"circlet_count":0,"master_deck":["Strike_P","Strike_P","Defend_P","Defend_P","Defend_P","Defend_P","Eruption+1","Vigilance","EmptyMind","Indignation","SandsOfTime","FlurryOfBlows","Judgement+1","Meditate+1","FlurryOfBlows","CutThroughFate","Prostrate+1","Devotion","MentalFortress","Tantrum+1","Halt","BowlingBash","Prostrate"],"relics":["PureWater","NeowsBlessing","Smiling Mask","MealTicket","CeramicFish","Ice Cream","Coffee Dripper","Prayer Wheel","Girya"],"acts_visited":["Exordium","TheCity"],"potions_floor_usage":[23,33],"damage_taken":[{"damage":0.0,"enemies":"Cultist","floor":1.0,"turns":1.0},{"damage":0.0,"enemies":"Jaw Worm","floor":3.0,"turns":1.0},{"damage":0.0,"enemies":"Small Slimes","floor":4.0,"turns":1.0},{"damage":36.0,"enemies":"Gremlin Nob","floor":7.0,"turns":3.0},{"damage":9.0,"enemies":"3 Louse","floor":8.0,"turns":2.0},{"damage":3.0,"enemies":"Lagavulin","floor":11.0,"turns":3.0},{"damage":7.0,"enemies":"3 Sentries","floor":13.0,"turns":5.0},{"damage":3.0,"enemies":"Looter","floor":14.0,"turns":2.0},{"damage":6.0,"enemies":"Hexaghost","floor":16.0,"turns":6.0},{"damage":5.0,"enemies":"2 Thieves","floor":18.0,"turns":3.0},{"damage":1.0,"enemies":"3 Byrds","floor":20.0,"turns":3.0},{"damage":0.0,"enemies":"Sentry and Sphere","floor":21.0,"turns":2.0},{"damage":19.0,"enemies":"Snecko","floor":22.0,"turns":4.0},{"damage":0,"enemies":"Gremlin Leader","floor":23,"turns":5},{"damage":12,"enemies":"3 Cultists","floor":25,"turns":4},{"damage":11,"enemies":"Centurion and Healer","floor":28,"turns":3},{"damage":0,"enemies":"Chosen and Byrds","floor":30,"turns":3},{"damage":7,"enemies":"Shelled Parasite and Fungi","floor":31,"turns":3},{"damage":2,"enemies":"Champ","floor":33,"turns":3}],"seed_played":"3710583570211948243","potions_obtained":[{"floor":1.0,"key":"Block Potion"},{"floor":4.0,"key":"BottledMiracle"},{"floor":13.0,"key":"Fire Potion"},{"floor":14.0,"key":"LiquidMemories"},{"floor":16.0,"key":"Ambrosia"},{"floor":22.0,"key":"Block Potion"},{"floor":28,"key":"PowerPotion"}],"is_trial":false,"path_per_floor":["M","?","M","M","$","R","E","M","T","R","E","R","E","M","R","B",null,"M","?","M","M","M","E","$","M","T","?","M","R","M","M","R","B"],"character_chosen":"WATCHER","items_purchased":["Judgement","BowlingBash"],"campfire_rested":0,"item_purchase_floors":[5,24],"current_hp_per_floor":[65,65,65,65,65,65,29,20,20,20,17,17,10,7,7,1,54,49,49,48,48,29,29,44,32,32,19,8,8,8,1,1,0,0],"gold":418,"neow_bonus":"THREE_ENEMY_KILL","is_daily":false,"chose_seed":false,"campfire_upgraded":4,"win_rate":0.0,"timestamp":1609341441,"path_taken":["M","?","M","?","$","R","E","M","T","R","E","R","E","M","R","BOSS","M","?","?","M","M","E","$","M","T","?","M","R","M","M","R","BOSS"],"items_purchased_type":["Card","Card"],"build_version":"2020-12-22","purchased_purges":1,"victory":false,"max_hp_per_floor":[72,72,72,72,72,72,72,72,72,72,72,72,72,72,72,72,72,72,72,72,72,72,72,72,72,72,77,77,77,77,77,77,77,77],"card_choices":[{"not_picked":["FollowUp","Crescendo"],"picked":"EmptyMind","floor":1.0},{"not_picked":["Fasting2","FlyingSleeves"],"picked":"SandsOfTime","floor":3.0},{"not_picked":["ClearTheMind","ThirdEye"],"picked":"FlurryOfBlows","floor":4.0},{"not_picked":["BowlingBash","Swivel"],"picked":"Meditate","floor":7.0},{"not_picked":["BattleHymn","Crescendo"],"picked":"FlurryOfBlows","floor":8.0},{"not_picked":["DeceiveReality","Consecrate"],"picked":"CutThroughFate","floor":11.0},{"not_picked":["JustLucky","MasterReality"],"picked":"Prostrate","floor":13.0},{"not_picked":["WindmillStrike","CrushJoints","WaveOfTheHand"],"picked":"SKIP","floor":14.0},{"not_picked":["MasterReality","Scrawl"],"picked":"Devotion","floor":16.0},{"not_picked":["PathToVictory","SignatureMove"],"picked":"MentalFortress","floor":18.0},{"not_picked":["SignatureMove","Evaluate+1"],"picked":"Tantrum+1","floor":20.0},{"not_picked":["Consecrate","ReachHeaven"],"picked":"Halt","floor":21.0},{"not_picked":["CrushJoints","ReachHeaven+1","CutThroughFate"],"picked":"SKIP","floor":22.0},{"not_picked":["Tantrum","EmptyMind","ThirdEye"],"picked":"SKIP","floor":23},{"not_picked":["ClearTheMind","Evaluate+1","ThirdEye"],"picked":"SKIP","floor":25},{"not_picked":["BowlingBash","Fasting2","Blasphemy"],"picked":"SKIP","floor":25},{"not_picked":["Protect+1","CrushJoints"],"picked":"Prostrate","floor":28},{"not_picked":["PathToVictory","ThirdEye","ConjureBlade"],"picked":"SKIP","floor":28},{"not_picked":["PathToVictory+1","JustLucky","CrushJoints"],"picked":"SKIP","floor":30},{"not_picked":["WindmillStrike","SashWhip","Wireheading"],"picked":"SKIP","floor":30},{"not_picked":["FollowUp","WaveOfTheHand","Halt"],"picked":"SKIP","floor":31},{"not_picked":["Indignation+1","FlurryOfBlows","Evaluate"],"picked":"SKIP","floor":31}],"player_experience":1019438,"relics_obtained":[{"floor":7.0,"key":"Smiling Mask"},{"floor":9.0,"key":"MealTicket"},{"floor":11.0,"key":"CeramicFish"},{"floor":13.0,"key":"Ice Cream"},{"floor":23,"key":"Prayer Wheel"},{"floor":26,"key":"Girya"}],"event_choices":[{"damage_healed":0.0,"max_hp_gain":0.0,"max_hp_loss":0.0,"gold_gain":0.0,"cards_transformed":["Strike_P"],"event_name":"Transmorgrifier","player_choice":"Transformed","floor":2.0,"gold_loss":0.0,"damage_taken":0.0,"cards_obtained":["Indignation"]},{"damage_healed":0.0,"max_hp_gain":0.0,"max_hp_loss":0.0,"gold_gain":100.0,"event_name":"The Joust","player_choice":"Bet on Murderer","floor":19.0,"gold_loss":50.0,"damage_taken":0.0},{"damage_healed":0,"gold_gain":0,"player_choice":"Shed Blood","damage_taken":18,"max_hp_gain":5,"max_hp_loss":0,"event_name":"Forgotten Altar","floor":27,"gold_loss":0}],"is_beta":false,"boss_relics":[{"not_picked":["Black Star","Philosopher\u0027s Stone"],"picked":"Coffee Dripper"}],"items_purged_floors":[24],"is_endless":false,"potions_floor_spawned":[1,4,13,14,16,20,22,28],"killed_by":"Champ","ascension_level":8}}