{"host":"ql9d3hodw6ja2r3y","time":1609342553,"event":{"mods":["2.2 Compatiblity","A Magickal Journey","AchievementEnabler","Act Like it!","BaseMod","Beaked The Cultist","Better Altar","Better Match","Better Note","Better Sensory Stone","Better Skull","Better Third Choice","Better Vampires","BetterRewards","CCEM","Challenge The Spire","Colored Powertips","Curses Come First","Displayed Cursed Tome","Downfall","Friendly Minions","GifTheSpireLib","Infinite Spire","Marked Mod","Mimic Mod","Minty Spire (QoL Compilation)","Permanent Neow","Quick Restart","Random Character Button","Rare Cards Sparkle","Relic Sorter","Shade Mod","Somnambulant","Spicy Shops","StSLib","Synergy Search","The Blue Laboratory","The Bug Knight","The Construct","The Cursed","The Disciple","The Forsaken","The Hierophant","The Marked","The Runesmith","The Showman","The Spell Scribe"],"gold_per_floor":[114,128,140,140,155,155,181,11,11,11,37,37,53,67,67,171,171,182,213,128,138,138,138,155,166,166,166,166],"floor_reached":27,"playtime":1953,"items_purged":[],"score":250,"play_id":"482cce37-e2d9-44db-a496-9a4cf2238832","local_time":"20201230163553","is_ascension_mode":false,"campfire_choices":[{"floor":6,"key":"REST"},{"floor":10,"key":"REST"},{"data":"theMarked:BanishingStrike","floor":15,"key":"SMITH"},{"floor":23,"key":"REST"}],"circlet_count":0,"master_deck":["theMarked:Strike","theMarked:Strike","theMarked:Strike+1","theMarked:Strike","theMarked:Strike+1","theMarked:Defend","theMarked:Defend","theMarked:Defend","theMarked:Defend","theMarked:SoldierOfQuellstein","theMarked:WardOff","theMarked:HeightenedSenses","theMarked:Frustration","theMarked:BanishingStrike+1","theMarked:Frustration","theMarked:Static","theMarked:TakeOffHeels","theMarked:SwordAndMagic","theMarked:WastefulAttack","theMarked:SuspiciousRaven","theMarked:Generate","theMarked:Improvise+1","theMarked:ElectricStrings+1","theMarked:BanishingWave","theMarked:SwordAndMagic"],"relics":["theMarked:ArtifactOfAir","Centennial Puzzle","Calipers","Regal Pillow","Mercury Hourglass","infinitespire:WardingShard","construct:WeddingRing","Red Mask","infinitespire:Lucky Rock","betterThird:NestCultRelic","CCEMRelics:Pendulum"],"acts_visited":["Exordium","TheCity"],"potions_floor_usage":[5,16,21,27,27,27],"damage_taken":[{"damage":0,"enemies":"Cultist","floor":1,"turns":4},{"damage":4,"enemies":"Small Slimes","floor":2,"turns":3},{"damage":1,"enemies":"Jaw Worm","floor":3,"turns":3},{"damage":4,"enemies":"2 Fungi Beasts","floor":5,"turns":4},{"damage":18,"enemies":"Lagavulin","floor":7,"turns":5},{"damage":0,"enemies":"HollowMod:MossKnight","floor":11,"turns":4},{"damage":0,"enemies":"Blue Slaver","floor":13,"turns":3},{"damage":7,"enemies":"Exordium Thugs","floor":14,"turns":4},{"damage":40,"enemies":"The Guardian","floor":16,"turns":9},{"damage":13,"enemies":"Shell Parasite","floor":18,"turns":7},{"damage":31,"enemies":"Masked Bandits","floor":19,"turns":5},{"damage":0,"enemies":"Spheric Guardian","floor":21,"turns":2},{"damage":18,"enemies":"3 Cultists","floor":24,"turns":5},{"damage":26,"enemies":"Centurion and Healer","floor":25,"turns":5},{"damage":18,"enemies":"Snake Plant","floor":27,"turns":2}],"seed_played":"-6670284633375829642","potions_obtained":[{"floor":1,"key":"LiquidBronze"},{"floor":2,"key":"blueLaboratory:CorrosionFlask"},{"floor":11,"key":"blueLaboratory:PhilterOfMotion"},{"floor":14,"key":"theMarked:ChargePotion"},{"floor":19,"key":"PowerPotion"},{"floor":24,"key":"EssenceOfSteel"}],"is_trial":false,"path_per_floor":["M","M","M","?","M","R","E","$","T","R","E","?","M","M","R","B",null,"M","?","?","M","?","R","M","M","T","M"],"character_chosen":"THE_DEFAULT","items_purchased":["Regal Pillow","theMarked:Static"],"campfire_rested":3,"item_purchase_floors":[8,8],"current_hp_per_floor":[70,66,65,51,47,68,50,50,50,70,70,70,70,63,63,23,70,57,26,26,26,26,62,44,18,18,0,0],"gold":166,"neow_bonus":"RANDOM_COMMON_RELIC","is_daily":false,"chose_seed":false,"campfire_upgraded":1,"win_rate":0.0,"timestamp":1609342553,"path_taken":["M","?","M","?","M","R","E","$","T","R","E","?","M","?","R","BOSS","M","?","?","M","?","R","M","M","T","?"],"items_purchased_type":["Relic","Card"],"build_version":"2020-12-22","purchased_purges":0,"victory":false,"max_hp_per_floor":[70,70,70,70,70,70,70,70,70,70,70,70,70,70,70,70,70,70,70,70,70,70,70,70,70,70,70,70],"card_choices":[{"not_picked":["theMarked:EmpowerWeapon","theMarked:ComboAttacks"],"picked":"theMarked:WardOff","floor":1},{"not_picked":["theMarked:WastefulAttack","theMarked:RepellingDischarge"],"picked":"theMarked:HeightenedSenses","floor":2},{"not_picked":["theMarked:HeightenedSenses","theMarked:DispelDoubt"],"picked":"theMarked:Frustration","floor":3},{"not_picked":["theMarked:Parkour","theMarked:EmpowerWeapon"],"picked":"theMarked:BanishingStrike","floor":5},{"not_picked":["theMarked:TunnelVision","theMarked:Improvise"],"picked":"theMarked:Frustration","floor":7},{"not_picked":["theMarked:DeterminationOfTheMarked","theMarked:Static"],"picked":"theMarked:TakeOffHeels","floor":11},{"not_picked":["theMarked:ParalyzingBlade","theMarked:HeightenedSenses"],"picked":"theMarked:SwordAndMagic","floor":13},{"not_picked":["theMarked:HeritageOfTheMarked","theMarked:EnhancedHearing"],"picked":"theMarked:WastefulAttack","floor":14},{"not_picked":["theMarked:Levitate","theMarked:ThrowWeapon"],"picked":"theMarked:SuspiciousRaven","floor":16},{"not_picked":["theMarked:RogueSparks","theMarked:Aftermath"],"picked":"theMarked:Generate","floor":18},{"not_picked":["theMarked:Frustration","theMarked:ChainLightning+1"],"picked":"theMarked:Improvise+1","floor":19},{"not_picked":["theMarked:EnhancedHearing","theMarked:EternalStudent"],"picked":"theMarked:ElectricStrings+1","floor":21},{"not_picked":["theMarked:TwofoldDefense","theMarked:Aftermath+1"],"picked":"theMarked:BanishingWave","floor":24},{"not_picked":["theMarked:ChainLightning","theMarked:WardOff"],"picked":"theMarked:SwordAndMagic","floor":25}],"player_experience":17514,"relics_obtained":[{"floor":7,"key":"Calipers"},{"floor":9,"key":"Mercury Hourglass"},{"floor":11,"key":"infinitespire:WardingShard"},{"floor":19,"key":"Red Mask"},{"floor":26,"key":"CCEMRelics:Pendulum"}],"event_choices":[{"damage_healed":65,"gold_gain":0,"player_choice":"Upgrade","damage_taken":14,"max_hp_gain":0,"max_hp_loss":70,"event_name":"betterThird:BetterShining","floor":4,"gold_loss":0,"cards_upgraded":["theMarked:Strike","theMarked:Strike"]},{"damage_healed":0,"gold_gain":0,"player_choice":"Ignored","damage_taken":0,"max_hp_gain":0,"max_hp_loss":0,"event_name":"betterNote:BetterNote","floor":12,"gold_loss":0,"cards_obtained":["DaylightSavings"]},{"damage_healed":0,"gold_gain":0,"player_choice":"Fought Bandits","damage_taken":0,"max_hp_gain":0,"max_hp_loss":0,"event_name":"Masked Bandits","floor":19,"gold_loss":0},{"damage_healed":0,"gold_gain":0,"player_choice":"Obtained Relic","damage_taken":0,"relics_obtained":["infinitespire:Lucky Rock"],"max_hp_gain":0,"max_hp_loss":0,"event_name":"Addict","floor":20,"gold_loss":85},{"damage_healed":0,"gold_gain":0,"player_choice":"Madness","damage_taken":0,"relics_obtained":["betterThird:NestCultRelic"],"max_hp_gain":0,"max_hp_loss":0,"event_name":"betterThird:BetterNest","floor":22,"gold_loss":0}],"is_beta":false,"boss_relics":[{"not_picked":["Calling Bell","SlaversCollar"],"picked":"construct:WeddingRing"}],"items_purged_floors":[],"is_endless":false,"potions_floor_spawned":[1,2,11,14,19,24],"killed_by":"Snake Plant","ascension_level":0}}