{"host":"56792r0r1tfnc9x9","time":1609308926,"event":{"mods":["2.2 Compatiblity","AchievementEnabler","Act Like it!","Aspiration","BaseMod","Better Note","Better Third Choice","Better Vampires","BetterRewards","Block Reminder","CapriCore","Colored Map","Colored Powertips","Conspire","Downfall","Elementarium","Emptier Cage","Energized Spire","GifTheSpireLib","Gremlin Mod","Halation","Hermit","Highlight Path","Hubris","Jedi Mod","Jorbs\u0027s Wanderer Trilogy","Marisa????????","Minty Spire (QoL Compilation)","Pale of the Ancients","Potionbrewer","Rare Cards Sparkle","Relic Stats","Replay The Spire","Robot Space Explorer","SacredBarkPlus","Spicy Shops","StSLib","Stuff the Spire","Synergy Search","The Construct","The Jungle","The Runesmith","Waifu the Spire","Wandering Minibosses"],"gold_per_floor":[109,0,0,15,25,58,23,35,61,77,77,92,103,115,115,219,219,239,239,239,239,239,256,256,256,256],"floor_reached":24,"playtime":2350,"items_purged":[],"score":200,"play_id":"2c16938c-939a-4bc7-ad26-c3e574647101","local_time":"20201230001526","is_ascension_mode":false,"campfire_choices":[{"data":"champ:Shatter","floor":15,"key":"SMITH"}],"circlet_count":0,"master_deck":["champ:Execute","champ:Taunt","champ:FanOfKnives","Enlightenment","champ:FaceSlap","champ:IronFortress","champ:Shatter+1","champ:ShieldSlam","champ:Lariat","champ:CalledShot","champ:StanceDance","champ:Improvising","champ:DeathBlow","champ:Improvising","champ:ArenaPreparation","champ:SkillfulDodge","champ:StrikeOfGenius","champ:BerserkerStyle","champ:Shatter","champ:PreciseThrust+1","champ:ViciousMockery+1"],"relics":["champ:ChampionCrown","aspiration:Nostalgia","Burning Blood","Happy Flower","jedi:shrinkray","halation:EternalFortune","Pandora\u0027s Box","betterThird:NestCultRelic"],"acts_visited":["Exordium","TheCity"],"potions_floor_usage":[8,16,24],"damage_taken":[{"damage":8.0,"enemies":"Jaw Worm","floor":1.0,"turns":4.0},{"damage":5.0,"enemies":"Small Slimes","floor":4.0,"turns":3.0},{"damage":3.0,"enemies":"2 Louse","floor":5.0,"turns":2.0},{"damage":31.0,"enemies":"Lagavulin","floor":6.0,"turns":6.0},{"damage":5,"enemies":"Blue Slaver","floor":8,"turns":2},{"damage":10,"enemies":"Looter","floor":10,"turns":3},{"damage":9,"enemies":"Red Slaver","floor":12,"turns":3},{"damage":0,"enemies":"3 Louse","floor":13,"turns":2},{"damage":22,"enemies":"Looter","floor":14,"turns":4},{"damage":42,"enemies":"Slime Boss","floor":16,"turns":10},{"damage":31,"enemies":"3 Byrds","floor":18,"turns":3},{"damage":88,"enemies":"conspire:FuzzyDice","floor":23,"turns":6},{"damage":46,"enemies":"Shelled Parasite and Fungi","floor":24,"turns":2}],"seed_played":"-2679772092169185590","potions_obtained":[{"floor":1.0,"key":"Block Potion"},{"floor":6.0,"key":"Swift Potion"},{"floor":12,"key":"champ:UltimateStancePotion"},{"floor":23,"key":"potionbrewer:ToxicPotion"}],"is_trial":false,"path_per_floor":["M","?","?","M","M","E","$","M","T","M","?","M","M","M","R","B",null,"M","?","?","PTL","PTL","M","M"],"character_chosen":"THE_CHAMP","items_purchased":["champ:Shatter"],"campfire_rested":0,"item_purchase_floors":[7],"current_hp_per_floor":[90,96,96,96,96,79,79,85,85,81,84,86,92,99,99,76,102,100,100,100,100,100,41,0,0,0],"gold":256,"neow_bonus":"NOSTALGIA","is_daily":false,"chose_seed":false,"campfire_upgraded":1,"win_rate":0.0,"timestamp":1609308926,"path_taken":["M","?","?","M","M","E","$","M","T","M","?","M","?","M","R","BOSS","M","?","?","PTL","PTL","M","M"],"items_purchased_type":["Card"],"build_version":"2020-12-22","purchased_purges":0,"victory":false,"max_hp_per_floor":[90,96,96,96,96,96,96,96,96,96,99,99,99,102,102,102,102,102,102,102,102,102,102,102,102,102],"relic_stats":{"Happy Flower":[11],"counters":[13,50],"Pandora\u0027s Box":["champ:DeathBlow","champ:Improvising","champ:ArenaPreparation","champ:SkillfulDodge","champ:StrikeOfGenius","champ:BerserkerStyle","champ:Shatter"],"obtain_stats":[{"Happy Flower":6,"aspiration:Nostalgia":0,"halation:EternalFortune":11,"champ:ChampionCrown":0,"Pandora\u0027s Box":17,"betterThird:NestCultRelic":20,"Burning Blood":0,"jedi:shrinkray":9},{"Happy Flower":4,"aspiration:Nostalgia":0,"halation:EternalFortune":6,"champ:ChampionCrown":0,"Pandora\u0027s Box":10,"betterThird:NestCultRelic":11,"Burning Blood":0,"jedi:shrinkray":5},{"Happy Flower":15,"aspiration:Nostalgia":0,"halation:EternalFortune":20,"champ:ChampionCrown":0,"Pandora\u0027s Box":39,"betterThird:NestCultRelic":42,"Burning Blood":0,"jedi:shrinkray":17}],"Burning Blood":68},"card_choices":[{"not_picked":["champ:Haymaker","champ:FlashCut"],"picked":"champ:FanOfKnives","floor":1.0},{"not_picked":["champ:GutPunch","champ:Backstep","champ:Haymaker"],"picked":"SKIP","floor":4.0},{"not_picked":["champ:Circumvent","champ:AdrenalArmor","champ:CrookedStrike"],"picked":"SKIP","floor":5.0},{"not_picked":["champ:Haymaker","champ:Backstep"],"picked":"champ:IronFortress","floor":6.0},{"not_picked":["champ:DefensiveShout","champ:EnragedBash"],"picked":"champ:ShieldSlam","floor":8},{"not_picked":["champ:DeathBlow","champ:GladiatorsShout"],"picked":"champ:Lariat","floor":10},{"not_picked":["champ:AdrenalArmor","champ:Circumvent"],"picked":"champ:CalledShot","floor":12},{"not_picked":["champ:GladiatorsShout","champ:Backstep","champ:EnGarde"],"picked":"SKIP","floor":13},{"not_picked":["champ:BladeFlurry","champ:BerserkersShout"],"picked":"champ:StanceDance","floor":14},{"not_picked":["champ:CheapShot","champ:ShieldThrow"],"picked":"champ:Improvising","floor":16},{"not_picked":["champ:EndlessRage","champ:Haymaker+1"],"picked":"champ:PreciseThrust+1","floor":18},{"not_picked":["champ:DefensiveShout","champ:Circumvent"],"picked":"champ:ViciousMockery+1","floor":23}],"player_experience":882256,"relics_obtained":[{"floor":6.0,"key":"Happy Flower"},{"floor":9,"key":"jedi:shrinkray"},{"floor":14,"key":"halation:EternalFortune"}],"event_choices":[{"damage_healed":0.0,"max_hp_gain":0.0,"max_hp_loss":0.0,"gold_gain":0.0,"event_name":"betterThird:BetterSerpent","player_choice":"RENOUNCE","floor":2.0,"gold_loss":109.0,"damage_taken":109.0,"cards_obtained":["Enlightenment"]},{"damage_healed":0.0,"max_hp_gain":0.0,"max_hp_loss":0.0,"gold_gain":0.0,"cards_transformed":["champ:Strike"],"event_name":"Living Wall","player_choice":"Change","floor":3.0,"gold_loss":0.0,"damage_taken":0.0,"cards_obtained":["champ:FaceSlap"]},{"cards_removed":["champ:Improvising"],"damage_healed":0,"gold_gain":0,"player_choice":"Give","damage_taken":0,"max_hp_gain":0,"max_hp_loss":0,"event_name":"betterNote:BetterNote","floor":19,"gold_loss":0,"cards_obtained":["None"]},{"damage_healed":0,"gold_gain":0,"player_choice":"Madness","damage_taken":0,"relics_obtained":["betterThird:NestCultRelic"],"max_hp_gain":0,"max_hp_loss":0,"event_name":"betterThird:BetterNest","floor":20,"gold_loss":0}],"is_beta":false,"boss_relics":[{"not_picked":["hubris:CrackedHourglass","construct:ClawGrip"],"picked":"Pandora\u0027s Box"}],"items_purged_floors":[],"is_endless":false,"potions_floor_spawned":[1,6,12,23],"killed_by":"Shelled Parasite and Fungi","ascension_level":0}}