{"host":"5ffrjkuvgrxgllwx","time":1609364535,"event":{"mods":["AchievementEnabler","BaseMod","Colored Map","Colored Powertips","Minty Spire (QoL Compilation)","Quick Restart","Rare Cards Sparkle","StSLib","everything is the same but u backflip on backflip"],"gold_per_floor":[109,109,121,121,26,58,75,100,100,25,35,35,51,63,63,140,140,159,169,169,197,112,112,124,174,246,171,171,171],"floor_reached":28,"playtime":978,"items_purged":[],"score":481,"play_id":"635646a4-ae8a-445a-8b8d-1fe425fd9d34","local_time":"20201230164215","is_ascension_mode":true,"campfire_choices":[{"floor":12,"key":"REST"},{"floor":15,"key":"REST"},{"floor":23,"key":"REST"}],"circlet_count":0,"master_deck":["AscendersBane","Strike_G","Strike_G","Defend_G","Defend_G","Defend_G","Defend_G","Defend_G","Survivor","Neutralize","Dagger Throw","Sucker Punch","Bandage Up","Heel Hook","Predator","Blade Dance","All Out Attack","Terror","Malaise","Eviscerate","Backflip","Necronomicurse","Footwork+1","Cloak And Dagger+1"],"relics":["Ring of the Snake","NeowsBlessing","Blood Vial","Shuriken","Pear","Juzu Bracelet","Busted Crown","Necronomicon","Red Mask","Toxic Egg 2","Paper Crane"],"acts_visited":["Exordium","TheCity"],"potions_floor_usage":[8,8,16,21,21,28],"damage_taken":[{"damage":0,"enemies":"2 Louse","floor":1,"turns":1},{"damage":0,"enemies":"Jaw Worm","floor":3,"turns":1},{"damage":0,"enemies":"Gremlin Nob","floor":6,"turns":1},{"damage":0,"enemies":"Small Slimes","floor":7,"turns":3},{"damage":25,"enemies":"Lagavulin","floor":8,"turns":4},{"damage":9,"enemies":"Blue Slaver","floor":11,"turns":4},{"damage":27,"enemies":"Gremlin Gang","floor":13,"turns":5},{"damage":13,"enemies":"Lots of Slimes","floor":14,"turns":3},{"damage":30,"enemies":"Hexaghost","floor":16,"turns":8},{"damage":31,"enemies":"Shell Parasite","floor":18,"turns":5},{"damage":20,"enemies":"3 Byrds","floor":19,"turns":4},{"damage":0,"enemies":"Masked Bandits","floor":21,"turns":3},{"damage":18,"enemies":"Snecko","floor":24,"turns":3},{"damage":35,"enemies":"Slavers","floor":28,"turns":3}],"seed_played":"3167141440474084055","potions_obtained":[{"floor":3,"key":"CunningPotion"},{"floor":7,"key":"CunningPotion"},{"floor":14,"key":"Energy Potion"},{"floor":16,"key":"SpeedPotion"},{"floor":19,"key":"CunningPotion"},{"floor":21,"key":"Strength Potion"}],"is_trial":false,"path_per_floor":["M","?","M","?","$","E","M","E","T","?","M","R","M","M","R","B",null,"M","M","?","?","?","R","M","?","T","?","E"],"character_chosen":"THE_SILENT","items_purchased":["Bandage Up"],"campfire_rested":3,"item_purchase_floors":[5],"current_hp_per_floor":[59,52,52,47,47,49,55,46,46,46,43,65,44,37,59,35,66,41,27,6,12,12,34,22,22,22,22,0,0],"gold":171,"neow_bonus":"THREE_ENEMY_KILL","is_daily":false,"chose_seed":false,"campfire_upgraded":0,"win_rate":0.0,"timestamp":1609364535,"path_taken":["M","?","M","?","?","E","?","E","T","?","M","R","M","M","R","BOSS","M","M","?","?","?","R","M","?","T","?","E"],"items_purchased_type":["Card"],"build_version":"2020-12-22","purchased_purges":0,"victory":false,"max_hp_per_floor":[66,66,66,66,66,66,66,76,76,76,76,76,76,76,76,76,76,76,76,76,76,76,76,76,76,76,76,76,76],"card_choices":[{"not_picked":["Poisoned Stab","Deflect"],"picked":"Dagger Throw","floor":1},{"not_picked":["Bane","Cloak And Dagger"],"picked":"Sucker Punch","floor":3},{"not_picked":["Quick Slash","Flying Knee"],"picked":"Heel Hook","floor":6},{"not_picked":["Outmaneuver","Bane"],"picked":"Predator","floor":7},{"not_picked":["Venomology","Prepared"],"picked":"Blade Dance","floor":8},{"not_picked":["Dash","Slice"],"picked":"All Out Attack","floor":11},{"not_picked":["Deadly Poison","Dagger Throw"],"picked":"Terror","floor":13},{"not_picked":["Dagger Throw","Bane","Slice"],"picked":"SKIP","floor":14},{"not_picked":["Burst","Bullet Time"],"picked":"Malaise","floor":16},{"not_picked":[],"picked":"Eviscerate","floor":18},{"not_picked":[],"picked":"Backflip","floor":19},{"not_picked":[],"picked":"Footwork+1","floor":21},{"not_picked":[],"picked":"Cloak And Dagger+1","floor":24}],"player_experience":1382177,"relics_obtained":[{"floor":6,"key":"Shuriken"},{"floor":8,"key":"Pear"},{"floor":9,"key":"Juzu Bracelet"},{"floor":20,"key":"Necronomicon"},{"floor":21,"key":"Red Mask"},{"floor":26,"key":"Paper Crane"}],"event_choices":[{"cards_removed":["Strike_G"],"damage_healed":0,"gold_gain":0,"player_choice":"Card Removal","damage_taken":7,"max_hp_gain":0,"max_hp_loss":0,"event_name":"Golden Wing","floor":2,"gold_loss":0},{"damage_healed":0,"gold_gain":0,"player_choice":"Success","damage_taken":5,"relics_obtained":["Blood Vial"],"max_hp_gain":0,"max_hp_loss":0,"event_name":"Scrap Ooze","floor":4,"gold_loss":0},{"cards_removed":["Strike_G"],"damage_healed":0,"gold_gain":0,"player_choice":"Card Removal","damage_taken":0,"max_hp_gain":0,"max_hp_loss":0,"event_name":"The Cleric","floor":10,"gold_loss":75},{"damage_healed":0,"gold_gain":0,"player_choice":"Obtained Book","damage_taken":21,"max_hp_gain":0,"max_hp_loss":0,"event_name":"Cursed Tome","floor":20,"gold_loss":0},{"damage_healed":0,"gold_gain":0,"player_choice":"Fought Bandits","damage_taken":0,"max_hp_gain":0,"max_hp_loss":0,"event_name":"Masked Bandits","floor":21,"gold_loss":0},{"damage_healed":0,"gold_gain":0,"player_choice":"Obtained Relic","damage_taken":0,"relics_obtained":["Toxic Egg 2"],"max_hp_gain":0,"max_hp_loss":0,"event_name":"Addict","floor":22,"gold_loss":85},{"damage_healed":0,"gold_gain":50,"player_choice":"Stole From Cult","damage_taken":0,"max_hp_gain":0,"max_hp_loss":0,"event_name":"Nest","floor":25,"gold_loss":0},{"cards_removed":["Strike_G"],"damage_healed":0,"gold_gain":0,"player_choice":"Gave Gold","damage_taken":0,"max_hp_gain":0,"max_hp_loss":0,"event_name":"Beggar","floor":27,"gold_loss":75}],"is_beta":false,"boss_relics":[{"not_picked":["Black Star","SacredBark"],"picked":"Busted Crown"}],"items_purged_floors":[],"is_endless":false,"potions_floor_spawned":[3,7,14,16,19,21],"killed_by":"Slavers","ascension_level":18}}