{"host":"6to8m083wj0ro91z","time":1609362558,"event":{"mods":["BaseMod","Better Third Choice","BetterRewards","CatGirl Mod","ChefMod","Friendly Minions","GungeonMod","Hubris","Mad Scientist","Marisa????????","Minty Spire (QoL Compilation)","Shade Mod","Spicy Shops","StSLib","The Blackbeard","The Death Knight","The Dragon Tamer","The Gatherer","The Marked","The Mystic","The Necromancer","The Servant 0.9.4"],"gold_per_floor":[368,388,405,285,295,295,313,338,338,8,38,38,73,83,83,182,182,194,194,119,319,332,332,359,378,378,411,444,4,4,72,72,174,174,194,210,136,136,116,143,162,191,191,206,58,100,100,135,135,135,135,135,14,42,42],"floor_reached":56,"playtime":2961,"items_purged":["DemoMod:Strike_Huntress","DemoMod:CrossBow"],"score":1684,"play_id":"33571cc2-e47c-4542-9d0a-a7519813d323","local_time":"20201230220918","is_ascension_mode":true,"campfire_choices":[{"data":"DemoMod:SniperShot","floor":6,"key":"SMITH"},{"floor":12,"key":"REST"},{"data":"DemoMod:ManualReload","floor":15,"key":"SMITH"},{"data":"DemoMod:Behold!","floor":23,"key":"SMITH"},{"data":"DemoMod:ShadowBullets","floor":30,"key":"SMITH"},{"data":"DemoMod:MachoBrace","floor":32,"key":"SMITH"},{"floor":47,"key":"RECALL"},{"data":"DemoMod:Slinger","floor":49,"key":"SMITH"},{"data":"DemoMod:Behold!","floor":52,"key":"SMITH"}],"circlet_count":0,"master_deck":["DemoMod:Evolver+","DemoMod:Defend_Huntress","DemoMod:Defend_Huntress","DemoMod:Defend_Huntress","DemoMod:Defend_Huntress","DemoMod:Roll","DemoMod:ManualReload+1","DemoMod:RustySidearm","DemoMod:BattleInHaste","DemoMod:SniperShot+1","DemoMod:MachoBrace+1","DemoMod:EasyReloadBullets","DemoMod:Behold!+1","DemoMod:MachoBrace+1","DemoMod:ShadowBullets+1","DemoMod:FightSabre","DemoMod:HungryBullets+1","DemoMod:Behold!+1","DemoMod:ConditionalReflex+1","DemoMod:Unmoved+1","DemoMod:Slinger+1"],"relics":["DemoMod:Dog","Regal Pillow","Sundial","Kunai","DemoMod:OrangeGuonStone","Incense Burner","hubris:Potato","DemoMod:Wolf","DemoMod:Ammonomicon","Bag of Preparation","Bottled Lightning","hubris:DeckOfHolding","hubris:EmptyBottle","DemoMod:MemoryAlloy","Coffee Dripper","Turnip","hubris:PeanutButter","Medical Kit","MealTicket","Bottled Flame","Pantograph","hubris:SlimyHat"],"acts_visited":["Exordium","TheCity","TheBeyond","TheEnding"],"potions_floor_usage":[18,40,42,46,46,50,55,55],"damage_taken":[{"damage":0,"enemies":"Cultist","floor":1,"turns":3},{"damage":11,"enemies":"2 Louse","floor":2,"turns":4},{"damage":0,"enemies":"Small Slimes","floor":3,"turns":4},{"damage":0,"enemies":"Blue Slaver","floor":5,"turns":3},{"damage":0,"enemies":"Exordium Wildlife","floor":7,"turns":6},{"damage":13,"enemies":"Lagavulin","floor":8,"turns":5},{"damage":14,"enemies":"Gremlin Nob","floor":11,"turns":4},{"damage":3,"enemies":"Lagavulin","floor":13,"turns":5},{"damage":0,"enemies":"Large Slime","floor":14,"turns":3},{"damage":13,"enemies":"Hexaghost","floor":16,"turns":5},{"damage":0,"enemies":"3 Byrds","floor":18,"turns":3},{"damage":0,"enemies":"Spheric Guardian","floor":22,"turns":1},{"damage":0,"enemies":"Slavers","floor":24,"turns":4},{"damage":0,"enemies":"Snake Plant","floor":25,"turns":1},{"damage":0,"enemies":"Gremlin Leader","floor":27,"turns":2},{"damage":0,"enemies":"Shelled Parasite and Fungi","floor":28,"turns":2},{"damage":0,"enemies":"Slavers","floor":31,"turns":3},{"damage":0,"enemies":"Collector","floor":33,"turns":4},{"damage":0,"enemies":"Orb Walker","floor":35,"turns":1},{"damage":0,"enemies":"3 Darklings","floor":36,"turns":1},{"damage":0,"enemies":"Reptomancer","floor":40,"turns":5},{"damage":0,"enemies":"Jaw Worm Horde","floor":41,"turns":2},{"damage":0,"enemies":"Nemesis","floor":42,"turns":3},{"damage":0,"enemies":"4 Shapes","floor":44,"turns":1},{"damage":0,"enemies":"Reptomancer","floor":46,"turns":3},{"damage":0,"enemies":"Nemesis","floor":48,"turns":3},{"damage":0,"enemies":"Time Eater","floor":50,"turns":8},{"damage":0,"enemies":"Shield and Spear","floor":54,"turns":3},{"damage":6,"enemies":"The Heart","floor":55,"turns":5}],"seed_played":"1288145430669236061","potions_obtained":[{"floor":5,"key":"Regen Potion"},{"floor":7,"key":"DeathKnight:RimePotion"},{"floor":11,"key":"Strength Potion"},{"floor":13,"key":"EssenceOfSteel"},{"floor":18,"key":"LiquidMemories"},{"floor":27,"key":"DuplicationPotion"},{"floor":44,"key":"SkillPotion"}],"is_trial":false,"path_per_floor":["M","M","M","?","M","R","M","E","T","$","E","R","E","M","R","B",null,"M","?","?","?","M","R","E","M","T","E","M","$","R","E","R","B",null,"M","M","$","?","?","E","M","E","T","M","$","E","R","E","R","B",null,"R","$","E","B",null],"character_chosen":"HUNTRESS","items_purchased":["DemoMod:OrangeGuonStone","hubris:DeckOfHolding","hubris:EmptyBottle","DemoMod:ShadowBullets","DemoMod:HungryBullets","Medical Kit","Pantograph"],"campfire_rested":1,"item_purchase_floors":[10,29,29,29,37,45,53],"current_hp_per_floor":[49,38,38,38,38,38,38,25,25,25,11,47,44,44,44,31,70,70,70,70,70,70,70,70,70,70,70,70,70,70,70,70,70,70,70,70,70,70,70,70,70,70,70,70,70,70,70,70,70,70,70,70,70,70,64],"gold":42,"neow_bonus":"TWO_FIFTY_GOLD","is_daily":false,"chose_seed":false,"campfire_upgraded":7,"win_rate":0.0,"timestamp":1609362558,"path_taken":["M","M","?","?","M","R","?","E","T","?","E","R","E","M","R","BOSS","M","?","?","?","M","R","E","?","T","E","M","$","R","E","R","BOSS","M","M","$","?","?","E","M","E","T","M","$","E","R","E","R","BOSS","R","$","E","BOSS"],"items_purchased_type":["Relic","Relic","Relic","Card","Card","Relic","Relic"],"build_version":"2020-12-22","purchased_purges":2,"victory":true,"max_hp_per_floor":[70,70,70,70,70,70,70,70,70,70,70,70,70,70,70,70,70,70,70,70,70,70,70,70,70,70,70,70,70,70,70,70,70,70,70,70,70,70,70,70,70,70,70,70,70,70,70,70,70,70,70,70,70,70,70],"card_choices":[{"not_picked":["DemoMod:StickyCrossBow","DemoMod:Ejector"],"picked":"DemoMod:BattleInHaste","floor":1},{"not_picked":["DemoMod:JK47","DemoMod:ConditionalReflex"],"picked":"DemoMod:SniperShot","floor":2},{"not_picked":["DemoMod:GunShield","DemoMod:GunstockTap","DemoMod:CombinedRifle"],"picked":"SKIP","floor":3},{"not_picked":["DemoMod:SniperShot","DemoMod:FortunesFavor","DemoMod:SAA"],"picked":"SKIP","floor":5},{"not_picked":["DemoMod:GunstockTap","DemoMod:GunShield"],"picked":"DemoMod:MachoBrace","floor":7},{"not_picked":["DemoMod:FastSwitch","DemoMod:HardPowerCard"],"picked":"DemoMod:EasyReloadBullets","floor":8},{"not_picked":["DemoMod:TeaPot","DemoMod:EasyReloadBullets","DemoMod:JK47"],"picked":"SKIP","floor":11},{"not_picked":["DemoMod:BlackHoleGun","DemoMod:CombinedRifle","DemoMod:BoxingGlove"],"picked":"SKIP","floor":13},{"not_picked":["DemoMod:Unmoved","DemoMod:JK47","DemoMod:PracticeMakesPerfect"],"picked":"SKIP","floor":14},{"not_picked":["DemoMod:Elimentaler","DemoMod:ThirdPartyController"],"picked":"DemoMod:Behold!","floor":16},{"not_picked":["DemoMod:ChanceBullets","DemoMod:GunstockTap"],"picked":"DemoMod:Purify+1","floor":18},{"not_picked":["DemoMod:JK47","DemoMod:Rummage"],"picked":"DemoMod:MachoBrace+1","floor":22},{"not_picked":["DemoMod:JK47","DemoMod:AbyssalTentacle","DemoMod:SpreadAmmo"],"picked":"SKIP","floor":24},{"not_picked":["DemoMod:DirectionalPad","DemoMod:MegaHand+1","DemoMod:SAA"],"picked":"SKIP","floor":25},{"not_picked":["DemoMod:FightSabre","DemoMod:FeignSurrender","DemoMod:MachoBrace+1"],"picked":"SKIP","floor":27},{"not_picked":["DemoMod:SkilledReload","DemoMod:FastSwitch","DemoMod:HardPowerCard"],"picked":"SKIP","floor":28},{"not_picked":["DemoMod:ProbeStrike+1","DemoMod:AC15","DemoMod:PracticeMakesPerfect+1"],"picked":"SKIP","floor":31},{"not_picked":["DemoMod:ThirdPartyController","DemoMod:Desperate"],"picked":"DemoMod:FightSabre","floor":33},{"not_picked":["DemoMod:DirectionalPad+1","DemoMod:HuntsMan+1","DemoMod:GunstockTap+1"],"picked":"SKIP","floor":35},{"not_picked":["DemoMod:SAA","DemoMod:StickyCrossBow+1","DemoMod:JK47"],"picked":"SKIP","floor":36},{"not_picked":["DemoMod:MegaHand+1","DemoMod:DoubleSwitch+1"],"picked":"DemoMod:Behold!","floor":40},{"not_picked":["DemoMod:MachoBrace","DemoMod:StickyCrossBow+1"],"picked":"DemoMod:ConditionalReflex+1","floor":41},{"not_picked":["DemoMod:FightSabre","DemoMod:TeaPot+1","DemoMod:GunstockTap"],"picked":"SKIP","floor":42},{"not_picked":["DemoMod:FastSwitch+1","DemoMod:GunstockTap+1"],"picked":"DemoMod:Unmoved+1","floor":44},{"not_picked":["DemoMod:GunShield","DemoMod:ConditionalReflex","DemoMod:FeignSurrender+1"],"picked":"SKIP","floor":46},{"not_picked":["DemoMod:HuntsMan+1","DemoMod:DoubleSwitch+1"],"picked":"DemoMod:Slinger","floor":48},{"not_picked":["DemoMod:PotionOfGunFriendShip","DemoMod:HuntsMan+1","DemoMod:ConditionalReflex"],"picked":"SKIP","floor":54}],"player_experience":1056097,"relics_obtained":[{"floor":8,"key":"Sundial"},{"floor":9,"key":"Kunai"},{"floor":11,"key":"Incense Burner"},{"floor":13,"key":"hubris:Potato"},{"floor":24,"key":"Bag of Preparation"},{"floor":27,"key":"Bottled Lightning"},{"floor":31,"key":"DemoMod:MemoryAlloy"},{"floor":40,"key":"Turnip"},{"floor":43,"key":"hubris:PeanutButter"},{"floor":46,"key":"MealTicket"},{"floor":48,"key":"Bottled Flame"},{"floor":54,"key":"hubris:SlimyHat"}],"event_choices":[{"damage_healed":0,"gold_gain":0,"player_choice":"Paid Gold","damage_taken":0,"relics_obtained":["Regal Pillow"],"max_hp_gain":0,"max_hp_loss":0,"event_name":"WeMeetAgain","floor":4,"gold_loss":120},{"cards_removed":["DemoMod:Strike_Huntress"],"damage_healed":0,"gold_gain":0,"player_choice":"Gave Gold","damage_taken":0,"max_hp_gain":0,"max_hp_loss":0,"event_name":"Beggar","floor":20,"gold_loss":75},{"damage_healed":0,"gold_gain":250,"player_choice":"Bet on Owner","damage_taken":0,"max_hp_gain":0,"max_hp_loss":0,"event_name":"The Joust","floor":21,"gold_loss":50}],"is_beta":false,"boss_relics":[{"not_picked":["DemoMod:ElasticCartridgeClip","Fusion Hammer"],"picked":"DemoMod:Wolf"},{"not_picked":["Runic Dome","hubris:HollowSoul"],"picked":"Coffee Dripper"}],"items_purged_floors":[10,29],"is_endless":false,"potions_floor_spawned":[5,7,11,13,16,18,22,27,28,36,44],"ascension_level":1}}