{"host":"jksa5rawk3m4gilz","time":1609354720,"event":{"mods":["BaseMod","Colored Map","Highlight Path","Minty Spire (QoL Compilation)","Quick Restart"],"gold_per_floor":[117,128,139,149,149,149,183,195,232,244,236,282,294,337,349,435,447,475,487,424,44,44,77,77,111,111,128,158,158,65,82,82,157,157,176,189,204,0,16,16,42,42,42,42,67,95,95,114,114,114],"floor_reached":51,"playtime":3395,"items_purged":[],"score":1377,"play_id":"5fa62f85-c850-43b0-84f3-c5fb58dd1f99","local_time":"20201230195840","is_ascension_mode":true,"campfire_choices":[{"data":"Genetic Algorithm","floor":6,"key":"SMITH"},{"floor":13,"key":"REST"},{"data":"Darkness","floor":15,"key":"SMITH"},{"floor":24,"key":"REST"},{"floor":29,"key":"REST"},{"data":"Panacea","floor":32,"key":"SMITH"},{"floor":40,"key":"REST"},{"floor":42,"key":"REST"},{"data":"Fission","floor":44,"key":"SMITH"},{"floor":47,"key":"REST"},{"floor":49,"key":"REST"}],"circlet_count":0,"master_deck":["AscendersBane","Strike_B","Strike_B","Defend_B","Defend_B","Zap","Dualcast","Cold Snap","Cold Snap","Chill","Genetic Algorithm+1","Doom and Gloom","Cold Snap","Darkness+1","Biased Cognition","Glacier","Multi-Cast","Core Surge+1","Reinforced Body+1","Panacea+1","Blizzard+1","Fission+1","Lockon+1","Loop","Double Energy+1","Redo+1","Core Surge+1","Biased Cognition"],"relics":["Cracked Core","MawBank","PreservedInsect","Smiling Mask","Bottled Lightning","White Beast Statue","SlaversCollar","Runic Capacitor","Matryoshka","Strawberry","Art of War","Vajra","Letter Opener","Molten Egg 2","Nunchaku","Runic Dome","Red Mask","Girya","Ancient Tea Set","Mummified Hand","Prayer Wheel","Bag of Preparation"],"acts_visited":["Exordium","TheCity","TheBeyond"],"potions_floor_usage":[7,12,23,35,50,50,50,50],"damage_taken":[{"damage":3,"enemies":"2 Louse","floor":1,"turns":2},{"damage":0,"enemies":"Cultist","floor":2,"turns":3},{"damage":0,"enemies":"Small Slimes","floor":3,"turns":3},{"damage":4,"enemies":"Exordium Thugs","floor":4,"turns":6},{"damage":15,"enemies":"3 Sentries","floor":7,"turns":10},{"damage":2,"enemies":"Gremlin Nob","floor":12,"turns":4},{"damage":5,"enemies":"3 Sentries","floor":14,"turns":5},{"damage":50,"enemies":"Hexaghost","floor":16,"turns":12},{"damage":4,"enemies":"3 Byrds","floor":18,"turns":6},{"damage":27,"enemies":"Slavers","floor":23,"turns":7},{"damage":15,"enemies":"Book of Stabbing","floor":25,"turns":5},{"damage":0,"enemies":"Chosen","floor":27,"turns":6},{"damage":23,"enemies":"Slavers","floor":28,"turns":5},{"damage":1,"enemies":"Sentry and Sphere","floor":31,"turns":6},{"damage":0,"enemies":"Champ","floor":33,"turns":12},{"damage":7,"enemies":"Orb Walker","floor":35,"turns":4},{"damage":7,"enemies":"3 Shapes","floor":36,"turns":6},{"damage":13,"enemies":"Jaw Worm Horde","floor":37,"turns":5},{"damage":28,"enemies":"Transient","floor":39,"turns":5},{"damage":37,"enemies":"Reptomancer","floor":41,"turns":6},{"damage":3,"enemies":"Mind Bloom Boss Battle","floor":45,"turns":5},{"damage":0,"enemies":"Nemesis","floor":46,"turns":5},{"damage":10,"enemies":"Sphere and 2 Shapes","floor":48,"turns":4},{"damage":49,"enemies":"Time Eater","floor":50,"turns":6}],"seed_played":"1160760095461597174","potions_obtained":[{"floor":3,"key":"DistilledChaos"},{"floor":7,"key":"Strength Potion"},{"floor":11,"key":"Ancient Potion"},{"floor":14,"key":"PowerPotion"},{"floor":23,"key":"PotionOfCapacity"},{"floor":35,"key":"Energy Potion"},{"floor":37,"key":"Ancient Potion"},{"floor":46,"key":"EntropicBrew"}],"is_trial":false,"path_per_floor":["M","M","M","M","?","R","E","$","T","?","?","E","R","E","R","B",null,"M","?","?","$","?","E","R","E","T","M","E","R","$","M","R","B",null,"M","M","M","?","M","R","E","R","T","R","?","E","R","M","R","B",null],"character_chosen":"DEFECT","items_purchased":["Runic Capacitor","Matryoshka","Panacea"],"campfire_rested":7,"item_purchase_floors":[21,21,30],"current_hp_per_floor":[61,61,61,57,57,57,42,42,42,35,35,33,59,54,54,4,68,64,64,64,64,71,44,72,57,57,57,34,62,62,61,61,61,87,80,73,60,60,32,60,23,51,51,51,48,48,76,66,94,45],"gold":114,"neow_bonus":"TWENTY_PERCENT_HP_BONUS","is_daily":false,"chose_seed":false,"campfire_upgraded":4,"win_rate":0.0,"timestamp":1609354720,"path_taken":["M","M","M","M","?","R","E","?","T","?","?","E","R","E","R","BOSS","M","?","?","$","?","E","R","E","T","M","E","R","?","M","R","BOSS","M","M","M","?","M","R","E","R","T","R","?","E","R","M","R","BOSS"],"items_purchased_type":["Relic","Relic","Card"],"build_version":"2020-12-22","purchased_purges":0,"victory":true,"max_hp_per_floor":[89,89,89,89,89,89,89,89,89,89,89,89,89,89,89,89,89,89,89,89,89,96,96,96,96,96,96,96,96,96,96,96,96,96,96,96,96,96,96,96,96,96,96,96,96,96,96,96,96,96],"card_choices":[{"not_picked":["Beam Cell","Gash"],"picked":"Cold Snap","floor":1},{"not_picked":["FTL","Rebound"],"picked":"Cold Snap","floor":2},{"not_picked":["Consume","Leap"],"picked":"Chill","floor":3},{"not_picked":["Stack","Steam Power"],"picked":"Genetic Algorithm","floor":4},{"not_picked":["Sweeping Beam","Conserve Battery"],"picked":"Doom and Gloom","floor":7},{"not_picked":["Leap","Reboot"],"picked":"Cold Snap","floor":12},{"not_picked":["Reinforced Body","Turbo"],"picked":"Darkness","floor":14},{"not_picked":["Machine Learning","All For One"],"picked":"Biased Cognition","floor":16},{"not_picked":["Gash","Go for the Eyes","Beam Cell"],"picked":"SKIP","floor":18},{"not_picked":["Sunder","Sweeping Beam","Leap"],"picked":"SKIP","floor":23},{"not_picked":["Steam","Chaos","Stack"],"picked":"SKIP","floor":25},{"not_picked":["Streamline+1","Aggregate"],"picked":"Core Surge+1","floor":27},{"not_picked":["Beam Cell+1","Steam Power+1"],"picked":"Reinforced Body+1","floor":28},{"not_picked":["Glacier","Storm"],"picked":"Blizzard+1","floor":31},{"not_picked":["Seek","Amplify"],"picked":"Fission","floor":33},{"not_picked":["Sweeping Beam+1","Compile Driver+1"],"picked":"Lockon+1","floor":35},{"not_picked":["Hologram+1","Aggregate+1","BootSequence"],"picked":"SKIP","floor":36},{"not_picked":["Conserve Battery","Rebound+1"],"picked":"Loop","floor":37},{"not_picked":["Rebound+1","Sweeping Beam+1"],"picked":"Double Energy+1","floor":39},{"not_picked":["Tempest","Steam","Streamline+1"],"picked":"SKIP","floor":41},{"not_picked":["Cold Snap+1","Gash+1"],"picked":"Redo+1","floor":45},{"not_picked":["Scrape+1","Ball Lightning+1"],"picked":"Core Surge+1","floor":46},{"not_picked":["Hologram","Beam Cell+1"],"picked":"Biased Cognition","floor":48},{"not_picked":["Leap","Storm","Streamline+1"],"picked":"SKIP","floor":48}],"player_experience":2093719,"relics_obtained":[{"floor":7,"key":"MawBank"},{"floor":9,"key":"PreservedInsect"},{"floor":12,"key":"Bottled Lightning"},{"floor":14,"key":"White Beast Statue"},{"floor":23,"key":"Art of War"},{"floor":25,"key":"Vajra"},{"floor":26,"key":"Letter Opener"},{"floor":26,"key":"Molten Egg 2"},{"floor":28,"key":"Nunchaku"},{"floor":41,"key":"Girya"},{"floor":43,"key":"Ancient Tea Set"},{"floor":43,"key":"Mummified Hand"},{"floor":45,"key":"Prayer Wheel"},{"floor":46,"key":"Bag of Preparation"}],"event_choices":[{"cards_removed":["Strike_B"],"damage_healed":0,"gold_gain":0,"player_choice":"Purged","damage_taken":0,"max_hp_gain":0,"max_hp_loss":0,"event_name":"Purifier","floor":5,"gold_loss":0},{"damage_healed":0,"gold_gain":0,"player_choice":"Success","damage_taken":7,"relics_obtained":["Smiling Mask"],"max_hp_gain":0,"max_hp_loss":0,"event_name":"Scrap Ooze","floor":10,"gold_loss":0},{"damage_healed":0,"gold_gain":0,"player_choice":"Bought 1 Potion","damage_taken":0,"max_hp_gain":0,"max_hp_loss":0,"event_name":"The Woman in Blue","floor":11,"gold_loss":0},{"damage_healed":0,"gold_gain":0,"cards_transformed":["Defend_B","Defend_B"],"player_choice":"Became Test Subject","damage_taken":0,"max_hp_gain":0,"max_hp_loss":0,"event_name":"Drug Dealer","floor":19,"gold_loss":0,"cards_obtained":["Glacier","Multi-Cast"]},{"cards_removed":["Strike_B"],"damage_healed":0,"gold_gain":0,"player_choice":"Gave Gold","damage_taken":0,"max_hp_gain":0,"max_hp_loss":0,"event_name":"Beggar","floor":20,"gold_loss":75},{"damage_healed":0,"gold_gain":0,"player_choice":"Opened","damage_taken":0,"relics_obtained":["Strawberry"],"max_hp_gain":0,"max_hp_loss":0,"event_name":"The Mausoleum","floor":22,"gold_loss":0},{"damage_healed":0,"gold_gain":0,"player_choice":"Paid","damage_taken":0,"relics_obtained":["Red Mask"],"max_hp_gain":0,"max_hp_loss":0,"event_name":"Tomb of Lord Red Mask","floor":38,"gold_loss":204},{"damage_healed":0,"gold_gain":0,"player_choice":"Fight","damage_taken":0,"max_hp_gain":0,"max_hp_loss":0,"event_name":"MindBloom","floor":45,"gold_loss":0}],"is_beta":false,"boss_relics":[{"not_picked":["Ectoplasm","Snecko Eye"],"picked":"SlaversCollar"},{"not_picked":["Cursed Key","Coffee Dripper"],"picked":"Runic Dome"}],"items_purged_floors":[],"is_endless":false,"potions_floor_spawned":[3,7,14,16,18,23,25,27,28,31,33,35,36,37,39,41,45,46,48],"ascension_level":13}}