{"host":"fiyp7st036s1x8z1","time":1609315725,"event":{"mods":["BaseMod","Colored Map","Colored Powertips","Minty Spire (QoL Compilation)","Rare Cards Sparkle","Relic Stats","StSLib","[IsaacMod]ÒÔÈö¼âËþ"],"gold_per_floor":[109,126,140,173,98,113,113],"floor_reached":6,"playtime":225,"items_purged":[],"score":76,"play_id":"098f99a5-c4d0-46a5-b29d-512b3d87a479","local_time":"20201230160845","is_ascension_mode":true,"campfire_choices":[],"circlet_count":0,"master_deck":["AscendersBane","Strike_B","Strike_B","Strike_B","Strike_B","Defend_B","Defend_B","Defend_B","Zap","Dualcast","BettingIsNotGood","Self Repair","Skim"],"relics":["HushsDoor","DeathBook","Black Star"],"acts_visited":["Exordium"],"potions_floor_usage":[6],"damage_taken":[{"damage":10.0,"enemies":"Cultist","floor":1.0,"turns":4.0},{"damage":4.0,"enemies":"Jaw Worm","floor":2.0,"turns":4.0},{"damage":0.0,"enemies":"2 Louse","floor":3.0,"turns":1.0},{"damage":4.0,"enemies":"Large Slime","floor":4.0,"turns":6.0},{"damage":8,"enemies":"Gremlin Nob","floor":6,"turns":3}],"seed_played":"-4477348344704480266","potions_obtained":[{"floor":4.0,"key":"Strength Potion"}],"is_trial":false,"path_per_floor":["M","M","M","M","?","E"],"character_chosen":"DEFECT","items_purchased":[],"campfire_rested":0,"item_purchase_floors":[],"current_hp_per_floor":[54,50,50,53,53,45,45],"gold":113,"neow_bonus":"BOSS_RELIC","is_daily":false,"chose_seed":false,"campfire_upgraded":0,"win_rate":0.0,"timestamp":1609315725,"path_taken":["M","?","M","M","?","E"],"items_purchased_type":[],"build_version":"2020-12-22","purchased_purges":0,"victory":false,"max_hp_per_floor":[71,71,71,71,71,71,71],"relic_stats":{"counters":[5,18],"Black Star":0,"obtain_stats":[{"KeepersGift":0,"DeathBook":0,"Black Star":0,"Cracked Core":0,"HushsDoor":0},{"KeepersGift":0,"DeathBook":0,"Black Star":0,"Cracked Core":0,"HushsDoor":0},{"KeepersGift":0,"DeathBook":0,"Black Star":0,"Cracked Core":0,"HushsDoor":0}]},"card_choices":[{"not_picked":[],"picked":"BettingIsNotGood","floor":0.0},{"not_picked":["Gash","Stack","Beam Cell"],"picked":"SKIP","floor":1.0},{"not_picked":["Sweeping Beam","Static Discharge"],"picked":"Self Repair","floor":2.0},{"not_picked":["Capacitor","Tempest"],"picked":"Skim","floor":3.0},{"not_picked":["Skim","Auto Shields","Redo"],"picked":"SKIP","floor":4.0}],"player_experience":922372,"relics_obtained":[],"event_choices":[{"cards_removed":["Defend_B"],"damage_healed":0.0,"max_hp_gain":0.0,"max_hp_loss":0.0,"gold_gain":0.0,"event_name":"The Cleric","player_choice":"Card Removal","floor":5.0,"gold_loss":75.0,"damage_taken":0.0}],"is_beta":false,"boss_relics":[],"items_purged_floors":[],"is_endless":false,"potions_floor_spawned":[4],"killed_by":"Gremlin Nob","ascension_level":20}}