{"host":"3l94tha3a4jgu0q4","time":1609370168,"event":{"mods":["2.2 Compatiblity","AchievementEnabler","BaseMod","Colored Map","Colored Powertips","Highlight Path","Minty Spire (QoL Compilation)","Permanent Neow","StSLib","SuperFastMode"],"gold_per_floor":[168,181,181,131,56,56,87,8,8,20,38,38,58,86,86,86,86],"floor_reached":16,"playtime":334,"items_purged":["Defend_P"],"score":171,"play_id":"2b67c9fc-caee-46bc-8100-c6d9673ae0df","local_time":"20201230151608","is_ascension_mode":true,"campfire_choices":[{"data":"Eruption","floor":6,"key":"SMITH"},{"floor":15,"key":"REST"}],"circlet_count":0,"master_deck":["AscendersBane","Strike_P","Strike_P","Defend_P","Defend_P+1","Defend_P","Eruption+1","Vigilance+1","Adaptation","Prostrate+1","EmptyFist","Judgement","FearNoEvil","FearNoEvil","Halt","JustLucky","FollowUp","LikeWater+1"],"relics":["Tiny House","Regal Pillow","Frozen Egg 2","Akabeko"],"acts_visited":["Exordium"],"potions_floor_usage":[14,16],"damage_taken":[{"damage":0,"enemies":"Small Slimes","floor":1,"turns":3},{"damage":2,"enemies":"Jaw Worm","floor":2,"turns":5},{"damage":24,"enemies":"Gremlin Nob","floor":7,"turns":4},{"damage":0,"enemies":"2 Louse","floor":10,"turns":3},{"damage":10,"enemies":"Lots of Slimes","floor":11,"turns":4},{"damage":1,"enemies":"2 Fungi Beasts","floor":13,"turns":3},{"damage":12,"enemies":"3 Sentries","floor":14,"turns":8},{"damage":44,"enemies":"Hexaghost","floor":16,"turns":10}],"seed_played":"3672479977267462683","potions_obtained":[{"floor":0,"key":"SpeedPotion"},{"floor":7,"key":"ColorlessPotion"},{"floor":14,"key":"Block Potion"}],"is_trial":false,"path_per_floor":["M","M","?","?","$","R","E","$","T","M","M","?","M","E","R","B"],"character_chosen":"WATCHER","items_purchased":["FearNoEvil"],"campfire_rested":1,"item_purchase_floors":[8],"current_hp_per_floor":[70,68,53,53,53,53,29,29,29,29,19,19,18,6,44,0,0],"gold":86,"neow_bonus":"BOSS_RELIC","is_daily":false,"chose_seed":false,"campfire_upgraded":1,"win_rate":0.0,"timestamp":1609370168,"path_taken":["M","M","?","?","$","R","E","$","T","M","M","?","?","E","R","BOSS"],"items_purchased_type":["Card"],"build_version":"2020-12-22","purchased_purges":1,"victory":false,"max_hp_per_floor":[77,77,77,77,77,77,77,77,77,77,77,77,77,77,77,77,77],"card_choices":[{"not_picked":["PathToVictory","JustLucky"],"picked":"Adaptation","floor":0},{"not_picked":["DeceiveReality","PathToVictory"],"picked":"Prostrate","floor":1},{"not_picked":["JustLucky","Swivel"],"picked":"EmptyFist","floor":2},{"not_picked":["ThirdEye","Protect"],"picked":"Judgement","floor":7},{"not_picked":["FlyingSleeves","WaveOfTheHand"],"picked":"FearNoEvil","floor":10},{"not_picked":["FlyingSleeves","Nirvana+1"],"picked":"Halt","floor":11},{"not_picked":["BattleHymn+1","FlyingSleeves"],"picked":"FollowUp","floor":13},{"not_picked":["BattleHymn+1","Fasting2+1"],"picked":"LikeWater+1","floor":14}],"player_experience":1869160,"relics_obtained":[{"floor":7,"key":"Regal Pillow"},{"floor":9,"key":"Frozen Egg 2"},{"floor":14,"key":"Akabeko"}],"event_choices":[{"damage_healed":0,"gold_gain":0,"player_choice":"Entered Light","damage_taken":15,"max_hp_gain":0,"max_hp_loss":0,"event_name":"Shining Light","floor":3,"gold_loss":0,"cards_upgraded":["Prostrate","Defend_P"]},{"cards_removed":["Strike_P"],"damage_healed":0,"gold_gain":0,"player_choice":"Card Removal","damage_taken":0,"max_hp_gain":0,"max_hp_loss":0,"event_name":"The Cleric","floor":4,"gold_loss":50},{"damage_healed":0,"gold_gain":0,"cards_transformed":["Strike_P"],"player_choice":"Transformed","damage_taken":0,"max_hp_gain":0,"max_hp_loss":0,"event_name":"Transmorgrifier","floor":12,"gold_loss":0,"cards_obtained":["JustLucky"]}],"is_beta":false,"boss_relics":[],"items_purged_floors":[5],"is_endless":false,"potions_floor_spawned":[7,10,14],"killed_by":"Hexaghost","ascension_level":11}}