{"host":"qxeepl7ydvsgmfdb","time":1609305128,"event":{"mods":["AchievementEnabler","BaseMod","Colored Powertips","Minty Spire (QoL Compilation)","Quick Restart","slay the spire mod where everything is the same but ironclad has a cowboy hat"],"gold_per_floor":[119,294,304,304,254,254,287,146,146,73,73,92,111,128,128,229,229,247,247,247,259,312,312,329,356,427,438,278,278,278,288,288,388,388,404,404,422,422,433,40,40,58,58,72,72,72,89,122,122,122,122],"floor_reached":50,"playtime":1891,"items_purged":["Strike_B","Writhe"],"score":517,"play_id":"da99d585-dc4b-464b-983d-b9a69c4c4580","local_time":"20201230001208","is_ascension_mode":false,"campfire_choices":[{"data":"Chaos","floor":6.0,"key":"SMITH"},{"data":"Electrodynamics","floor":15.0,"key":"SMITH"},{"data":"Sweeping Beam","floor":23.0,"key":"SMITH"},{"floor":30.0,"key":"REST"},{"floor":32.0,"key":"REST"},{"data":"Redo","floor":46.0,"key":"SMITH"},{"floor":49.0,"key":"REST"}],"circlet_count":0,"master_deck":["Strike_B","Strike_B","Defend_B","Defend_B","Defend_B","Zap+1","Dualcast","Chaos+1","Electrodynamics+1","Self Repair","BootSequence","Conserve Battery","Sweeping Beam+1","CurseOfTheBell","Coolheaded","Leap","White Noise+1","Sweeping Beam+1","Redo+1","Dramatic Entrance+1","Sunder","Defragment+1","Darkness+1","Good Instincts"],"relics":["Cracked Core","Ancient Tea Set","Juzu Bracelet","Tiny Chest","Calling Bell","Strawberry","InkBottle","Torii","Orichalcum","Mummified Hand","Singing Bowl","Nuclear Battery","Runic Capacitor","HornCleat","Calipers","Nunchaku"],"acts_visited":["Exordium","TheCity","TheBeyond"],"potions_floor_usage":[50,50],"damage_taken":[{"damage":6.0,"enemies":"Jaw Worm","floor":1.0,"turns":3.0},{"damage":8.0,"enemies":"Small Slimes","floor":3.0,"turns":3.0},{"damage":29.0,"enemies":"Lagavulin","floor":7.0,"turns":6.0},{"damage":0.0,"enemies":"2 Louse","floor":12.0,"turns":3.0},{"damage":2.0,"enemies":"Blue Slaver","floor":13.0,"turns":3.0},{"damage":4.0,"enemies":"Exordium Thugs","floor":14.0,"turns":4.0},{"damage":29.0,"enemies":"Slime Boss","floor":16.0,"turns":8.0},{"damage":0.0,"enemies":"Chosen","floor":18.0,"turns":4.0},{"damage":0.0,"enemies":"3 Byrds","floor":21.0,"turns":3.0},{"damage":24.0,"enemies":"Cultist and Chosen","floor":24.0,"turns":6.0},{"damage":27.0,"enemies":"Slavers","floor":25.0,"turns":4.0},{"damage":8.0,"enemies":"Snecko","floor":27.0,"turns":6.0},{"damage":9.0,"enemies":"Snake Plant","floor":31.0,"turns":3.0},{"damage":71.0,"enemies":"Collector","floor":33.0,"turns":13.0},{"damage":4.0,"enemies":"3 Shapes","floor":35.0,"turns":2.0},{"damage":10.0,"enemies":"Orb Walker","floor":37.0,"turns":4.0},{"damage":25.0,"enemies":"Jaw Worm Horde","floor":39.0,"turns":4.0},{"damage":8.0,"enemies":"Sphere and 2 Shapes","floor":42.0,"turns":5.0},{"damage":0.0,"enemies":"Writhing Mass","floor":44.0,"turns":5.0},{"damage":6.0,"enemies":"3 Darklings","floor":47.0,"turns":4.0},{"damage":47.0,"enemies":"Nemesis","floor":48.0,"turns":7.0},{"damage":74,"enemies":"Time Eater","floor":50,"turns":7}],"seed_played":"-6590589825802215423","potions_obtained":[{"floor":3.0,"key":"BlessingOfTheForge"},{"floor":7.0,"key":"GamblersBrew"},{"floor":14.0,"key":"DuplicationPotion"},{"floor":18.0,"key":"Energy Potion"},{"floor":31.0,"key":"Regen Potion"},{"floor":33.0,"key":"FocusPotion"},{"floor":39.0,"key":"DistilledChaos"},{"floor":48.0,"key":"Energy Potion"}],"is_trial":false,"path_per_floor":["M","?","M","?","?","R","E","$","T","$","?","M","M","M","R","B",null,"M","?","?","M","T","R","M","E","T","M","$","?","R","M","R","B",null,"M","?","M","?","M","$","T","M","T","M","?","R","M","E","R","B"],"character_chosen":"DEFECT","items_purchased":["Electrodynamics","Self Repair","Dramatic Entrance","Runic Capacitor","Block Potion","Good Instincts"],"campfire_rested":3,"item_purchase_floors":[8,10,28,40,40,40],"current_hp_per_floor":[69,69,61,61,61,61,32,32,32,32,32,39,44,47,47,25,82,82,82,82,82,82,82,65,45,45,44,44,44,68,68,84,15,86,88,88,85,88,74,74,74,68,68,77,79,79,82,44,73,0,0],"gold":122,"neow_bonus":"RANDOM_COMMON_RELIC","is_daily":false,"chose_seed":false,"campfire_upgraded":4,"win_rate":0.0,"timestamp":1609305128,"path_taken":["M","?","M","?","?","R","E","?","T","$","?","M","M","M","R","BOSS","M","?","?","M","?","R","M","E","T","M","$","?","R","M","R","BOSS","M","?","M","?","M","$","?","M","T","M","?","R","M","E","R","BOSS"],"items_purchased_type":["Card","Card","Card","Relic","Potion","Card"],"build_version":"2020-12-22","purchased_purges":2,"victory":false,"max_hp_per_floor":[75,75,75,75,75,75,75,75,75,75,75,75,75,75,75,75,82,82,82,82,82,82,82,82,82,82,82,82,82,82,84,84,86,86,88,88,88,88,88,88,88,90,90,92,94,94,96,98,98,98,98],"card_choices":[{"not_picked":["Steam","Blizzard","Compile Driver"],"picked":"SKIP","floor":1.0},{"not_picked":["Darkness","Blizzard"],"picked":"Chaos","floor":3.0},{"not_picked":["Hologram","Barrage","Gash"],"picked":"SKIP","floor":7.0},{"not_picked":["Stack","Leap"],"picked":"BootSequence","floor":12.0},{"not_picked":["Turbo","Coolheaded"],"picked":"Conserve Battery","floor":13.0},{"not_picked":["Multi-Cast","Steam"],"picked":"Sweeping Beam","floor":14.0},{"not_picked":["Stack+1","Core Surge","Scrape"],"picked":"SKIP","floor":18.0},{"not_picked":["Loop","Barrage"],"picked":"Leap","floor":21.0},{"not_picked":["Storm+1","Steam"],"picked":"White Noise+1","floor":24.0},{"not_picked":["Scrape","Beam Cell"],"picked":"Sweeping Beam+1","floor":25.0},{"not_picked":["Chill","Consume+1"],"picked":"Redo","floor":27.0},{"not_picked":["Fission","Sunder+1","Streamline"],"picked":"Singing Bowl","floor":31.0},{"not_picked":["Echo Form","All For One","Creative AI"],"picked":"Singing Bowl","floor":33.0},{"not_picked":["Go for the Eyes","Ball Lightning","Streamline"],"picked":"Singing Bowl","floor":35.0},{"not_picked":["Redo+1","Cold Snap"],"picked":"Defragment+1","floor":37.0},{"not_picked":["Ball Lightning+1","Coolheaded+1"],"picked":"Darkness+1","floor":39.0},{"not_picked":["Double Energy+1","Conserve Battery","Static Discharge+1"],"picked":"Singing Bowl","floor":42.0},{"not_picked":["Rebound+1","Hologram","Conserve Battery+1"],"picked":"Singing Bowl","floor":44.0},{"not_picked":["Flash of Steel","Good Instincts","Finesse"],"picked":"Singing Bowl","floor":45.0},{"not_picked":["Ball Lightning+1","Barrage","Doom and Gloom"],"picked":"Singing Bowl","floor":47.0},{"not_picked":["Hologram","Buffer","Sweeping Beam"],"picked":"Singing Bowl","floor":48.0}],"player_experience":307960,"relics_obtained":[{"floor":7.0,"key":"Juzu Bracelet"},{"floor":9.0,"key":"Tiny Chest"},{"floor":17.0,"key":"Strawberry"},{"floor":17.0,"key":"InkBottle"},{"floor":17.0,"key":"Torii"},{"floor":22.0,"key":"Orichalcum"},{"floor":25.0,"key":"Mummified Hand"},{"floor":26.0,"key":"Singing Bowl"},{"floor":41.0,"key":"HornCleat"},{"floor":43.0,"key":"Calipers"},{"floor":48.0,"key":"Nunchaku"}],"event_choices":[{"damage_healed":0.0,"max_hp_gain":0.0,"max_hp_loss":0.0,"gold_gain":175.0,"event_name":"Liars Game","player_choice":"AGREE","floor":2.0,"gold_loss":0.0,"damage_taken":0.0,"cards_obtained":["Doubt"]},{"damage_healed":0.0,"max_hp_gain":0.0,"max_hp_loss":0.0,"gold_gain":0.0,"event_name":"Living Wall","player_choice":"Grow","floor":4.0,"gold_loss":0.0,"damage_taken":0.0,"cards_upgraded":["Zap"]},{"cards_removed":["Doubt"],"damage_healed":0.0,"max_hp_gain":0.0,"max_hp_loss":0.0,"gold_gain":0.0,"event_name":"The Cleric","player_choice":"Card Removal","floor":5.0,"gold_loss":50.0,"damage_taken":0.0},{"cards_removed":["Strike_B"],"damage_healed":0.0,"max_hp_gain":0.0,"max_hp_loss":0.0,"gold_gain":0.0,"event_name":"Bonfire Elementals","player_choice":"Offered Basic","floor":11.0,"gold_loss":0.0,"damage_taken":0.0},{"damage_healed":0.0,"max_hp_gain":0.0,"max_hp_loss":0.0,"gold_gain":0.0,"event_name":"The Library","player_choice":"Read","floor":19.0,"gold_loss":0.0,"damage_taken":0.0,"cards_obtained":["Coolheaded"]},{"cards_removed":["Regret"],"damage_healed":0.0,"max_hp_gain":0.0,"max_hp_loss":0.0,"gold_gain":0.0,"event_name":"NoteForYourself","player_choice":"Took Card","floor":20.0,"gold_loss":0.0,"damage_taken":0.0,"cards_obtained":["Regret"]},{"damage_healed":0.0,"max_hp_gain":0.0,"max_hp_loss":0.0,"gold_gain":0.0,"event_name":"Accursed Blacksmith","player_choice":"Forge","floor":29.0,"gold_loss":0.0,"damage_taken":0.0,"cards_upgraded":["Dramatic Entrance"]},{"damage_healed":0.0,"max_hp_gain":0.0,"max_hp_loss":0.0,"gold_gain":0.0,"cards_transformed":["Defend_B"],"event_name":"Transmorgrifier","player_choice":"Transformed","floor":36.0,"gold_loss":0.0,"damage_taken":0.0,"cards_obtained":["Sunder"]},{"damage_healed":22.0,"max_hp_gain":0.0,"max_hp_loss":0.0,"gold_gain":0.0,"event_name":"Winding Halls","player_choice":"Writhe","floor":38.0,"gold_loss":0.0,"damage_taken":0.0,"cards_obtained":["Writhe"]},{"damage_healed":0.0,"max_hp_gain":0.0,"max_hp_loss":0.0,"gold_gain":0.0,"event_name":"SensoryStone","player_choice":"Memory 1","floor":45.0,"gold_loss":0.0,"damage_taken":0.0}],"is_beta":false,"boss_relics":[{"not_picked":["Velvet Choker","Empty Cage"],"picked":"Calling Bell"},{"not_picked":["Philosopher\u0027s Stone","Runic Pyramid"],"picked":"Nuclear Battery"}],"items_purged_floors":[28,40],"is_endless":false,"potions_floor_spawned":[3,7,14,18,27,31,33,39,42,48],"killed_by":"Time Eater","ascension_level":0}}