{"host":"f0dbpmn0khgeoqc0","time":1609364030,"event":{"mods":["2.2 Compatiblity","AchievementEnabler","Act Like it!","Ascension Unlocker","Aspiration","BaseMod","Better Altar","Better Match","Better Sensory Stone","Better Skull","Better Third Choice","BetterRewards","Block Reminder","Colored Map","Colored Powertips","Conspire","DNKmod","Disable Question Mark Monsters","Displayed Cursed Tome","Downfall","Evolution","Friendly Minions","Hermit","Highlight Path","Humility","Infinite Spire","Jorbs\u0027s Wanderer Trilogy","Koishi","Marisa????????","Minty Spire (QoL Compilation)","MostiFishMod","Permanent Neow","Random Character Button","Relic Filter","Relic Stats","Spicy Shops","StSLib","Td1madao Mod","The Gatherer","Treasure Hunter","Wandering Minibosses","??????REMEMod"],"gold_per_floor":[115,129,149,169,169,94,117,151,76,76,90,103,121,150,170,272,272,197,197,153,168,168,182,253,253,248,248,248],"floor_reached":26,"playtime":1312,"items_purged":[],"score":231,"play_id":"1ee8c89e-7339-49b9-82d4-99c76c9f0f4c","local_time":"20201230163350","is_ascension_mode":true,"campfire_choices":[{"floor":1,"key":"RECALL"},{"data":"champ:CalledShot","floor":6,"key":"SMITH"},{"data":"champ:Taunt","floor":9,"key":"SMITH"},{"data":"champ:PerfectForm","floor":18,"key":"SMITH"},{"data":"champ:EnGarde","floor":25,"key":"SMITH"}],"circlet_count":0,"master_deck":["champ:Strike","champ:Strike","champ:Strike","champ:Strike","champ:Defend","champ:Defend","champ:Defend","champ:Defend","champ:Execute","champ:Taunt+1","champ:Improvising","champ:RisingSlash","champ:BerserkersShout","champ:CalledShot+1","TH:PixieDust","TH:TreasureMap","champ:RecklessLeap","champ:BerserkersShout","champ:BringItOn","champ:CrookedStrike","TH:CopperCoins","champ:FalseCounter","champ:PerfectForm","TH:PixieDust","champ:PerfectForm+1","expansioncontent:DarkVoid","champ:EnGarde+1","champ:Encircle","REME_PuzzleBox","TH:CursedSword"],"relics":["champ:ChampionCrown","EVO:Axolotl","DaveBox","GreenFoldingFan","downfall:HeartBlessingRed","Smiling Mask","downfall:HeartBlessingBlue","Bag of Marbles","REME_LowDesire","REME_HandOfSuture","Akabeko","downfall:HeartBlessingGreen","Nloth\u0027s Gift","Sundial"],"acts_visited":["Exordium","TheCity"],"potions_floor_usage":[8,13,14,21],"damage_taken":[{"damage":18,"enemies":"Jaw Worm","floor":2,"turns":4},{"damage":12,"enemies":"2 Louse","floor":3,"turns":3},{"damage":18,"enemies":"Cultist","floor":4,"turns":2},{"damage":73,"enemies":"3 Sentries","floor":8,"turns":7},{"damage":17,"enemies":"Blue Slaver","floor":11,"turns":1},{"damage":29,"enemies":"Red Slaver","floor":12,"turns":2},{"damage":53,"enemies":"Exordium Wildlife","floor":13,"turns":4},{"damage":51,"enemies":"Lagavulin","floor":14,"turns":4},{"damage":7,"enemies":"3 Louse","floor":15,"turns":2},{"damage":100,"enemies":"downfall:Watcher","floor":16,"turns":8},{"damage":2,"enemies":"Chosen","floor":19,"turns":1},{"damage":59,"enemies":"conspire:FuzzyDice","floor":20,"turns":6},{"damage":46,"enemies":"Snake Plant","floor":21,"turns":4},{"damage":31,"enemies":"3 Cultists","floor":23,"turns":6},{"damage":72,"enemies":"REME_1_Revenger","floor":26,"turns":5}],"seed_played":"521285348304853875","potions_obtained":[{"floor":4,"key":"champ:CounterPotion"},{"floor":8,"key":"champ:CounterPotion"},{"floor":11,"key":"champ:CounterPotion"},{"floor":16,"key":"Strength Potion"},{"floor":20,"key":"Energy Potion"},{"floor":23,"key":"Explosive Potion"}],"is_trial":false,"path_per_floor":["R","M","M","M","?","R","T","E","R","?","M","M","M","E","M","B",null,"R","M","M","M","?","M","T","R","E"],"character_chosen":"THE_CHAMP","items_purchased":[],"campfire_rested":0,"item_purchase_floors":[],"current_hp_per_floor":[90,90,88,90,90,90,90,64,74,74,82,80,70,64,70,38,100,100,100,84,71,71,60,60,60,0,0,0],"gold":248,"neow_bonus":"ONE_RANDOM_RARE_CARD","is_daily":false,"chose_seed":false,"campfire_upgraded":4,"win_rate":0.0,"timestamp":1609364030,"path_taken":["R","M","M","M","?","R","T","E","R","?","M","M","?","E","M","BOSS","R","M","M","M","?","M","T","R","E"],"items_purchased_type":[],"build_version":"2020-12-22","purchased_purges":0,"victory":false,"max_hp_per_floor":[90,90,90,90,90,90,90,90,100,100,100,100,100,100,100,100,100,100,100,100,100,100,100,100,100,100,100,100],"relic_stats":{"counters":[15,58],"Sundial":[0],"Nloth\u0027s Gift":0,"Smiling Mask":0,"obtain_stats":[{"DaveBox":0,"downfall:HeartBlessingRed":6,"champ:ChampionCrown":0,"downfall:HeartBlessingGreen":18,"EVO:Axolotl":0,"Smiling Mask":8,"Akabeko":17,"GreenFoldingFan":1,"downfall:BrokenWingStatue":10,"downfall:HeartBlessingBlue":9,"Sundial":24,"REME_HandOfSuture":17,"Bag of Marbles":14,"Nloth\u0027s Gift":22,"REME_LowDesire":17,"REME_ComplimentaryCards":0},{"DaveBox":0,"downfall:HeartBlessingRed":3,"champ:ChampionCrown":0,"downfall:HeartBlessingGreen":10,"EVO:Axolotl":0,"Smiling Mask":4,"Akabeko":10,"GreenFoldingFan":0,"downfall:BrokenWingStatue":4,"downfall:HeartBlessingBlue":4,"Sundial":14,"REME_HandOfSuture":10,"Bag of Marbles":8,"Nloth\u0027s Gift":13,"REME_LowDesire":10,"REME_ComplimentaryCards":0},{"DaveBox":0,"downfall:HeartBlessingRed":9,"champ:ChampionCrown":0,"downfall:HeartBlessingGreen":37,"EVO:Axolotl":0,"Smiling Mask":16,"Akabeko":37,"GreenFoldingFan":0,"downfall:BrokenWingStatue":16,"downfall:HeartBlessingBlue":16,"Sundial":54,"REME_HandOfSuture":37,"Bag of Marbles":27,"Nloth\u0027s Gift":48,"REME_LowDesire":37,"REME_ComplimentaryCards":0}]},"card_choices":[{"not_picked":["champ:RapidStrikes","champ:Lariat"],"picked":"champ:RisingSlash","floor":2},{"not_picked":["champ:ShieldWall","champ:Haymaker"],"picked":"champ:BerserkersShout","floor":3},{"not_picked":["champ:DefensiveStyle","champ:HeartStrike"],"picked":"champ:CalledShot","floor":4},{"not_picked":["TH:Mimic"],"picked":"TH:PixieDust","floor":7},{"not_picked":["TH:Mimic"],"picked":"TH:TreasureMap","floor":8},{"not_picked":["champ:HeartStrike","champ:IronFortress"],"picked":"champ:RecklessLeap","floor":8},{"not_picked":["champ:DefensiveShout","champ:IronFortress"],"picked":"champ:BerserkersShout","floor":11},{"not_picked":["champ:AdrenalArmor","champ:DefensiveShout"],"picked":"champ:BringItOn","floor":12},{"not_picked":["champ:Haymaker","champ:DefensiveStyle"],"picked":"champ:CrookedStrike","floor":13},{"not_picked":["TH:Mimic"],"picked":"TH:CopperCoins","floor":14},{"not_picked":["champ:FocusedBerserking","champ:CrookedStrike"],"picked":"champ:FalseCounter","floor":14},{"not_picked":["champ:FlashCut","champ:PerfectedStrike"],"picked":"champ:PerfectForm","floor":15},{"not_picked":["TH:Mimic"],"picked":"TH:PixieDust","floor":16},{"not_picked":["champ:SwordThrow","champ:SteelEdge"],"picked":"champ:PerfectForm","floor":16},{"not_picked":["champ:IronFortress+1","champ:Encircle","champ:FlashCut"],"picked":"expansioncontent:DarkVoid","floor":19},{"not_picked":["champ:TornadoPunch+1","champ:Circumvent+1","REME_BattleFury"],"picked":"champ:EnGarde","floor":20},{"not_picked":["champ:GladiatorsShout","champ:DefensiveShout","expansioncontent:SuperHexaguard"],"picked":"champ:Encircle","floor":21},{"not_picked":["champ:StanceDance+1","champ:BladeFlurry","champ:FocusedDefense"],"picked":"REME_PuzzleBox","floor":23},{"not_picked":["TH:CopperCoins"],"picked":"TH:CursedSword","floor":24}],"player_experience":539686,"relics_obtained":[{"floor":8,"key":"Smiling Mask"},{"floor":14,"key":"Bag of Marbles"},{"floor":17,"key":"REME_HandOfSuture"},{"floor":17,"key":"Akabeko"},{"floor":24,"key":"Sundial"}],"event_choices":[{"damage_healed":0,"gold_gain":0,"player_choice":"Disagree","damage_taken":0,"max_hp_gain":0,"max_hp_loss":0,"event_name":"conspire:LoneGhost","floor":5,"gold_loss":0}],"is_beta":false,"boss_relics":[{"not_picked":["SynthV:MejaisSoulstealer","Velvet Choker"],"picked":"REME_LowDesire"}],"items_purged_floors":[],"is_endless":false,"potions_floor_spawned":[4,8,11,16,20,23],"killed_by":"REME_1_Revenger","ascension_level":1}}