{"host":"2461dio7vetlq1z3","time":1609358056,"event":{"mods":["2.2 Compatiblity","AchievementEnabler","Aspiration","BaseMod","Better Third Choice","Friendly Minions","Hermit","Minty Spire (QoL Compilation)","Relic Stats","Spicy Shops","StSLib","The Hierophant","Waifu the Spire"],"gold_per_floor":[111,36,55,55,55,55,97,97,151,181,231,258,258,333,333,433,433,461,461,461],"floor_reached":19,"playtime":1158,"items_purged":[],"score":396,"play_id":"793fa16b-76f1-4de7-93f1-7f63be0966fe","local_time":"20201230205416","is_ascension_mode":true,"campfire_choices":[{"data":"EmptyFist","floor":6,"key":"SMITH"},{"data":"CrushJoints","floor":8,"key":"SMITH"},{"data":"Alpha","floor":15,"key":"SMITH"}],"circlet_count":0,"master_deck":["AscendersBane","Strike_P","Strike_P","Strike_P","Defend_P","Defend_P","Defend_P","Defend_P","Eruption","Vigilance","Tantrum","EmptyFist+1","CrushJoints+1","FollowUp","Alpha+1","LessonLearned","BowlingBash"],"relics":["PureWater","aspiration:HiddenCompartment","Golden Idol","CeramicFish","Smiling Mask","PreservedInsect","Juzu Bracelet","Runic Dome"],"acts_visited":["Exordium","TheCity"],"potions_floor_usage":[7,11,16],"damage_taken":[{"damage":2,"enemies":"Jaw Worm","floor":1,"turns":5},{"damage":0,"enemies":"Small Slimes","floor":3,"turns":3},{"damage":15,"enemies":"Lagavulin","floor":7,"turns":5},{"damage":0,"enemies":"2 Louse","floor":10,"turns":2},{"damage":0,"enemies":"Gremlin Nob","floor":11,"turns":1},{"damage":37,"enemies":"The Guardian","floor":16,"turns":9},{"damage":35,"enemies":"Shell Parasite","floor":18,"turns":4},{"damage":22,"enemies":"Spheric Guardian","floor":19,"turns":2}],"seed_played":"2493251041426595028","potions_obtained":[{"floor":1,"key":"EssenceOfSteel"},{"floor":7,"key":"Strength Potion"},{"floor":10,"key":"SpeedPotion"},{"floor":18,"key":"BottledMiracle"}],"is_trial":false,"path_per_floor":["M","?","M","?","?","R","E","R","T","M","E","T","?","?","R","B",null,"M","M"],"character_chosen":"WATCHER","items_purchased":[],"campfire_rested":0,"item_purchase_floors":[],"current_hp_per_floor":[59,59,59,59,64,64,49,49,49,49,49,49,49,38,38,1,51,16,0,0],"gold":461,"neow_bonus":"RANDOM_COMMON_RELIC","is_daily":false,"chose_seed":false,"campfire_upgraded":3,"win_rate":0.0,"timestamp":1609358056,"path_taken":["M","?","M","?","?","R","E","R","T","M","E","?","?","?","R","BOSS","M","M"],"items_purchased_type":[],"build_version":"2020-12-22","purchased_purges":0,"victory":false,"max_hp_per_floor":[68,68,68,62,67,67,67,67,67,67,67,67,67,67,67,67,67,67,67,67],"relic_stats":{"counters":[8,31],"Golden Idol":41,"CeramicFish":45,"PreservedInsect":0,"Juzu Bracelet":0,"Smiling Mask":0,"obtain_stats":[{"Runic Dome":17,"Golden Idol":4,"CeramicFish":7,"PreservedInsect":11,"Juzu Bracelet":12,"PureWater":0,"aspiration:HiddenCompartment":0,"Smiling Mask":9},{"Runic Dome":6,"Golden Idol":2,"CeramicFish":3,"PreservedInsect":5,"Juzu Bracelet":5,"PureWater":0,"aspiration:HiddenCompartment":0,"Smiling Mask":3},{"Runic Dome":25,"Golden Idol":8,"CeramicFish":13,"PreservedInsect":16,"Juzu Bracelet":16,"PureWater":0,"aspiration:HiddenCompartment":0,"Smiling Mask":13}]},"card_choices":[{"not_picked":["Adaptation","Collect"],"picked":"Tantrum","floor":1},{"not_picked":["ForeignInfluence","Consecrate"],"picked":"EmptyFist","floor":3},{"not_picked":["Crescendo","Protect"],"picked":"CrushJoints","floor":7},{"not_picked":["EmptyBody","Nirvana"],"picked":"FollowUp","floor":10},{"not_picked":["Crescendo","FollowUp"],"picked":"Alpha","floor":11},{"not_picked":["Judgement","DeusExMachina"],"picked":"LessonLearned","floor":16},{"not_picked":["CrushJoints","Pray"],"picked":"BowlingBash","floor":18}],"player_experience":1021452,"relics_obtained":[{"floor":7,"key":"CeramicFish"},{"floor":9,"key":"Smiling Mask"},{"floor":11,"key":"PreservedInsect"},{"floor":12,"key":"Juzu Bracelet"}],"event_choices":[{"cards_removed":["Strike_P"],"damage_healed":0,"gold_gain":0,"player_choice":"Card Removal","damage_taken":0,"max_hp_gain":0,"max_hp_loss":0,"event_name":"The Cleric","floor":2,"gold_loss":75},{"damage_healed":0,"gold_gain":0,"player_choice":"Lose Max HP","damage_taken":0,"relics_obtained":["Golden Idol"],"max_hp_gain":0,"max_hp_loss":6,"event_name":"Golden Idol","floor":4,"gold_loss":0},{"damage_healed":0,"gold_gain":0,"player_choice":"Donut","damage_taken":0,"max_hp_gain":5,"max_hp_loss":0,"event_name":"Big Fish","floor":5,"gold_loss":0},{"damage_healed":0,"gold_gain":0,"player_choice":"Ignored","damage_taken":258,"max_hp_gain":0,"max_hp_loss":0,"event_name":"betterThird:BetterSerpent","floor":13,"gold_loss":0},{"damage_healed":0,"gold_gain":75,"player_choice":"Gold","damage_taken":11,"max_hp_gain":0,"max_hp_loss":0,"event_name":"betterThird:BetterGoop","floor":14,"gold_loss":0}],"is_beta":false,"boss_relics":[{"not_picked":["aspiration:RunicSpoon","aspiration:PoetsPen_weak"],"picked":"Runic Dome"}],"items_purged_floors":[],"is_endless":false,"potions_floor_spawned":[1,7,10,18],"killed_by":"Spheric Guardian","ascension_level":20}}