{"host":"jyuuog6ydc2s7nd8","time":1609302751,"event":{"mods":["BaseMod","Better Vampires","Minty Spire (QoL Compilation)","Shop Mod","StSLib","The Hierophant","The Servant 0.9.4","TheBandit","[IsaacMod]ÒÔÈö¼âËþ"],"gold_per_floor":[116,116,41,58,58,58,77,177,255,255,255],"floor_reached":10,"playtime":190,"items_purged":["Strike_R"],"score":112,"play_id":"6676a1a2-5331-41ec-8bc7-31ac9d6d673d","local_time":"20201230123231","is_ascension_mode":true,"campfire_choices":[{"data":"DoctorFetus","floor":6,"key":"SMITH"}],"circlet_count":0,"master_deck":["AscendersBane","Strike_R","Strike_R","Strike_R","Defend_R","Defend_R","Defend_R","Defend_R","Bash","DoctorFetus+1","Pommel Strike"],"relics":["HushsDoor","Black Star","Chaos","ClockworkSouvenir"],"acts_visited":["Exordium"],"potions_floor_usage":[],"damage_taken":[{"damage":4,"enemies":"2 Louse","floor":1,"turns":4},{"damage":18,"enemies":"Cultist","floor":4,"turns":5},{"damage":15,"enemies":"Small Slimes","floor":7,"turns":4},{"damage":27,"enemies":"Gremlin Nob","floor":10,"turns":4}],"seed_played":"8397513160759890444","potions_obtained":[],"is_trial":false,"path_per_floor":["M","?","$","M","?","R","M","?","T","E"],"character_chosen":"IRONCLAD","items_purchased":[],"campfire_rested":0,"item_purchase_floors":[],"current_hp_per_floor":[64,69,69,51,44,44,29,29,29,2,2],"gold":255,"neow_bonus":"BOSS_RELIC","is_daily":false,"chose_seed":false,"campfire_upgraded":1,"win_rate":0.0,"timestamp":1609302751,"path_taken":["M","?","$","?","?","R","M","?","T","E"],"items_purchased_type":[],"build_version":"2020-12-22","purchased_purges":1,"victory":false,"max_hp_per_floor":[75,80,80,80,80,80,80,80,80,80,80],"card_choices":[{"not_picked":[],"picked":"DoctorFetus","floor":0},{"not_picked":["Heavy Blade","Headbutt","Cleave"],"picked":"SKIP","floor":1},{"not_picked":["True Grit","Metallicize"],"picked":"Pommel Strike","floor":4},{"not_picked":["Havoc","Exhume","Pommel Strike"],"picked":"SKIP","floor":7}],"player_experience":1786760,"relics_obtained":[{"floor":9,"key":"ClockworkSouvenir"}],"event_choices":[{"damage_healed":0,"gold_gain":0,"player_choice":"Donut","damage_taken":0,"max_hp_gain":5,"max_hp_loss":0,"event_name":"Big Fish","floor":2,"gold_loss":0},{"cards_removed":["Strike_R"],"damage_healed":0,"gold_gain":0,"player_choice":"Card Removal","damage_taken":7,"max_hp_gain":0,"max_hp_loss":0,"event_name":"Golden Wing","floor":5,"gold_loss":0}],"is_beta":false,"boss_relics":[],"items_purged_floors":[3],"is_endless":false,"potions_floor_spawned":[],"killed_by":"Gremlin Nob","ascension_level":20}}