{"host":"45yz5qp3g5urlpd5","time":1609372151,"event":{"mods":["Act Like it!","BaseMod","Colored Powertips","Gensokyo","Minty Spire (QoL Compilation)","Relic Stats","StSLib"],"gold_per_floor":[117,117,117,136,36,63,63,80,128,128,155,155,155,171,171,269,269,279,23,0,20,34,75,75,85,85,114,114,84,96,119,119,227,227,247,257,266,266,9,9,52,52,52,68,100,100,100,112,112,112,112,112,46,84,84,84],"floor_reached":55,"playtime":2402,"items_purged":["Strike_B"],"score":1122,"play_id":"d8451a56-5938-4fe2-93dd-84027b3e8b06","local_time":"20201230184911","is_ascension_mode":true,"campfire_choices":[{"data":"Gensokyo:CrescentMoonSlash","floor":7,"key":"SMITH"},{"floor":10,"key":"REST"},{"data":"Coolheaded","floor":12,"key":"SMITH"},{"floor":15,"key":"REST"},{"floor":24,"key":"REST"},{"floor":32,"key":"REST"},{"floor":40,"key":"REST"},{"floor":42,"key":"REST"},{"floor":47,"key":"REST"},{"floor":49,"key":"RECALL"},{"floor":52,"key":"REST"}],"circlet_count":0,"master_deck":["Strike_B","Strike_B","Strike_B","Defend_B","Defend_B","Defend_B","Defend_B","Zap+1","Dualcast","Gensokyo:CrescentMoonSlash+1","Doom and Gloom","Capacitor+1","Coolheaded+1","Ball Lightning+1","Core Surge+1","Defragment+1","Defragment+1","Conserve Battery+1","Heatsinks","Capacitor","Glacier","Buffer","Gensokyo:EverlastingLife","Gensokyo:TurboGranny","Glacier+1","Defragment","Buffer"],"relics":["FrozenCore","NeowsBlessing","Gensokyo:OccultBall","Mummified Hand","Toy Ornithopter","Omamori","Anchor","Mango","Fusion Hammer","CeramicFish","InkBottle","Symbiotic Virus","Nunchaku","Toxic Egg 2","Letter Opener","Turnip","Happy Flower"],"acts_visited":["Gensokyo:Gensokyo","Gensokyo:Gensokyoer","Gensokyo:Gensokyoest","TheEnding"],"potions_floor_usage":[30,33,33,50],"damage_taken":[{"damage":0,"enemies":"Gensokyo:2_Kodama","floor":1,"turns":1},{"damage":0,"enemies":"Gensokyo:Python","floor":4,"turns":1},{"damage":0,"enemies":"Gensokyo:Cirno","floor":6,"turns":2},{"damage":9,"enemies":"Gensokyo:Gryphon","floor":8,"turns":3},{"damage":9,"enemies":"Gensokyo:Mamizou","floor":11,"turns":8},{"damage":0,"enemies":"Gensokyo:LivingMonolith","floor":14,"turns":3},{"damage":38,"enemies":"Gensokyo:Reimu","floor":16,"turns":12},{"damage":0,"enemies":"Gensokyo:2_Gloops","floor":18,"turns":3},{"damage":0,"enemies":"Gensokyo:Chomper","floor":21,"turns":3},{"damage":21,"enemies":"Gensokyo:Wraith","floor":22,"turns":5},{"damage":4,"enemies":"Gensokyo:Reisen","floor":23,"turns":5},{"damage":7,"enemies":"Gensokyo:Slime_Group","floor":25,"turns":3},{"damage":6,"enemies":"Gensokyo:Monolith_and_Dog","floor":27,"turns":4},{"damage":38,"enemies":"Gensokyo:3_Gloops","floor":30,"turns":5},{"damage":31,"enemies":"Gensokyo:Wraith","floor":31,"turns":5},{"damage":15,"enemies":"Gensokyo:Kaguya","floor":33,"turns":8},{"damage":14,"enemies":"Gensokyo:3_Boulders","floor":35,"turns":4},{"damage":0,"enemies":"Gensokyo:3_Bats","floor":36,"turns":3},{"damage":20,"enemies":"Gensokyo:Kasen","floor":41,"turns":10},{"damage":0,"enemies":"Gensokyo:Sharpion","floor":44,"turns":7},{"damage":0,"enemies":"Gensokyo:Marisa","floor":45,"turns":9},{"damage":0,"enemies":"Gensokyo:AtlasGolem","floor":48,"turns":5},{"damage":0,"enemies":"Gensokyo:Yuyuko","floor":50,"turns":12},{"damage":37,"enemies":"Shield and Spear","floor":54,"turns":14},{"damage":59,"enemies":"The Heart","floor":55,"turns":11}],"seed_played":"-799410819534919739","potions_obtained":[{"floor":1,"key":"PotionOfCapacity"},{"floor":11,"key":"ColorlessPotion"},{"floor":14,"key":"Weak Potion"},{"floor":16,"key":"FocusPotion"},{"floor":41,"key":"Explosive Potion"}],"is_trial":false,"path_per_floor":["M","?","?","M","?","E","R","M","T","R","E","R","?","M","R","B",null,"M","$","?","M","M","E","R","M","T","M","?","COS","M","M","R","B",null,"M","M","?","?","COS","R","E","R","T","M","E","?","R","M","R","B",null,"R","$","E","B"],"character_chosen":"DEFECT","items_purchased":["CeramicFish","Defragment","Defragment"],"campfire_rested":8,"item_purchase_floors":[19,19,53],"current_hp_per_floor":[68,57,57,57,57,57,57,48,48,70,61,61,54,54,80,42,77,77,77,77,77,56,52,78,71,71,65,65,65,32,1,27,22,72,58,58,58,58,58,84,64,89,89,89,89,89,89,89,89,89,89,89,89,52,0,0],"gold":84,"neow_bonus":"THREE_ENEMY_KILL","is_daily":false,"chose_seed":false,"campfire_upgraded":2,"win_rate":0.0,"timestamp":1609372151,"path_taken":["M","?","?","M","?","E","R","M","T","R","E","R","?","M","R","BOSS","M","$","?","M","M","E","R","?","T","M","?","COS","M","M","R","BOSS","M","M","?","?","COS","R","E","R","T","?","E","?","R","M","R","BOSS","R","$","E","BOSS"],"items_purchased_type":["Relic","Card","Card"],"build_version":"2020-12-22","purchased_purges":1,"victory":false,"max_hp_per_floor":[75,75,75,75,75,75,75,75,75,75,75,75,89,89,89,89,89,89,89,89,89,89,89,89,89,89,89,89,89,89,89,89,89,89,89,89,89,89,89,89,89,89,89,89,89,89,89,89,89,89,89,89,89,89,89,89],"relic_stats":{"Nunchaku":[12],"Happy Flower":[3],"counters":[25,146],"Mummified Hand":[110],"CeramicFish":117,"Turnip":[2],"Letter Opener":[95],"obtain_stats":[{"NeowsBlessing":0,"Happy Flower":54,"CeramicFish":19,"Mango":13,"Omamori":9,"Letter Opener":45,"FrozenCore":34,"Anchor":11,"Nunchaku":31,"Mummified Hand":5,"Gensokyo:OccultBall":3,"Fusion Hammer":17,"Turnip":48,"Toxic Egg 2":41,"Cracked Core":0,"Symbiotic Virus":26,"Toy Ornithopter":6,"InkBottle":23},{"NeowsBlessing":0,"Happy Flower":24,"CeramicFish":8,"Mango":5,"Omamori":4,"Letter Opener":21,"FrozenCore":16,"Anchor":5,"Nunchaku":15,"Mummified Hand":2,"Gensokyo:OccultBall":1,"Fusion Hammer":7,"Turnip":22,"Toxic Egg 2":19,"Cracked Core":0,"Symbiotic Virus":12,"Toy Ornithopter":3,"InkBottle":11},{"NeowsBlessing":0,"Happy Flower":135,"CeramicFish":33,"Mango":15,"Omamori":7,"Letter Opener":104,"FrozenCore":71,"Anchor":15,"Nunchaku":60,"Mummified Hand":2,"Gensokyo:OccultBall":1,"Fusion Hammer":30,"Turnip":105,"Toxic Egg 2":88,"Cracked Core":0,"Symbiotic Virus":49,"Toy Ornithopter":4,"InkBottle":46}],"Toy Ornithopter":15,"InkBottle":[43],"FrozenCore":[25]},"card_choices":[{"not_picked":["Undo","Consume"],"picked":"Beam Cell","floor":1},{"not_picked":["Compile Driver","Sunder"],"picked":"Doom and Gloom","floor":4},{"not_picked":["Hello World","Sweeping Beam"],"picked":"Capacitor","floor":6},{"not_picked":["Gash","Turbo","Hologram"],"picked":"SKIP","floor":8},{"not_picked":["Compile Driver","Barrage"],"picked":"Coolheaded","floor":11},{"not_picked":["Steam Power","Consume"],"picked":"Ball Lightning","floor":14},{"not_picked":["Hyperbeam","Multi-Cast"],"picked":"Core Surge","floor":16},{"not_picked":["Hologram","Beam Cell"],"picked":"Defragment+1","floor":18},{"not_picked":["Leap","Gash+1"],"picked":"Conserve Battery+1","floor":21},{"not_picked":["Conserve Battery","Stack","Skim"],"picked":"SKIP","floor":22},{"not_picked":["Force Field","Rebound+1"],"picked":"Heatsinks","floor":23},{"not_picked":["Steam+1","Double Energy+1","Reprogram"],"picked":"SKIP","floor":25},{"not_picked":["Fusion","Steam"],"picked":"Capacitor","floor":27},{"not_picked":["Steam+1","Rebound","Blizzard"],"picked":"SKIP","floor":30},{"not_picked":["Chill","Aggregate"],"picked":"Glacier","floor":31},{"not_picked":["Biased Cognition","Multi-Cast"],"picked":"Buffer","floor":33},{"not_picked":["Streamline","Compile Driver+1","FTL+1"],"picked":"SKIP","floor":35},{"not_picked":["Stack+1","Coolheaded","Rip and Tear"],"picked":"SKIP","floor":36},{"not_picked":["Gensokyo:UnlikelyAid","Gensokyo:SalamanderShield"],"picked":"Gensokyo:EverlastingLife","floor":37},{"not_picked":["Gash+1","Aggregate+1"],"picked":"Glacier+1","floor":41},{"not_picked":["Turbo+1","Undo+1","Steam+1"],"picked":"SKIP","floor":44},{"not_picked":["Meteor Strike","Auto Shields+1","Hologram+1"],"picked":"SKIP","floor":45},{"not_picked":["Coolheaded+1","Conserve Battery+1","Lockon+1"],"picked":"SKIP","floor":48},{"not_picked":["Streamline+1","Turbo+1"],"picked":"Buffer","floor":54}],"player_experience":273271,"relics_obtained":[{"floor":6,"key":"Toy Ornithopter"},{"floor":9,"key":"Omamori"},{"floor":11,"key":"Anchor"},{"floor":16,"key":"Gensokyo:OccultBall"},{"floor":21,"key":"Gensokyo:OccultBall"},{"floor":22,"key":"Gensokyo:OccultBall"},{"floor":23,"key":"InkBottle"},{"floor":26,"key":"Symbiotic Virus"},{"floor":33,"key":"Gensokyo:OccultBall"},{"floor":41,"key":"Toxic Egg 2"},{"floor":45,"key":"Letter Opener"},{"floor":54,"key":"Happy Flower"}],"event_choices":[],"is_beta":false,"boss_relics":[{"not_picked":["Black Star","Runic Dome"],"picked":"Fusion Hammer"},{"not_picked":["Coffee Dripper","SlaversCollar"],"picked":"FrozenCore"}],"items_purged_floors":[19],"is_endless":false,"potions_floor_spawned":[1,11,14,16,18,22,27,41],"killed_by":"The Heart","ascension_level":9}}