{"host":"zm2copjc1o2b6hjv","time":1609362031,"event":{"mods":["AchievementEnabler","BaseMod","BetterRewards","Conspire","Downfall","Friendly Minions","Infinite Spire","Minty Spire (QoL Compilation)","Replay The Spire","StSLib"],"gold_per_floor":[199,199,474,360,385,35,35,35,135,135,156,194,223,239,258,364,364,214,232,254,277,93,93,172,172,193,193,224,245,245,245,245,245],"floor_reached":31,"playtime":2205,"items_purged":["Regret","hexamod:Defend"],"score":278,"play_id":"5951a6a9-bc70-416e-be16-a4923b046ba7","local_time":"20201230160031","is_ascension_mode":false,"campfire_choices":[{"data":"ReplayTheSpireMod:Faulty Equipment","floor":8,"key":"SMITH"},{"floor":10,"key":"RECALL"},{"floor":18,"key":"DIG"},{"data":"hexamod:HeatShield","floor":25,"key":"SMITH"}],"circlet_count":0,"master_deck":["hexamod:Strike","hexamod:Strike","hexamod:Strike","hexamod:Strike","hexamod:Defend+1","hexamod:Defend","hexamod:Defend","hexamod:Sear","hexamod:Float","hexamod:WildfireWeapon","hexamod:SecondSeal","hexamod:AdvancingGuard","hexamod:Sear+1","Swift Strike","hexamod:HeatShield+1","hexamod:HeatShield+1","hexamod:AdvancingGuard+1","hexamod:AdvancingGuard","hexamod:RainOfEmbers+1","hexamod:SoulSteal","expansioncontent:QuickStudy","hexamod:StepThrough","hexamod:TurnItUp","hexamod:RetreatToShadows+1","hexamod:BurningTouch+1","hexamod:EmpoweredFlame","hexamod:SixthSeal","hexamod:Rewind+1","hexamod:GhostShield+1","hexamod:PhantomFireball+1","hexamod:TimeOfNeed+1","expansioncontent:QuickStudy+1","hexamod:CatchUp+1","hexamod:Incineration+1","hexamod:GhostflameBarrier+1"],"relics":["hexamod:SpiritBrand","downfall:HeartsMalice","downfall:GremlinSack","Membership Card","Replay:Wax Seal","Strawberry","conspire:DeflatedDodgeball","MealTicket","Toxic Egg 2","Sozu","downfall:HeartBlessingRed","downfall:HeartBlessingGreen","conspire:BottledYoYo","Guardian:BottledAnomaly","infinitespire:FocusingShard","Gremlin Food","Shovel"],"acts_visited":["Exordium","TheCity"],"potions_floor_usage":[13,13,16],"damage_taken":[{"damage":0,"floor":1,"turns":1},{"damage":0,"enemies":"Cultist","floor":2,"turns":1},{"damage":0,"enemies":"downfall:FleeingMerchant","floor":4,"turns":1},{"damage":7,"enemies":"2 Louse","floor":5,"turns":4},{"damage":4,"enemies":"downfall:FleeingMerchant","floor":6,"turns":4},{"damage":0,"enemies":"Jaw Worm","floor":11,"turns":5},{"damage":0,"enemies":"conspire:MimicChest","floor":12,"turns":9},{"damage":36,"enemies":"Gremlin Nob","floor":13,"turns":4},{"damage":2,"enemies":"Blue Slaver","floor":14,"turns":4},{"damage":3,"enemies":"3 Louse","floor":15,"turns":3},{"damage":16,"enemies":"downfall:Silent","floor":16,"turns":12},{"damage":0,"enemies":"Chosen","floor":19,"turns":5},{"damage":2,"enemies":"Spheric Guardian","floor":20,"turns":4},{"damage":3,"enemies":"Shelled Parasite and Fungi","floor":21,"turns":6},{"damage":0,"enemies":"downfall:FleeingMerchant","floor":22,"turns":4},{"damage":10,"enemies":"Centurion and Healer","floor":26,"turns":6},{"damage":29,"enemies":"Nightmare","floor":28,"turns":8},{"damage":5,"enemies":"3 Cultists","floor":29,"turns":6},{"damage":12,"enemies":"Book of Stabbing","floor":31,"turns":2}],"seed_played":"-3972304965785291721","potions_obtained":[{"floor":1,"key":"Fire Potion"},{"floor":12,"key":"BlessingOfTheForge"},{"floor":13,"key":"Swift Potion"},{"floor":15,"key":"SpeedPotion"}],"is_trial":false,"path_per_floor":["R","M","?","$","M","$","T","R","?","R","M","?","E","M","M","B",null,"R","M","M","M","$","?","T","R","M","AVR","NM","M","?","E"],"character_chosen":"THE_SPIRIT","items_purchased":["hexamod:AdvancingGuard","Membership Card","Replay:Wax Seal","expansioncontent:QuickStudy","Strawberry","Guardian:BottledAnomaly","expansioncontent:QuickStudy+1"],"campfire_rested":0,"item_purchase_floors":[4,6,6,6,6,22,22],"current_hp_per_floor":[70,70,70,70,63,66,66,66,66,66,66,66,30,28,25,9,77,77,77,75,72,77,77,77,77,67,67,38,33,33,21,21,21],"gold":245,"neow_bonus":"THREE_ENEMY_KILL","is_daily":false,"chose_seed":false,"campfire_upgraded":2,"win_rate":0.0,"timestamp":1609362031,"path_taken":["R","M","?","$","?","$","T","R","?","R","M","?","E","M","M","BOSS","R","M","M","M","$","?","T","R","M","AVR","NM","M","?","E"],"items_purchased_type":["Card","Relic","Relic","Card","Relic","Relic","Card"],"build_version":"2020-12-22","purchased_purges":2,"victory":false,"max_hp_per_floor":[70,70,70,70,70,77,77,77,77,77,77,77,77,77,77,77,77,77,77,77,77,77,77,77,77,77,77,77,77,77,77,77,77],"card_choices":[{"not_picked":["hexamod:GhostflameBarrier","hexamod:GhostShield"],"picked":"hexamod:HeatShield","floor":1},{"not_picked":["hexamod:Firestarter","hexamod:GhostOfSpireFuture"],"picked":"hexamod:HeatShield","floor":2},{"not_picked":["hexamod:NightmareStrike","hexamod:FastForward","hexamod:BurningTouch"],"picked":"SKIP","floor":4},{"not_picked":["hexamod:Hexaguard","hexamod:GhostLash"],"picked":"hexamod:RainOfEmbers","floor":5},{"not_picked":["hexamod:FastForward","hexamod:ShieldOfDarkness"],"picked":"hexamod:SoulSteal","floor":6},{"not_picked":["hexamod:HauntingEcho","hexamod:FourthSeal"],"picked":"hexamod:StepThrough","floor":11},{"not_picked":["hexamod:GhostflameBarrier","hexamod:FirstSeal"],"picked":"hexamod:TurnItUp","floor":12},{"not_picked":["hexamod:Rewind+1","hexamod:NightmareStrike"],"picked":"hexamod:RetreatToShadows+1","floor":13},{"not_picked":["hexamod:NightmareStrike","hexamod:RainOfEmbers"],"picked":"hexamod:BurningTouch+1","floor":14},{"not_picked":["hexamod:ThermalTransfer","hexamod:BacktrackSmack"],"picked":"hexamod:EmpoweredFlame","floor":15},{"not_picked":["hexamod:UnleashSpirits","hexamod:ParanormalForm"],"picked":"hexamod:SixthSeal","floor":16},{"not_picked":["hexamod:ShieldOfDarkness+1","hexamod:GhostLash"],"picked":"hexamod:Rewind+1","floor":19},{"not_picked":["hexamod:RainOfEmbers","hexamod:Firestarter"],"picked":"hexamod:GhostShield+1","floor":20},{"not_picked":["hexamod:ThermalTransfer","hexamod:GhostShield+1"],"picked":"hexamod:PhantomFireball+1","floor":21},{"not_picked":["hexamod:EmpoweredFlame","hexamod:FastForward+1"],"picked":"hexamod:TimeOfNeed+1","floor":22},{"not_picked":["hexamod:HauntingEcho","hexamod:Firestarter","hexamod:ThermalTransfer+1"],"picked":"SKIP","floor":26},{"not_picked":["hexamod:NightmareStrike","hexamod:BacktrackSmack"],"picked":"hexamod:Incineration+1","floor":28},{"not_picked":["hexamod:RainOfEmbers","hexamod:InspiringFlames+1"],"picked":"hexamod:GhostflameBarrier+1","floor":29}],"player_experience":233505,"relics_obtained":[{"floor":1,"key":"downfall:GremlinSack"},{"floor":7,"key":"conspire:DeflatedDodgeball"},{"floor":12,"key":"MealTicket"},{"floor":13,"key":"Toxic Egg 2"},{"floor":18,"key":"conspire:BottledYoYo"},{"floor":24,"key":"infinitespire:FocusingShard"},{"floor":28,"key":"Shovel"}],"event_choices":[{"damage_healed":0,"gold_gain":0,"player_choice":"Read","damage_taken":0,"max_hp_gain":0,"max_hp_loss":0,"event_name":"The Library","floor":23,"gold_loss":0,"cards_obtained":["hexamod:CatchUp"]},{"damage_healed":0,"gold_gain":0,"player_choice":"Ignored","damage_taken":0,"max_hp_gain":0,"max_hp_loss":0,"event_name":"Vampires","floor":30,"gold_loss":0}],"is_beta":false,"boss_relics":[{"not_picked":["Black Star","infinitespire:Cupcake"],"picked":"Sozu"}],"items_purged_floors":[4,27],"is_endless":true,"potions_floor_spawned":[1,12,13,15,19,21,29],"killed_by":"Book of Stabbing","ascension_level":0}}