{"host":"yq9dmb6jykv04g7m","time":1609313008,"event":{"mods":["Aspiration","BaseMod","Colored Map","Colored Powertips","Hubris","Infinite Spire","Minty Spire (QoL Compilation)","MostiFishMod","Rare Cards Sparkle","Replay The Spire","Spicy Shops","StSLib","SuperFastMode","【功能Mod】聪明的最终Boss"],"gold_per_floor":[109,126,142,142,142,167,184,184,184],"floor_reached":8,"playtime":270,"items_purged":[],"score":78,"play_id":"4028e0da-5e39-4d1e-88e1-9b5f9dfb1fdd","local_time":"20201230152328","is_ascension_mode":true,"campfire_choices":[],"circlet_count":0,"master_deck":["Strike_B","Strike_B","Defend_B","Defend_B","Zap","Dualcast","Loop","Crystallizer","Coolheaded","Poisoned Stab","Setup","MostiFishMod:InvigoratingSolution","White Noise","Redo"],"relics":["Cracked Core","DaveBox","HaiYi:Twilight","SynthV:TestCard","SynthV:C4"],"acts_visited":["Exordium"],"potions_floor_usage":[7],"damage_taken":[{"damage":7,"enemies":"Jaw Worm","floor":1,"turns":4},{"damage":14,"enemies":"2 Louse","floor":2,"turns":3},{"damage":6,"enemies":"Cultist","floor":3,"turns":3},{"damage":18,"enemies":"Replay:BlueRogue","floor":6,"turns":5},{"damage":9,"enemies":"3 Louse","floor":7,"turns":2},{"damage":16,"enemies":"Lagavulin","floor":8,"turns":4}],"seed_played":"-3522560020497535025","potions_obtained":[{"floor":6,"key":"SkillPotion"},{"floor":7,"key":"Venom Potion"}],"is_trial":false,"path_per_floor":["M","M","M","?","?","E","M","E"],"character_chosen":"DEFECT","items_purchased":[],"campfire_rested":0,"item_purchase_floors":[],"current_hp_per_floor":[61,47,41,41,41,23,14,0,0],"gold":184,"neow_bonus":"REMOVE_CARD","is_daily":false,"chose_seed":false,"campfire_upgraded":0,"win_rate":0.0,"timestamp":1609313008,"path_taken":["M","M","M","?","?","E","M","E"],"items_purchased_type":[],"build_version":"2020-12-22","purchased_purges":0,"victory":false,"max_hp_per_floor":[75,75,75,75,75,75,75,75,75],"card_choices":[{"not_picked":["MostiFishMod:ReprogramOld","Loop","Coolheaded"],"picked":"SKIP","floor":1},{"not_picked":["MostiFishMod:ReprogramOld","Coolheaded"],"picked":"Loop","floor":1},{"not_picked":["Ball Lightning","Compile Driver","Doom and Gloom","Barrage"],"picked":"Crystallizer","floor":2},{"not_picked":["Rebound","MostiFishMod:LinkProtocol","Cold Snap","Stack"],"picked":"Coolheaded","floor":3},{"not_picked":["hubris:Prefetch","Fusion","Scrape","ReplayGash"],"picked":"White Noise","floor":6},{"not_picked":["ReplayTheSpireMod:Repulse","Sweeping Beam","Melter","Panic Button"],"picked":"Redo","floor":7}],"player_experience":108954,"relics_obtained":[{"floor":1,"key":"SynthV:TestCard"},{"floor":6,"key":"SynthV:C4"}],"event_choices":[{"damage_healed":0,"gold_gain":0,"player_choice":"Ignored","damage_taken":0,"max_hp_gain":0,"max_hp_loss":0,"event_name":"Golden Idol","floor":5,"gold_loss":0}],"is_beta":false,"boss_relics":[],"items_purged_floors":[],"is_endless":false,"potions_floor_spawned":[6,7],"killed_by":"Lagavulin","ascension_level":7}}