{"host":"hhk99zdwe8tkcyq7","time":1609359272,"event":{"mods":["AchievementEnabler","BaseMod","Minty Spire (QoL Compilation)"],"gold_per_floor":[110,125,75,85,102,134,145,145,145,44,58,88,88,105,105,204,204,218,69,84,96,96,96,130,146,146,71,82,92,107,121,121,121,121],"floor_reached":33,"playtime":1292,"items_purged":["Strike_G","Strike_G"],"score":335,"play_id":"dfd4fba0-5c1b-46cc-afc4-7a1e165e062b","local_time":"20201230141432","is_ascension_mode":false,"campfire_choices":[{"floor":8,"key":"REST"},{"floor":15,"key":"REST"},{"floor":23,"key":"REST"},{"floor":32,"key":"REST"}],"circlet_count":0,"master_deck":["Strike_G","Strike_G","Strike_G","Defend_G","Defend_G","Defend_G","Survivor","Neutralize","Bouncing Flask+1","Noxious Fumes","Outmaneuver","Bane","Escape Plan","Deadly Poison","Poisoned Stab","Backstab","Die Die Die","Catalyst","Deadly Poison","PiercingWail+1","All Out Attack+1"],"relics":["Ring of the Snake","InkBottle","Vajra","Strawberry","Fusion Hammer","Pantograph","Lantern"],"acts_visited":["Exordium","TheCity"],"potions_floor_usage":[16,16,16,33,33,33],"damage_taken":[{"damage":0,"enemies":"Small Slimes","floor":1,"turns":4},{"damage":4,"enemies":"Cultist","floor":2,"turns":4},{"damage":0,"enemies":"2 Louse","floor":4,"turns":3},{"damage":8,"enemies":"Blue Slaver","floor":5,"turns":4},{"damage":31,"enemies":"3 Sentries","floor":6,"turns":9},{"damage":6,"enemies":"2 Fungi Beasts","floor":7,"turns":4},{"damage":12,"enemies":"3 Louse","floor":11,"turns":3},{"damage":8,"enemies":"Gremlin Nob","floor":12,"turns":3},{"damage":4,"enemies":"Blue Slaver","floor":14,"turns":2},{"damage":0,"enemies":"Slime Boss","floor":16,"turns":3},{"damage":4,"enemies":"Shell Parasite","floor":18,"turns":3},{"damage":3,"enemies":"3 Byrds","floor":20,"turns":4},{"damage":3,"enemies":"Snake Plant","floor":21,"turns":3},{"damage":21,"enemies":"Book of Stabbing","floor":24,"turns":4},{"damage":13,"enemies":"Centurion and Healer","floor":25,"turns":4},{"damage":14,"enemies":"Sentry and Sphere","floor":28,"turns":4},{"damage":15,"enemies":"Snake Plant","floor":29,"turns":3},{"damage":14,"enemies":"Snecko","floor":30,"turns":4},{"damage":9,"enemies":"Centurion and Healer","floor":31,"turns":4},{"damage":80,"enemies":"Automaton","floor":33,"turns":6}],"seed_played":"-191454347073415745","potions_obtained":[{"floor":4,"key":"Fire Potion"},{"floor":6,"key":"LiquidMemories"},{"floor":7,"key":"Explosive Potion"},{"floor":11,"key":"Fire Potion"},{"floor":16,"key":"FairyPotion"},{"floor":20,"key":"FearPotion"},{"floor":31,"key":"Block Potion"}],"is_trial":false,"path_per_floor":["M","M","?","M","M","E","M","R","T","$","M","E","?","M","R","B",null,"M","$","M","M","?","R","E","M","T","?","M","M","M","M","R","B"],"character_chosen":"THE_SILENT","items_purchased":["Poisoned Stab","Poison Potion"],"campfire_rested":4,"item_purchase_floors":[10,19],"current_hp_per_floor":[77,73,73,73,65,34,28,51,51,51,39,38,38,34,59,59,84,80,80,77,74,74,84,63,50,50,50,36,21,7,25,50,0,0],"gold":121,"neow_bonus":"TEN_PERCENT_HP_BONUS","is_daily":false,"chose_seed":false,"campfire_upgraded":0,"win_rate":0.0,"timestamp":1609359272,"path_taken":["M","M","?","M","M","E","M","R","T","$","M","E","?","?","R","BOSS","M","$","M","M","?","R","E","M","T","?","M","M","M","M","R","BOSS"],"items_purchased_type":["Card","Potion"],"build_version":"2020-12-22","purchased_purges":2,"victory":false,"max_hp_per_floor":[77,77,77,77,77,77,77,77,77,77,77,84,84,84,84,84,84,84,84,84,84,84,84,84,84,84,84,84,84,84,84,84,84,84],"card_choices":[{"not_picked":["Dagger Throw","Bane"],"picked":"Bouncing Flask","floor":1},{"not_picked":["Masterful Stab","Flying Knee"],"picked":"Noxious Fumes","floor":2},{"not_picked":["Backflip","Acrobatics"],"picked":"Outmaneuver","floor":4},{"not_picked":["Well Laid Plans","Choke"],"picked":"Bane","floor":5},{"not_picked":["Bouncing Flask","Bane"],"picked":"Escape Plan","floor":6},{"not_picked":["Underhanded Strike","Crippling Poison"],"picked":"Deadly Poison","floor":7},{"not_picked":["Quick Slash","After Image"],"picked":"Backstab","floor":11},{"not_picked":["Deflect","Sucker Punch","Caltrops"],"picked":"SKIP","floor":12},{"not_picked":["Dagger Throw","Expertise","Backflip"],"picked":"SKIP","floor":14},{"not_picked":["Malaise","Phantasmal Killer"],"picked":"Die Die Die","floor":16},{"not_picked":["Quick Slash","Skewer","Tactician"],"picked":"SKIP","floor":18},{"not_picked":["Acrobatics","Bane"],"picked":"Catalyst","floor":20},{"not_picked":["Escape Plan","Well Laid Plans","Poisoned Stab"],"picked":"SKIP","floor":21},{"not_picked":["Outmaneuver+1","Burst"],"picked":"Deadly Poison","floor":24},{"not_picked":["Sucker Punch","Blade Dance","Acrobatics"],"picked":"SKIP","floor":25},{"not_picked":["Deadly Poison","Backflip","Predator"],"picked":"SKIP","floor":28},{"not_picked":["Slice","Blade Dance"],"picked":"PiercingWail+1","floor":29},{"not_picked":["Dagger Throw","Prepared"],"picked":"All Out Attack+1","floor":30},{"not_picked":["Dodge and Roll","Flechettes","Venomology"],"picked":"SKIP","floor":31}],"player_experience":18239,"relics_obtained":[{"floor":6,"key":"InkBottle"},{"floor":9,"key":"Vajra"},{"floor":12,"key":"Strawberry"},{"floor":24,"key":"Pantograph"},{"floor":26,"key":"Lantern"}],"event_choices":[{"cards_removed":["Defend_G"],"damage_healed":0,"gold_gain":0,"player_choice":"Card Removal","damage_taken":0,"max_hp_gain":0,"max_hp_loss":0,"event_name":"The Cleric","floor":3,"gold_loss":50},{"damage_healed":0,"gold_gain":0,"player_choice":"Forge","damage_taken":0,"max_hp_gain":0,"max_hp_loss":0,"event_name":"Accursed Blacksmith","floor":13,"gold_loss":0,"cards_upgraded":["Bouncing Flask"]},{"damage_healed":0,"gold_gain":0,"player_choice":"Ignored","damage_taken":0,"max_hp_gain":0,"max_hp_loss":0,"event_name":"Vampires","floor":22,"gold_loss":0},{"cards_removed":["Defend_G"],"damage_healed":0,"gold_gain":0,"player_choice":"Gave Gold","damage_taken":0,"max_hp_gain":0,"max_hp_loss":0,"event_name":"Beggar","floor":27,"gold_loss":75}],"is_beta":false,"boss_relics":[{"not_picked":["SlaversCollar","Ectoplasm"],"picked":"Fusion Hammer"}],"items_purged_floors":[10,19],"is_endless":false,"potions_floor_spawned":[4,6,7,11,16,20,24,25,28,31],"killed_by":"Automaton","ascension_level":0}}