{"host":"0i8dz4ityulxi1rd","time":1609337527,"event":{"mods":["BaseMod","Colored Map","Colored Powertips","Custom Start","Highlight Path","Hubris","Infinite Spire","Keyboard Shortcuts","Minty Spire (QoL Compilation)","StSLib","SuperFastMode"],"gold_per_floor":[109,129,145,70,80,106,106,139,139,139,139,139,158,188,188,188,188],"floor_reached":16,"playtime":462,"items_purged":["Strike_R"],"score":224,"play_id":"6525ccaf-0bd8-4dc0-b899-1afbbcf5172e","local_time":"20201230231207","is_ascension_mode":true,"campfire_choices":[{"data":"Evolve","floor":7,"key":"SMITH"},{"data":"hubris:ReadiedAction","floor":12,"key":"SMITH"},{"data":"Shockwave","floor":15,"key":"SMITH"}],"circlet_count":0,"master_deck":["AscendersBane","Strike_R","Strike_R","Strike_R","Strike_R","Defend_R","Defend_R","Defend_R","Defend_R","Bash","Shockwave+1","Anger","Cleave","Evolve+1","hubris:ReadiedAction+1","hubris:Greed","Regret","infinitespire:UltimateForm","Second Wind"],"relics":["Burning Blood","NeowsBlessing","Kunai","Bag of Preparation","White Beast Statue","Golden Idol"],"acts_visited":["Exordium"],"potions_floor_usage":[6,8,14,16],"damage_taken":[{"damage":0,"enemies":"Jaw Worm","floor":1,"turns":1},{"damage":0,"enemies":"Small Slimes","floor":2,"turns":2},{"damage":0,"enemies":"2 Louse","floor":3,"turns":1},{"damage":12,"enemies":"Looter","floor":5,"turns":4},{"damage":34,"enemies":"Lagavulin","floor":6,"turns":7},{"damage":30,"enemies":"3 Sentries","floor":8,"turns":8},{"damage":7,"enemies":"2 Fungi Beasts","floor":13,"turns":4},{"damage":0,"enemies":"Lots of Slimes","floor":14,"turns":1},{"damage":24,"enemies":"The Guardian","floor":16,"turns":8}],"seed_played":"8361322206515970896","potions_obtained":[{"floor":2,"key":"FearPotion"},{"floor":5,"key":"Fire Potion"},{"floor":6,"key":"Fire Potion"},{"floor":8,"key":"Explosive Potion"},{"floor":14,"key":"AttackPotion"}],"is_trial":false,"path_per_floor":["M","M","M","$","M","E","R","E","T","?","?","R","M","M","R","B"],"character_chosen":"IRONCLAD","items_purchased":[],"campfire_rested":0,"item_purchase_floors":[],"current_hp_per_floor":[74,75,75,75,69,41,41,17,17,17,17,17,16,22,22,0,0],"gold":188,"neow_bonus":"THREE_ENEMY_KILL","is_daily":false,"chose_seed":false,"campfire_upgraded":3,"win_rate":0.0,"timestamp":1609337527,"path_taken":["M","M","M","$","M","E","R","E","T","?","?","R","M","M","R","BOSS"],"items_purchased_type":[],"build_version":"2020-12-22","purchased_purges":1,"victory":false,"max_hp_per_floor":[75,75,75,75,75,75,75,75,75,75,68,68,68,68,68,68,68],"card_choices":[{"not_picked":["Fire Breathing","Wild Strike"],"picked":"Shockwave","floor":1},{"not_picked":["Combust","Flame Barrier"],"picked":"Anger","floor":2},{"not_picked":["Inflame","Iron Wave"],"picked":"Cleave","floor":3},{"not_picked":["Perfected Strike","Seeing Red","Dark Embrace"],"picked":"SKIP","floor":5},{"not_picked":["Battle Trance","Burning Pact"],"picked":"Evolve","floor":6},{"not_picked":["Evolve","Cleave"],"picked":"hubris:ReadiedAction","floor":8},{"not_picked":["hubris:Rewind","infinitespire:DeathsTouch"],"picked":"infinitespire:UltimateForm","floor":10},{"not_picked":["Spot Weakness","Anger"],"picked":"Second Wind","floor":13},{"not_picked":["Combust","Infernal Blade","Flame Barrier"],"picked":"SKIP","floor":14}],"player_experience":1272637,"relics_obtained":[{"floor":6,"key":"Kunai"},{"floor":8,"key":"Bag of Preparation"},{"floor":9,"key":"White Beast Statue"}],"event_choices":[{"damage_healed":0,"gold_gain":0,"player_choice":"Lose Max HP","damage_taken":0,"relics_obtained":["Golden Idol"],"max_hp_gain":0,"max_hp_loss":7,"event_name":"Golden Idol","floor":11,"gold_loss":0}],"is_beta":false,"boss_relics":[],"items_purged_floors":[4],"is_endless":false,"potions_floor_spawned":[2,5,6,8,13,14],"killed_by":"The Guardian","ascension_level":20}}