{"host":"82vjcvwyw2j7afb1","time":1609342565,"event":{"mods":["BaseMod","Colored Map","DeckTracker","Keyboard Shortcuts","Minty Spire (QoL Compilation)","Permanent Neow","Quick Restart","StSLib","SuperFastMode","everything is the same but u backflip on backflip"],"gold_per_floor":[110,126,126,126,201,201,201,52,52,52,17,33,59,77,77,180,180,200,200,200,200,200,225,225,252,304,75,89,107,125,139,139,241,241,253,303,51,51,63,63,80,113,137,137,137,150,165,183,183,183],"floor_reached":51,"playtime":2264,"items_purged":["Defend_R","Clothesline"],"score":775,"play_id":"729e6327-b88d-480b-a890-04527c59f6ee","local_time":"20201231003605","is_ascension_mode":true,"campfire_choices":[{"data":"Bash","floor":6.0,"key":"SMITH"},{"data":"Battle Trance","floor":10.0,"key":"SMITH"},{"data":"Heavy Blade","floor":15.0,"key":"SMITH"},{"data":"1","floor":24,"key":"LIFT"},{"data":"Limit Break","floor":32,"key":"SMITH"},{"data":"Offering","floor":40,"key":"SMITH"},{"floor":45,"key":"REST"},{"data":"2","floor":49,"key":"LIFT"}],"circlet_count":0,"master_deck":["Strike_R","Strike_R","Strike_R","Strike_R","Strike_R","Defend_R","Defend_R","Bash+1","Shrug It Off","Battle Trance+1","Limit Break+1","Heavy Blade+1","Spot Weakness","Thunderclap","Offering+1","Flex","Rage","Seeing Red","Power Through+1","Cleave","Second Wind","Power Through","Reaper","Heavy Blade+1","Limit Break+1","Demon Form","Bash","Ghostly Armor","Intimidate+1","Blood for Blood+1","Battle Trance+1"],"relics":["Burning Blood","Red Skull","Pantograph","Meat on the Bone","SlaversCollar","Shuriken","Girya","Pocketwatch","Happy Flower","Lantern","Velvet Choker","Lizard Tail","TheAbacus","InkBottle","Smiling Mask"],"acts_visited":["TheCity","TheBeyond"],"potions_floor_usage":[25,33,33,47,47],"damage_taken":[{"damage":11.0,"enemies":"Jaw Worm","floor":1.0,"turns":2.0},{"damage":6.0,"enemies":"Small Slimes","floor":2.0,"turns":3.0},{"damage":7.0,"enemies":"2 Louse","floor":12.0,"turns":3.0},{"damage":14.0,"enemies":"Gremlin Nob","floor":13.0,"turns":4.0},{"damage":9.0,"enemies":"2 Fungi Beasts","floor":14.0,"turns":3.0},{"damage":51.0,"enemies":"Hexaghost","floor":16.0,"turns":6.0},{"damage":36,"enemies":"Spheric Guardian","floor":18,"turns":5},{"damage":49,"enemies":"Slavers","floor":23,"turns":3},{"damage":15,"enemies":"Book of Stabbing","floor":25,"turns":2},{"damage":17,"enemies":"3 Byrds","floor":28,"turns":5},{"damage":17,"enemies":"Snecko","floor":29,"turns":3},{"damage":0,"enemies":"Snake Plant","floor":30,"turns":3},{"damage":6,"enemies":"Sentry and Sphere","floor":31,"turns":3},{"damage":27,"enemies":"Champ","floor":33,"turns":4},{"damage":9,"enemies":"Orb Walker","floor":35,"turns":3},{"damage":6,"enemies":"Mind Bloom Boss Battle","floor":36,"turns":4},{"damage":32,"enemies":"3 Darklings","floor":39,"turns":3},{"damage":27,"enemies":"Sphere and 2 Shapes","floor":41,"turns":4},{"damage":97,"enemies":"Reptomancer","floor":42,"turns":4},{"damage":7,"enemies":"Spire Growth","floor":46,"turns":3},{"damage":8,"enemies":"Jaw Worm Horde","floor":47,"turns":2},{"damage":0,"enemies":"4 Shapes","floor":48,"turns":4},{"damage":48,"enemies":"Time Eater","floor":50,"turns":6}],"seed_played":"258148410889747409","potions_obtained":[{"floor":2.0,"key":"EssenceOfSteel"},{"floor":12.0,"key":"Regen Potion"},{"floor":13.0,"key":"DuplicationPotion"},{"floor":23,"key":"GamblersBrew"},{"floor":25,"key":"DuplicationPotion"},{"floor":30,"key":"AttackPotion"},{"floor":41,"key":"Fire Potion"},{"floor":42,"key":"Explosive Potion"},{"floor":46,"key":"Energy Potion"},{"floor":48,"key":"SneckoOil"}],"is_trial":false,"path_per_floor":["M","M","?","$","?","R","?","$","T","R","?","M","E","M","R","B",null,"M","?","?","T","?","E","R","E","T","$","M","M","M","M","R","B",null,"M","?","$","?","M","R","M","E","T","?","R","M","M","M","R","B",null],"character_chosen":"IRONCLAD","items_purchased":["Limit Break","Lantern","TheAbacus"],"campfire_rested":1,"item_purchase_floors":[8,27,37],"current_hp_per_floor":[75,75,68,68,57,57,62,62,62,62,83,82,74,71,71,52,85,55,55,55,55,83,52,52,55,55,55,56,57,63,63,63,64,85,82,85,85,85,79,79,58,26,26,26,51,50,60,85,85,80],"gold":183,"neow_bonus":"TRANSFORM_CARD","is_daily":false,"chose_seed":false,"campfire_upgraded":5,"win_rate":0.0,"timestamp":1609342565,"path_taken":["M","M","?","$","?","R","?","$","T","R","?","M","E","M","R","BOSS","M","?","?","?","?","E","R","E","T","$","M","?","M","M","R","BOSS","M","?","$","?","M","R","?","E","T","?","R","M","M","M","R","BOSS"],"items_purchased_type":["Card","Relic","Relic"],"build_version":"2020-12-22","purchased_purges":2,"victory":true,"max_hp_per_floor":[80,80,80,80,80,80,85,85,85,85,85,85,85,85,85,85,85,85,85,85,85,85,85,85,85,85,85,85,85,85,85,85,85,85,85,85,85,85,85,85,85,85,85,85,85,85,85,85,85,85],"card_choices":[{"not_picked":["Headbutt","Anger"],"picked":"Shrug It Off","floor":1.0},{"not_picked":["Headbutt","Clash"],"picked":"Battle Trance","floor":2.0},{"not_picked":["Body Slam","Shrug It Off"],"picked":"Heavy Blade","floor":12.0},{"not_picked":["Ghostly Armor","Demon Form"],"picked":"Spot Weakness","floor":13.0},{"not_picked":["Warcry","Burning Pact"],"picked":"Thunderclap","floor":14.0},{"not_picked":["Impervious","Reaper"],"picked":"Offering","floor":16.0},{"not_picked":["Hemokinesis","Reckless Charge+1"],"picked":"Flex","floor":18},{"not_picked":["Juggernaut","Clash+1"],"picked":"Rage","floor":23},{"not_picked":["Blood for Blood","Clothesline+1"],"picked":"Seeing Red","floor":25},{"not_picked":["Twin Strike+1","Body Slam"],"picked":"Power Through+1","floor":28},{"not_picked":["Warcry","Clothesline"],"picked":"Cleave","floor":29},{"not_picked":["Hemokinesis","Combust"],"picked":"Second Wind","floor":30},{"not_picked":["Battle Trance+1","Headbutt"],"picked":"Power Through","floor":31},{"not_picked":["Berserk","Fiend Fire"],"picked":"Reaper","floor":33},{"not_picked":["Dark Embrace","Anger","Clothesline"],"picked":"SKIP","floor":35},{"not_picked":["Pummel","Seeing Red"],"picked":"Heavy Blade+1","floor":36},{"not_picked":["Shrug It Off+1","Thunderclap","Perfected Strike"],"picked":"SKIP","floor":39},{"not_picked":["Warcry+1","Iron Wave"],"picked":"Demon Form","floor":41},{"not_picked":["Brutality","Flame Barrier+1","Blood for Blood"],"picked":"SKIP","floor":42},{"not_picked":["Pommel Strike","Searing Blow+1"],"picked":"Intimidate+1","floor":46},{"not_picked":["Rampage","Clothesline"],"picked":"Blood for Blood+1","floor":47},{"not_picked":["Body Slam+1","Twin Strike+1"],"picked":"Battle Trance+1","floor":48}],"player_experience":19679,"relics_obtained":[{"floor":9.0,"key":"Pantograph"},{"floor":13.0,"key":"Meat on the Bone"},{"floor":21,"key":"Shuriken"},{"floor":23,"key":"Girya"},{"floor":25,"key":"Pocketwatch"},{"floor":26,"key":"Happy Flower"},{"floor":36,"key":"Lizard Tail"},{"floor":42,"key":"InkBottle"},{"floor":43,"key":"Smiling Mask"}],"event_choices":[{"damage_healed":0.0,"max_hp_gain":0.0,"max_hp_loss":0.0,"gold_gain":0.0,"event_name":"Scrap Ooze","player_choice":"Success","floor":3.0,"gold_loss":0.0,"damage_taken":7.0,"relics_obtained":["Red Skull"]},{"damage_healed":0.0,"max_hp_gain":0.0,"max_hp_loss":0.0,"gold_gain":75.0,"event_name":"World of Goop","player_choice":"Gather Gold","floor":5.0,"gold_loss":0.0,"damage_taken":11.0},{"damage_healed":0.0,"max_hp_gain":5.0,"max_hp_loss":0.0,"gold_gain":0.0,"event_name":"Big Fish","player_choice":"Donut","floor":7.0,"gold_loss":0.0,"damage_taken":0.0},{"damage_healed":21.0,"max_hp_gain":0.0,"max_hp_loss":0.0,"gold_gain":0.0,"event_name":"The Cleric","player_choice":"Healed","floor":11.0,"gold_loss":35.0,"damage_taken":0.0},{"damage_healed":0,"gold_gain":0,"player_choice":"Ignored","damage_taken":0,"max_hp_gain":0,"max_hp_loss":0,"event_name":"Cursed Tome","floor":19,"gold_loss":0},{"damage_healed":0,"gold_gain":0,"player_choice":"Ignored","damage_taken":0,"max_hp_gain":0,"max_hp_loss":0,"event_name":"Vampires","floor":20,"gold_loss":0},{"damage_healed":28,"gold_gain":0,"player_choice":"Heal","damage_taken":0,"max_hp_gain":0,"max_hp_loss":0,"event_name":"The Library","floor":22,"gold_loss":0},{"damage_healed":0,"gold_gain":0,"player_choice":"Fight","damage_taken":0,"max_hp_gain":0,"max_hp_loss":0,"event_name":"MindBloom","floor":36,"gold_loss":0},{"damage_healed":0,"gold_gain":0,"player_choice":"Copied","damage_taken":0,"max_hp_gain":0,"max_hp_loss":0,"event_name":"Duplicator","floor":38,"gold_loss":0,"cards_obtained":["Limit Break"]},{"damage_healed":0,"gold_gain":0,"player_choice":"2 cards matched","damage_taken":0,"max_hp_gain":0,"max_hp_loss":0,"event_name":"Match and Keep!","floor":44,"gold_loss":0,"cards_obtained":["Bash","Ghostly Armor"]}],"is_beta":false,"boss_relics":[{"not_picked":["SacredBark","Coffee Dripper"],"picked":"SlaversCollar"},{"not_picked":["Fusion Hammer","Calling Bell"],"picked":"Velvet Choker"}],"items_purged_floors":[27,37],"is_endless":false,"potions_floor_spawned":[2,12,13,23,25,30,41,42,46,48],"ascension_level":1}}