{"host":"ixenv8b8actib82w","time":1609290037,"event":{"mods":["Act Like it!","BaseMod","Conspire","Hallownest","Lobotomy","Minty Spire (QoL Compilation)","Replay The Spire","Spicy Shops","StSLib","The Hierophant","The Jungle","vexMod"],"gold_per_floor":[113,113,128,22,40,40,40,40,40,40,55,55,55,55,55,87,87],"floor_reached":16,"playtime":765,"items_purged":[],"score":88,"play_id":"90df3c96-4e97-43d0-a2c1-ed77b9279f85","local_time":"20201230090037","is_ascension_mode":false,"campfire_choices":[{"data":"hierophant:Determination","floor":6,"key":"SMITH"},{"data":"hierophant:Determination","floor":8,"key":"SMITH"},{"data":"hierophant:Punish","floor":12,"key":"SMITH"},{"floor":15,"key":"REST"}],"circlet_count":1,"master_deck":["hierophant:Strike_Hierophant","hierophant:Strike_Hierophant","hierophant:Strike_Hierophant","hierophant:Punish+1","hierophant:Defend_Hierophant","hierophant:Defend_Hierophant","hierophant:Defend_Hierophant","hierophant:Defend_Hierophant","hierophant:ChurchCoffers","CrumblingArmor","hierophant:Repentance","OldLady","hierophant:Determination+1","hierophant:Determination+1","NakedNest","hierophant:Embezzle","hierophant:MirrorShield","Murderer","hierophant:RustyCrate","hierophant:Doubloon","hierophant:Doubloon"],"relics":["hierophant:PropheticMaskRelic","CogitoBucket","Hallownest:DreamNailRelic","ReplayTheSpireMod:Ring of Addiction","Ring of Peace","Chameleon Ring","Potion Belt","conspire:Dentures","Circlet"],"acts_visited":["Hallownest:Greenpath"],"potions_floor_usage":[11,11,11,11,16],"damage_taken":[{"damage":3,"enemies":"Hallownest:2_Tiktiks_and_1_Crawlid","floor":1,"turns":2},{"damage":4,"enemies":"Hallownest:2_Baldur","floor":3,"turns":3},{"damage":11,"enemies":"2_ Uuma","floor":5,"turns":6},{"damage":10,"enemies":"Hallownest:Guard_and_Warrior","floor":11,"turns":3},{"damage":142,"enemies":"Hallownest:BossFalseKnight","floor":16,"turns":5}],"seed_played":"-7793686364034637252","potions_obtained":[{"floor":1,"key":"FearPotion"},{"floor":5,"key":"SneckoOil"},{"floor":7,"key":"AttackPotion"},{"floor":7,"key":"AttackPotion"},{"floor":7,"key":"AttackPotion"}],"is_trial":false,"path_per_floor":["M","?","M","$","M","R","?","R","T","?","M","R","?","?","R","B"],"character_chosen":"HIEROPHANT","items_purchased":["hierophant:Determination"],"campfire_rested":1,"item_purchase_floors":[4],"current_hp_per_floor":[72,72,68,68,57,57,57,57,57,57,50,50,50,50,71,0,0],"gold":87,"neow_bonus":"","is_daily":false,"chose_seed":false,"campfire_upgraded":3,"win_rate":0.0,"timestamp":1609290037,"path_taken":["M","?","M","$","?","R","?","R","T","?","?","R","?","?","R","BOSS"],"items_purchased_type":["Card"],"build_version":"2020-12-22","purchased_purges":0,"victory":false,"max_hp_per_floor":[75,75,75,75,75,75,75,75,75,75,73,73,73,73,71,71,71],"card_choices":[{"not_picked":["Bloodbath","FairyFestival"],"picked":"CrumblingArmor","floor":1},{"not_picked":["hierophant:FieryStrike","hierophant:Blessing"],"picked":"hierophant:Repentance","floor":1},{"not_picked":["Laetitia","Wellcheers","Scarecrow"],"picked":"Singing Bowl","floor":3},{"not_picked":["Scarecrow","PunishingBird"],"picked":"OldLady","floor":3},{"not_picked":["hierophant:Remorse","hierophant:Encroach"],"picked":"hierophant:OrnateBuckler","floor":3},{"not_picked":["Bloodbath","BeautyBeast"],"picked":"NakedNest","floor":5},{"not_picked":["hierophant:Chorus","hierophant:AuricBeam"],"picked":"hierophant:Embezzle","floor":5},{"not_picked":["PunishingBird","Laetitia"],"picked":"Murderer","floor":11},{"not_picked":["hierophant:CursedGold","hierophant:Rebuild"],"picked":"hierophant:RustyCrate","floor":11}],"player_experience":70892,"relics_obtained":[{"floor":7,"key":"ReplayTheSpireMod:Ring of Addiction"},{"floor":7,"key":"Ring of Peace"},{"floor":7,"key":"Chameleon Ring"},{"floor":7,"key":"Potion Belt"},{"floor":9,"key":"conspire:Dentures"}],"event_choices":[],"is_beta":false,"boss_relics":[],"items_purged_floors":[],"is_endless":false,"potions_floor_spawned":[1,5],"killed_by":"Hallownest:BossFalseKnight","ascension_level":0}}