{"host":"0ydzwspkajt4brzd","time":1609329260,"event":{"mods":["AchievementEnabler","BaseMod","Colored Map","DeckTracker","Googly Eyes","Highlight Path","Minty Spire (QoL Compilation)","Quick Restart","Random Character Button","Rare Cards Sparkle"],"gold_per_floor":[116,136,149,167,167,167,197,197,267,267,284,22,40,40,40,40,40],"floor_reached":16,"playtime":897,"items_purged":[],"score":158,"play_id":"963b293c-9e5f-46be-a43f-0a23d7658cbd","local_time":"20201230035420","is_ascension_mode":true,"campfire_choices":[{"data":"Dark Embrace","floor":6,"key":"SMITH"},{"floor":8,"key":"REST"},{"data":"Bash","floor":10,"key":"SMITH"},{"floor":15,"key":"REST"}],"circlet_count":0,"master_deck":["AscendersBane","Strike_R","Strike_R","Strike_R","Strike_R","Strike_R","Defend_R","Defend_R","Defend_R","Defend_R","Bash+1","Headbutt","Dark Embrace+1","Whirlwind","Inflame","Clash","Evolve","Shrug It Off+1"],"relics":["Burning Blood","NeowsBlessing","StoneCalendar","InkBottle","Toxic Egg 2"],"acts_visited":["Exordium"],"potions_floor_usage":[11],"damage_taken":[{"damage":0,"enemies":"Cultist","floor":1,"turns":1},{"damage":0,"enemies":"Small Slimes","floor":2,"turns":1},{"damage":0,"enemies":"Jaw Worm","floor":3,"turns":1},{"damage":15,"enemies":"3 Louse","floor":4,"turns":4},{"damage":64,"enemies":"Gremlin Nob","floor":7,"turns":5},{"damage":19,"enemies":"Large Slime","floor":11,"turns":5},{"damage":12,"enemies":"Looter","floor":13,"turns":3},{"damage":45,"enemies":"Hexaghost","floor":16,"turns":7}],"seed_played":"-2892604709481329040","potions_obtained":[{"floor":4,"key":"LiquidMemories"},{"floor":7,"key":"SteroidPotion"},{"floor":11,"key":"LiquidMemories"}],"is_trial":false,"path_per_floor":["M","M","M","M","?","R","E","R","T","R","M","$","M","$","R","B"],"character_chosen":"IRONCLAD","items_purchased":["Toxic Egg 2"],"campfire_rested":2,"item_purchase_floors":[12],"current_hp_per_floor":[78,80,80,71,71,71,13,37,37,37,24,24,18,18,42,0,0],"gold":40,"neow_bonus":"THREE_ENEMY_KILL","is_daily":false,"chose_seed":false,"campfire_upgraded":2,"win_rate":0.0,"timestamp":1609329260,"path_taken":["M","?","M","M","?","R","E","R","T","R","M","?","M","$","R","BOSS"],"items_purchased_type":["Relic"],"build_version":"2020-12-22","purchased_purges":0,"victory":false,"max_hp_per_floor":[80,80,80,80,80,80,80,80,80,80,80,80,80,80,80,80,80],"card_choices":[{"not_picked":["Thunderclap","Body Slam"],"picked":"Headbutt","floor":1},{"not_picked":["Havoc","Thunderclap"],"picked":"Dark Embrace","floor":2},{"not_picked":["Thunderclap","Flex"],"picked":"Whirlwind","floor":3},{"not_picked":["Clothesline","True Grit"],"picked":"Inflame","floor":4},{"not_picked":["Perfected Strike","Anger"],"picked":"Clash","floor":7},{"not_picked":["Sword Boomerang","Pommel Strike"],"picked":"Evolve","floor":11},{"not_picked":["Brutality","Warcry+1"],"picked":"Shrug It Off+1","floor":13}],"player_experience":414548,"relics_obtained":[{"floor":7,"key":"StoneCalendar"},{"floor":9,"key":"InkBottle"}],"event_choices":[{"damage_healed":0,"gold_gain":0,"player_choice":"Ignored","damage_taken":0,"max_hp_gain":0,"max_hp_loss":0,"event_name":"Liars Game","floor":5,"gold_loss":0}],"is_beta":false,"boss_relics":[],"items_purged_floors":[],"is_endless":false,"potions_floor_spawned":[4,7,11],"killed_by":"Hexaghost","ascension_level":11}}