{"host":"c936que3p8rnl5ii","time":1609330398,"event":{"mods":["AchievementEnabler","BaseMod","Block Reminder","Colored Powertips","DeckTracker","Minty Spire (QoL Compilation)","Quick Restart","StSLib"],"gold_per_floor":[115,129,192,45,45,79,79,79,79,93,66,66,66,15,15,143,143,156,169,269,290,290,290,309,309,357,357,357,373,393,393,393,393,393],"floor_reached":33,"playtime":1673,"items_purged":[],"score":243,"play_id":"d9187534-6d37-463a-83e3-57d681e28f36","local_time":"20201230071318","is_ascension_mode":false,"campfire_choices":[{"data":"Mind Blast","floor":7,"key":"SMITH"},{"floor":13,"key":"REST"},{"floor":15,"key":"REST"},{"data":"Rainbow","floor":23,"key":"SMITH"},{"data":"Zap","floor":25,"key":"SMITH"},{"data":"FTL","floor":28,"key":"SMITH"},{"floor":32,"key":"REST"}],"circlet_count":0,"master_deck":["Strike_B","Strike_B","Strike_B","Strike_B","Defend_B","Defend_B","Zap+1","Dualcast","Mind Blast+1","FTL+1","Streamline","Undo","Rebound","Sweeping Beam","Stack","Rainbow+1","Leap+1","Glacier","Streamline","Rip and Tear","Self Repair","Reboot","FTL","Cold Snap"],"relics":["Cracked Core","HandDrill","Potion Belt","Oddly Smooth Stone","PreservedInsect","Bloody Idol","Philosopher\u0027s Stone","Pen Nib"],"acts_visited":["Exordium","TheCity"],"potions_floor_usage":[6,16,19,29,33],"damage_taken":[{"damage":0,"enemies":"2 Louse","floor":1,"turns":2},{"damage":5,"enemies":"Small Slimes","floor":2,"turns":3},{"damage":20,"enemies":"Gremlin Nob","floor":6,"turns":4},{"damage":0,"enemies":"Jaw Worm","floor":10,"turns":3},{"damage":51,"enemies":"The Guardian","floor":16,"turns":10},{"damage":0,"enemies":"Chosen","floor":18,"turns":4},{"damage":0,"enemies":"3 Byrds","floor":19,"turns":4},{"damage":18,"enemies":"3 Cultists","floor":21,"turns":8},{"damage":1,"enemies":"Sentry and Sphere","floor":24,"turns":5},{"damage":8,"enemies":"Snecko","floor":29,"turns":5},{"damage":0,"enemies":"Centurion and Healer","floor":30,"turns":5},{"damage":95,"enemies":"Collector","floor":33,"turns":6}],"seed_played":"221768685420038598","potions_obtained":[{"floor":2,"key":"SkillPotion"},{"floor":6,"key":"DistilledChaos"},{"floor":16,"key":"Weak Potion"},{"floor":21,"key":"Weak Potion"},{"floor":30,"key":"SteroidPotion"}],"is_trial":false,"path_per_floor":["M","M","?","$","?","E","R","T","T","M","$","?","R","$","R","B",null,"M","M","?","M","?","R","M","R","T","?","R","M","M","?","R","B"],"character_chosen":"DEFECT","items_purchased":["HandDrill","Sweeping Beam","Stack"],"campfire_rested":3,"item_purchase_floors":[4,11,14],"current_hp_per_floor":[75,70,70,70,70,50,50,50,50,50,50,32,54,54,75,24,75,75,75,75,57,57,57,56,56,56,56,56,48,55,55,75,0,0],"gold":393,"neow_bonus":"RANDOM_COLORLESS","is_daily":false,"chose_seed":false,"campfire_upgraded":4,"win_rate":0.0,"timestamp":1609330398,"path_taken":["M","M","?","$","?","E","R","?","T","M","?","?","R","$","R","BOSS","M","M","?","?","?","R","M","R","T","?","R","M","M","?","R","BOSS"],"items_purchased_type":["Relic","Card","Card"],"build_version":"2020-12-22","purchased_purges":0,"victory":false,"max_hp_per_floor":[75,75,75,75,75,75,75,75,75,75,75,75,75,75,75,75,75,75,75,75,75,75,75,75,75,75,75,75,75,75,75,75,75,75],"card_choices":[{"not_picked":["Impatience","PanicButton"],"picked":"Mind Blast","floor":0},{"not_picked":["Auto Shields","Static Discharge"],"picked":"FTL","floor":1},{"not_picked":["Coolheaded","Compile Driver"],"picked":"Streamline","floor":2},{"not_picked":["Steam","Go for the Eyes"],"picked":"Undo","floor":6},{"not_picked":["Redo","Hologram"],"picked":"Rebound","floor":10},{"not_picked":["Creative AI","Seek"],"picked":"Rainbow","floor":16},{"not_picked":["Conserve Battery","Gash"],"picked":"Leap+1","floor":18},{"not_picked":["Conserve Battery","Stack"],"picked":"Glacier","floor":19},{"not_picked":["Defragment","Stack+1"],"picked":"Streamline","floor":21},{"not_picked":["Go for the Eyes","Ball Lightning"],"picked":"Reboot","floor":24},{"not_picked":["Gash","Aggregate"],"picked":"Cold Snap","floor":29},{"not_picked":["Stack","Gash+1","Coolheaded+1"],"picked":"SKIP","floor":30}],"player_experience":102750,"relics_obtained":[{"floor":6,"key":"Potion Belt"},{"floor":8,"key":"Oddly Smooth Stone"},{"floor":9,"key":"PreservedInsect"},{"floor":26,"key":"Pen Nib"}],"event_choices":[{"damage_healed":0,"gold_gain":63,"player_choice":"Gained Gold","damage_taken":0,"max_hp_gain":0,"max_hp_loss":0,"event_name":"Golden Wing","floor":3,"gold_loss":0},{"damage_healed":0,"gold_gain":0,"player_choice":"Leave","damage_taken":0,"max_hp_gain":0,"max_hp_loss":0,"event_name":"The Cleric","floor":5,"gold_loss":0},{"damage_healed":0,"gold_gain":0,"player_choice":"Take Damage","damage_taken":18,"relics_obtained":["Golden Idol"],"max_hp_gain":0,"max_hp_loss":0,"event_name":"Golden Idol","floor":12,"gold_loss":0},{"damage_healed":0,"gold_gain":100,"player_choice":"Pray","damage_taken":0,"max_hp_gain":0,"max_hp_loss":0,"event_name":"Golden Shrine","floor":20,"gold_loss":0},{"damage_healed":0,"gold_gain":0,"cards_transformed":["Defend_B","Defend_B"],"player_choice":"Became Test Subject","damage_taken":0,"max_hp_gain":0,"max_hp_loss":0,"event_name":"Drug Dealer","floor":22,"gold_loss":0,"cards_obtained":["Rip and Tear","Self Repair"]},{"damage_healed":0,"gold_gain":0,"player_choice":"Read","damage_taken":0,"max_hp_gain":0,"max_hp_loss":0,"event_name":"The Library","floor":27,"gold_loss":0,"cards_obtained":["FTL"]},{"damage_healed":0,"gold_gain":0,"player_choice":"Gave Idol","damage_taken":0,"relics_obtained":["Bloody Idol"],"max_hp_gain":0,"max_hp_loss":0,"event_name":"Forgotten Altar","floor":31,"relics_lost":["Golden Idol"],"gold_loss":0}],"is_beta":false,"boss_relics":[{"not_picked":["Coffee Dripper","SacredBark"],"picked":"Philosopher\u0027s Stone"}],"items_purged_floors":[],"is_endless":false,"potions_floor_spawned":[2,6,16,21,30],"killed_by":"Collector","ascension_level":0}}