{"host":"y7b1p9nkx4idorr2","time":1609324965,"event":{"mods":["AchievementEnabler","Act Like it!","Aspiration","Bard","BaseMod","Beaked The Cultist","Better Altar","Better Match","Better Note","Better Sensory Stone","Better Skull","Better Third Choice","BetterRewards","CCEM","Colored Map","Conspire","Downfall","GifTheSpireLib","Googly Eyes","Halation","Hallownest","Hermit","Highlight Path","Hubris","Hunter ??","Infinite Spire","Jedi Mod","Jorbs\u0027s Wanderer Trilogy","Mad Scientist","Marisa????????","Mimic Mod","Minty Spire (QoL Compilation)","Permanent Neow","Replay The Spire","Shade Mod","Shop Mod","Spicy Shops","StSLib","Stuff the Spire","The Administrix","The Blackbeard","The Bug Knight","The Construct","The Cursed","The Disciple","The Gatherer","The Hierophant","The Jungle","The Mystic","The Necromancer","The Problem Sleuth","The Runesmith","The Servant 0.9.4","The Spell Scribe","The Witch","Unceasing Turn Reminder"],"gold_per_floor":[114,114,114,114,66,66,92,117,165,204,224,254,274,303,303,303,303],"floor_reached":16,"playtime":879,"items_purged":[],"score":283,"play_id":"1c4240c7-a36a-47dd-919f-ed0a1f8b2aab","local_time":"20201230044245","is_ascension_mode":true,"campfire_choices":[{"data":"Double Energy","floor":6,"key":"SMITH"},{"floor":15,"key":"REST"}],"circlet_count":0,"master_deck":["AscendersBane","Strike_B","Strike_B","Strike_B","Strike_B","Zap","Dualcast","Double Energy+1","expansioncontent:Torchfire+1","ReplayRNGCard+1","Sweeping Beam+1","Hallownest:skillSlugHide","Hallownest:skillSlugHide","Hallownest:skillSlugHide","Hallownest:skillSlugHide","Hallownest:skillSlugHide","Ball Lightning","Crystallizer","jedi:markofdeath","Redo"],"relics":["Cracked Core","NeowsBlessing","halation:PromiseList","Solar Panel","CeramicFish","HollowMod:LifeEnderRelic","ReplayFunnel"],"acts_visited":["Hallownest:Greenpath"],"potions_floor_usage":[16],"damage_taken":[{"damage":0,"enemies":"Hallownest:2_Tiktiks_and_1_Crawlid","floor":1,"turns":1},{"damage":0,"enemies":"Hallownest:eliteMossKnight","floor":8,"turns":1},{"damage":0,"enemies":"Hallownest:eliteCrystalGuardian","floor":10,"turns":1},{"damage":5,"enemies":"Hallownest:monsterHuskWarrior","floor":11,"turns":3},{"damage":39,"enemies":"Hallownest:eliteMossKnight","floor":12,"turns":8},{"damage":6,"enemies":"Hallownest:monsterHuskGuard","floor":13,"turns":3},{"damage":15,"enemies":"Hallownest:Guard_and_Warrior","floor":14,"turns":6},{"damage":40,"enemies":"Hallownest:BossBrokenVessel","floor":16,"turns":6}],"seed_played":"-8290447085215170233","potions_obtained":[{"floor":1,"key":"BlessingOfTheForge"},{"floor":8,"key":"DuplicationPotion"}],"is_trial":false,"path_per_floor":["M","?","?","?","$","R","T","E","T","E","M","E","M","M","R","B"],"character_chosen":"DEFECT","items_purchased":["Ball Lightning"],"campfire_rested":1,"item_purchase_floors":[5],"current_hp_per_floor":[68,68,68,68,68,68,68,68,68,70,67,32,26,11,33,0,0],"gold":303,"neow_bonus":"THREE_ENEMY_KILL","is_daily":false,"chose_seed":false,"campfire_upgraded":1,"win_rate":0.0,"timestamp":1609324965,"path_taken":["M","?","?","?","?","R","?","E","T","E","M","E","M","?","R","BOSS"],"items_purchased_type":["Card"],"build_version":"2020-12-22","purchased_purges":0,"victory":false,"max_hp_per_floor":[75,75,75,75,75,75,75,75,75,75,75,75,75,75,75,75,75],"card_choices":[{"not_picked":["StuffTheSpire:Plugnplay","Turbo"],"picked":"Double Energy","floor":1},{"not_picked":["expansioncontent:SuperHexaguard+1","StuffTheSpire:PlasmaPunch+1"],"picked":"expansioncontent:Torchfire+1","floor":2},{"not_picked":["Seek+1","Machine Learning+1"],"picked":"ReplayRNGCard+1","floor":2},{"not_picked":["jedi:BurstLightning+1","Panic Button+1"],"picked":"Sweeping Beam+1","floor":2},{"not_picked":["Reinforced Body","jedi:BurstLightning","StuffTheSpire:NuclearReactor"],"picked":"SKIP","floor":8},{"not_picked":["StuffTheSpire:LoadUp","StuffTheSpire:EventHorizon"],"picked":"Crystallizer","floor":10},{"not_picked":["StuffTheSpire:Plugnplay","Turbo","Leap"],"picked":"SKIP","floor":11},{"not_picked":["jedi:locknload","Barrage","jedi:BurstLightning"],"picked":"SKIP","floor":12},{"not_picked":["Rebound","Undo"],"picked":"jedi:markofdeath","floor":13},{"not_picked":["jedi:blockon","Ball Lightning"],"picked":"Redo","floor":14}],"player_experience":2195650,"relics_obtained":[{"floor":7,"key":"halation:PromiseList"},{"floor":8,"key":"Solar Panel"},{"floor":9,"key":"CeramicFish"},{"floor":10,"key":"HollowMod:LifeEnderRelic"},{"floor":12,"key":"ReplayFunnel"}],"event_choices":[{"damage_healed":0,"gold_gain":0,"player_choice":"2","damage_taken":0,"max_hp_gain":0,"max_hp_loss":0,"event_name":"betterMatch:BetterMatch","floor":2,"gold_loss":0,"cards_obtained":["betterMatch:ColorlessUncommonCard","betterMatch:RareCard","betterMatch:CommonCard"]},{"damage_healed":0,"gold_gain":0,"player_choice":"Leave","damage_taken":0,"max_hp_gain":0,"max_hp_loss":0,"event_name":"conspire:Investor","floor":3,"gold_loss":0}],"is_beta":false,"boss_relics":[],"items_purged_floors":[],"is_endless":false,"potions_floor_spawned":[1,8,11],"killed_by":"Hallownest:BossBrokenVessel","ascension_level":13}}