{"host":"1v94wza6sq30pv3l","time":1609289181,"event":{"mods":["AchievementEnabler","BaseMod","Highlight Path","Minty Spire (QoL Compilation)"],"gold_per_floor":[111,111,123,123,123,162,162,202,202,216,216,239,239,308,308,436,436,451,451,123,142,142,176,176,191,191,215,215,239,239,258,258,384,384,405,405,424,132,132,172,172,190,190,210,210,224,287,330,330,330,330],"floor_reached":50,"playtime":3189,"items_purged":["Strike_G","Strike_G"],"score":583,"play_id":"9aa8d933-4aa7-43af-90a6-6a64c4bcb891","local_time":"20201229194621","is_ascension_mode":true,"campfire_choices":[{"data":"Survivor","floor":7.0,"key":"SMITH"},{"floor":11.0,"key":"REST"},{"data":"Backstab","floor":13.0,"key":"SMITH"},{"floor":15.0,"key":"REST"},{"floor":24.0,"key":"REST"},{"floor":28.0,"key":"REST"},{"data":"Phantasmal Killer","floor":30.0,"key":"SMITH"},{"data":"Underhanded Strike","floor":32.0,"key":"SMITH"},{"data":"Catalyst","floor":41,"key":"SMITH"},{"floor":45,"key":"REST"},{"floor":49,"key":"REST"}],"circlet_count":0,"master_deck":["Strike_G","Strike_G","Strike_G","Defend_G","Defend_G","Defend_G","Defend_G","Survivor+1","Neutralize","Backstab+1","Sucker Punch","PiercingWail","Underhanded Strike+1","Deadly Poison","Die Die Die","Phantasmal Killer+1","Escape Plan","Backflip","Dagger Throw","Leg Sweep","Catalyst+1","Acrobatics","Bane+1","Noxious Fumes+1","Deadly Poison","Quick Slash+1","Finisher+1"],"relics":["Ring of the Serpent","NeowsBlessing","Golden Idol","Matryoshka","Pen Nib","MealTicket","Nunchaku","Enchiridion","Mummified Hand","Vajra","Regal Pillow","Busted Crown","Bag of Preparation","Sundial","Gremlin Horn","Peace Pipe","Art of War"],"acts_visited":["Exordium","TheCity","TheBeyond"],"potions_floor_usage":[40,50],"damage_taken":[{"damage":0.0,"enemies":"Small Slimes","floor":1.0,"turns":1.0},{"damage":0.0,"enemies":"Cultist","floor":3.0,"turns":1.0},{"damage":0.0,"enemies":"Lagavulin","floor":6.0,"turns":1.0},{"damage":19.0,"enemies":"3 Sentries","floor":8.0,"turns":10.0},{"damage":0.0,"enemies":"2 Louse","floor":10.0,"turns":1.0},{"damage":0.0,"enemies":"Looter","floor":12.0,"turns":2.0},{"damage":16.0,"enemies":"Hexaghost","floor":16.0,"turns":11.0},{"damage":11.0,"enemies":"3 Byrds","floor":18.0,"turns":5.0},{"damage":0.0,"enemies":"Spheric Guardian","floor":21.0,"turns":3.0},{"damage":26.0,"enemies":"Book of Stabbing","floor":23.0,"turns":5.0},{"damage":1.0,"enemies":"Snecko","floor":25.0,"turns":3.0},{"damage":8.0,"enemies":"Centurion and Healer","floor":27.0,"turns":4.0},{"damage":3.0,"enemies":"Shelled Parasite and Fungi","floor":29.0,"turns":4.0},{"damage":2.0,"enemies":"3 Cultists","floor":31.0,"turns":4.0},{"damage":58.0,"enemies":"Automaton","floor":33.0,"turns":7.0},{"damage":0,"enemies":"Orb Walker","floor":35,"turns":3},{"damage":1,"enemies":"3 Darklings","floor":37,"turns":2},{"damage":21,"enemies":"Reptomancer","floor":40,"turns":5},{"damage":16,"enemies":"4 Shapes","floor":42,"turns":3},{"damage":14,"enemies":"Sphere and 2 Shapes","floor":44,"turns":4},{"damage":9,"enemies":"Transient","floor":46,"turns":5},{"damage":8,"enemies":"Mind Bloom Boss Battle","floor":47,"turns":3},{"damage":31,"enemies":"Giant Head","floor":48,"turns":7},{"damage":44,"enemies":"Donu and Deca","floor":50,"turns":4}],"seed_played":"3532378778129287586","potions_obtained":[{"floor":3.0,"key":"DuplicationPotion"},{"floor":6.0,"key":"Swift Potion"},{"floor":12.0,"key":"ColorlessPotion"},{"floor":23.0,"key":"GamblersBrew"},{"floor":27.0,"key":"SteroidPotion"},{"floor":35,"key":"AttackPotion"},{"floor":42,"key":"LiquidBronze"},{"floor":48,"key":"SmokeBomb"}],"is_trial":false,"path_per_floor":["M","?","M","?","?","E","R","E","T","M","R","M","R","?","R","B",null,"M","?","$","M","?","E","R","M","T","M","R","M","R","M","R","B",null,"M","?","M","$","?","E","R","M","T","M","R","M","?","E","R","B"],"character_chosen":"THE_SILENT","items_purchased":["Mummified Hand","Noxious Fumes","Bag of Preparation"],"campfire_rested":6,"item_purchase_floors":[20,38,38],"current_hp_per_floor":[70,70,70,70,53,53,53,34,34,34,55,55,55,55,70,54,70,59,43,58,58,51,25,46,45,45,37,70,67,67,65,65,7,70,70,70,69,70,70,49,49,33,33,19,55,46,38,7,43,0,0],"gold":330,"neow_bonus":"THREE_ENEMY_KILL","is_daily":false,"chose_seed":false,"campfire_upgraded":5,"win_rate":0.0,"timestamp":1609289181,"path_taken":["M","?","?","?","?","E","R","E","T","M","R","M","R","?","R","BOSS","M","?","$","M","?","E","R","?","T","M","R","M","R","M","R","BOSS","M","?","M","$","?","E","R","M","T","M","R","?","?","E","R","BOSS"],"items_purchased_type":["Relic","Card","Relic"],"build_version":"2020-12-22","purchased_purges":2,"victory":false,"max_hp_per_floor":[70,70,70,70,70,70,70,70,70,70,70,70,70,70,70,70,70,70,70,70,70,70,70,70,70,70,70,70,70,70,70,70,70,70,70,70,70,70,70,70,70,70,70,70,70,70,70,70,70,70,70],"card_choices":[{"not_picked":["Acrobatics","Outmaneuver"],"picked":"Backstab","floor":1.0},{"not_picked":["Escape Plan","Flechettes"],"picked":"Sucker Punch","floor":3.0},{"not_picked":["Catalyst","Corpse Explosion"],"picked":"PiercingWail","floor":6.0},{"not_picked":["Riddle With Holes","Dagger Throw"],"picked":"Underhanded Strike","floor":8.0},{"not_picked":["Reflex","PiercingWail"],"picked":"Deadly Poison","floor":10.0},{"not_picked":["Masterful Stab","Prepared"],"picked":"Die Die Die","floor":12.0},{"not_picked":["Doppelganger","Venomology"],"picked":"Phantasmal Killer","floor":16.0},{"not_picked":["Choke","Slice+1"],"picked":"Escape Plan","floor":18.0},{"not_picked":["Riddle With Holes","Blade Dance"],"picked":"Infinite Blades+1","floor":21.0},{"not_picked":["Dagger Spray","Acrobatics"],"picked":"Backflip","floor":23.0},{"not_picked":["Malaise","Underhanded Strike"],"picked":"Dagger Throw","floor":25.0},{"not_picked":["Bane","Bouncing Flask"],"picked":"Leg Sweep","floor":27.0},{"not_picked":["Riddle With Holes","Dagger Throw"],"picked":"Catalyst","floor":29.0},{"not_picked":["Deflect+1","Riddle With Holes"],"picked":"Acrobatics","floor":31.0},{"not_picked":[],"picked":"Bane+1","floor":35},{"not_picked":["Choke+1"],"picked":"SKIP","floor":37},{"not_picked":[],"picked":"Deadly Poison","floor":40},{"not_picked":["Underhanded Strike"],"picked":"SKIP","floor":42},{"not_picked":["Predator"],"picked":"SKIP","floor":44},{"not_picked":[],"picked":"Quick Slash+1","floor":46},{"not_picked":[],"picked":"Finisher+1","floor":47},{"not_picked":["Acrobatics+1"],"picked":"SKIP","floor":48}],"player_experience":71726,"relics_obtained":[{"floor":6.0,"key":"Matryoshka"},{"floor":8.0,"key":"Pen Nib"},{"floor":9.0,"key":"MealTicket"},{"floor":9.0,"key":"Nunchaku"},{"floor":19.0,"key":"Enchiridion"},{"floor":23.0,"key":"Vajra"},{"floor":26.0,"key":"Regal Pillow"},{"floor":40,"key":"Sundial"},{"floor":43,"key":"Gremlin Horn"},{"floor":47,"key":"Peace Pipe"},{"floor":48,"key":"Art of War"}],"event_choices":[{"cards_removed":["Defend_G"],"damage_healed":0.0,"max_hp_gain":0.0,"max_hp_loss":0.0,"gold_gain":0.0,"event_name":"Purifier","player_choice":"Purged","floor":2.0,"gold_loss":0.0,"damage_taken":0.0},{"damage_healed":0.0,"max_hp_gain":0.0,"max_hp_loss":0.0,"gold_gain":0.0,"event_name":"Liars Game","player_choice":"Ignored","floor":4.0,"gold_loss":0.0,"damage_taken":0.0},{"damage_healed":0.0,"max_hp_gain":0.0,"max_hp_loss":0.0,"gold_gain":0.0,"event_name":"Golden Idol","player_choice":"Take Damage","floor":5.0,"gold_loss":0.0,"damage_taken":17.0,"relics_obtained":["Golden Idol"]},{"damage_healed":0.0,"max_hp_gain":0.0,"max_hp_loss":0.0,"gold_gain":69.0,"event_name":"Golden Wing","player_choice":"Gained Gold","floor":14.0,"gold_loss":0.0,"damage_taken":0.0},{"damage_healed":0.0,"max_hp_gain":0.0,"max_hp_loss":0.0,"gold_gain":0.0,"event_name":"Cursed Tome","player_choice":"Obtained Book","floor":19.0,"gold_loss":0.0,"damage_taken":16.0},{"damage_healed":0.0,"max_hp_gain":0.0,"max_hp_loss":0.0,"gold_gain":0.0,"event_name":"Wheel of Change","player_choice":"Damaged","floor":22.0,"gold_loss":0.0,"damage_taken":7.0},{"cards_removed":["Infinite Blades"],"damage_healed":0,"gold_gain":0,"player_choice":"Removed Power","damage_taken":0,"max_hp_gain":0,"max_hp_loss":0,"event_name":"Falling","floor":36,"gold_loss":0},{"damage_healed":0,"gold_gain":0,"player_choice":"Forge","damage_taken":0,"max_hp_gain":0,"max_hp_loss":0,"event_name":"Accursed Blacksmith","floor":39,"gold_loss":0,"cards_upgraded":["Noxious Fumes"]},{"damage_healed":0,"gold_gain":0,"player_choice":"Fight","damage_taken":0,"max_hp_gain":0,"max_hp_loss":0,"event_name":"MindBloom","floor":47,"gold_loss":0}],"is_beta":false,"boss_relics":[{"not_picked":["Fusion Hammer","Black Star"],"picked":"Ring of the Serpent"},{"not_picked":["Sozu","Coffee Dripper"],"picked":"Busted Crown"}],"items_purged_floors":[20,38],"is_endless":false,"potions_floor_spawned":[3,6,12,23,27,35,42,48],"killed_by":"Donu and Deca","ascension_level":1}}