{"host":"a1u4jo6xlg3w0wsm","time":1609323747,"event":{"mods":["BaseMod","Better Third Choice","DeckTracker","Downfall","Hermit","Hubris","Minty Spire (QoL Compilation)","Rare Cards Sparkle","Replay The Spire","StSLib"],"gold_per_floor":[114,57,75,91,106,134,134,163,189,189,216,234,268,14,14,115,115,129,140,140,140,140,172,6,32,112,142,142,142,176,229,229,325,325,336,169,169,169,91,91,91,125,125,144,24,53,64,91,91,91,91,91,15,50,50],"floor_reached":56,"playtime":4453,"items_purged":["hermit:Strike_Hermit"],"score":1429,"play_id":"83d9f249-444d-4d8d-80ca-49763e0e4309","local_time":"20201230232227","is_ascension_mode":true,"campfire_choices":[{"floor":7,"key":"REST"},{"floor":10,"key":"REST"},{"data":"hermit:ShadowCloak","floor":15,"key":"SMITH"},{"floor":28,"key":"REST"},{"floor":32,"key":"REST"},{"floor":40,"key":"RECALL"},{"data":"hermit:TakeAim","floor":49,"key":"SMITH"},{"data":"hermit:ShadowCloak","floor":52,"key":"SMITH"}],"circlet_count":0,"master_deck":["hermit:Strike_Hermit+1","hermit:Strike_Hermit+1","hermit:Strike_Hermit","hermit:Defend_Hermit","hermit:Defend_Hermit","hermit:Defend_Hermit+1","hermit:Defend_Hermit","hermit:Snapshot","hermit:Covet","hermit:FlashPowder","hermit:Combo+1","hermit:Ricochet","hermit:FullyLoaded","hermit:Desperado","hermit:EyeOfTheStorm","hermit:TakeAim+1","hermit:EyeOfTheStorm","hermit:CursedWeapon","hermit:ShadowCloak+1","Clumsy","hermit:Spite","hermit:Adapt+1","hermit:Misfire+1","hermit:TrackingShot","Blade Dance","hermit:Gestalt+1","hermit:Snipe+1","ReplayTheSpireMod:Faulty Equipment","hermit:Grudge+1","ReplayTheSpireMod:IOU","CurseOfTheBell","hermit:Determination+1","hermit:ShadowCloak+1","Good Instincts","hermit:Determination+1","Regret","Sickly","hermit:Malice+1","hermit:SprayPray+1","hermit:Enervate+1","hermit:TrackingShot+1","hermit:EyeOfTheStorm"],"relics":["hermit:Momento","Gremlin Food","Replay:Rubber Ducky","ReplayFunnel","Strawberry","hubris:GlazedTorus","ReplayTheSpireMod:CursedCoin","Snack Pack","Cursed Key","hubris:Towel","MutagenicStrength","Shuriken","Membership Card","Du-Vu Doll","Mummified Hand","Molten Egg 2","Bag of Preparation","PreservedInsect","Calling Bell","Tiny Chest","Darkstone Periapt","Mango","hubris:TinFlute","Replay:Bottled Eggs","Durian","Bottled Lightning","Garlic","Pen Nib","ReplayTheSpireMod:TigerMarble","Lantern"],"acts_visited":[],"potions_floor_usage":[5,5,6,13,13,16,23,25,25,33,55,55],"damage_taken":[{"damage":0,"enemies":"Cultist","floor":1,"turns":3},{"damage":14,"enemies":"2 Louse","floor":3,"turns":3},{"damage":1,"enemies":"Small Slimes","floor":4,"turns":3},{"damage":0,"enemies":"Looter","floor":5,"turns":2},{"damage":20,"enemies":"3 Sentries","floor":6,"turns":8},{"damage":14,"enemies":"Gremlin Nob","floor":8,"turns":4},{"damage":8,"enemies":"3 Sentries","floor":11,"turns":6},{"damage":0,"enemies":"2 Fungi Beasts","floor":12,"turns":4},{"damage":0,"enemies":"Gremlin Nob","floor":13,"turns":5},{"damage":32,"enemies":"Hexaghost","floor":16,"turns":9},{"damage":2,"enemies":"Spheric Guardian","floor":18,"turns":4},{"damage":4,"enemies":"Chosen","floor":19,"turns":3},{"damage":22,"enemies":"Gremlin Leader","floor":23,"turns":7},{"damage":27,"enemies":"Slavers","floor":25,"turns":6},{"damage":19,"enemies":"Book of Stabbing","floor":27,"turns":4},{"damage":17,"enemies":"Gremlin Leader","floor":30,"turns":4},{"damage":44,"enemies":"Pondfish","floor":33,"turns":15},{"damage":4,"enemies":"Orb Walker","floor":35,"turns":3},{"damage":6,"enemies":"R_Hoarder","floor":42,"turns":3},{"damage":0,"enemies":"3 Shapes","floor":44,"turns":2},{"damage":2,"enemies":"Reptomancer","floor":46,"turns":2},{"damage":0,"enemies":"Spire Growth","floor":47,"turns":2},{"damage":6,"enemies":"R_Hoarder","floor":48,"turns":3},{"damage":15,"enemies":"Replay:Hell Engine","floor":50,"turns":8},{"damage":31,"enemies":"Shield and Spear","floor":54,"turns":4},{"damage":88,"enemies":"The Heart","floor":55,"turns":7}],"seed_played":"-1568165450235257276","potions_obtained":[{"floor":0,"key":"SteroidPotion"},{"floor":0,"key":"Fire Potion"},{"floor":0,"key":"SkillPotion"},{"floor":1,"key":"AttackPotion"},{"floor":11,"key":"Block Potion"},{"floor":12,"key":"Weak Potion"},{"floor":13,"key":"DuplicationPotion"},{"floor":16,"key":"Dexterity Potion"},{"floor":19,"key":"GamblersBrew"},{"floor":23,"key":"Weak Potion"},{"floor":25,"key":"BlessingOfTheForge"},{"floor":30,"key":"Dexterity Potion"},{"floor":33,"key":"Energy Potion"},{"floor":35,"key":"SpeedPotion"},{"floor":46,"key":"AttackPotion"}],"is_trial":false,"path_per_floor":["M","$","M","M","M","E","R","E","T","R","E","M","E","$","R","B",null,"M","M","?","?","?","E","$","E","T","E","R","?","E","T","R","B",null,"M","$","?","?","$","R","T","E","T","M","$","E","M","E","R","B",null,"R","$","E","B",null],"character_chosen":"HERMIT","items_purchased":["hermit:Combo+1","hermit:ShadowCloak","ReplayTheSpireMod:CursedCoin","hermit:Spite","Snack Pack","Membership Card","hermit:Snipe+1","hermit:ShadowCloak","hubris:TinFlute","hermit:Determination","Bottled Lightning","ReplayTheSpireMod:TigerMarble"],"campfire_rested":4,"item_purchase_floors":[2,14,14,14,14,24,24,36,36,39,45,53],"current_hp_per_floor":[75,75,61,60,60,40,62,48,48,70,69,69,69,69,69,43,82,82,82,82,82,82,68,68,47,47,34,58,58,47,47,71,43,96,92,92,92,92,92,92,98,94,105,105,105,105,109,107,107,98,113,113,113,84,4],"gold":50,"neow_bonus":"THREE_SMALL_POTIONS","is_daily":false,"chose_seed":false,"campfire_upgraded":3,"win_rate":0.0,"timestamp":1609323747,"path_taken":["M","$","?","M","?","E","R","E","T","R","E","M","E","?","R","BOSS","M","M","?","?","?","E","$","E","T","E","R","?","E","?","R","BOSS","M","?","?","?","$","R","?","E","T","M","$","E","M","E","R","BOSS","R","$","E","BOSS"],"items_purchased_type":["Card","Card","Relic","Card","Relic","Relic","Card","Card","Relic","Card","Relic","Relic"],"build_version":"2020-12-13","purchased_purges":1,"victory":true,"max_hp_per_floor":[75,75,75,75,75,75,75,75,75,75,82,82,82,82,82,82,82,82,82,82,82,82,82,82,82,82,82,82,82,82,82,82,82,96,96,96,96,96,96,96,102,102,113,113,113,113,113,113,113,113,113,113,113,113,113],"card_choices":[{"not_picked":["hermit:Vantage","hermit:Ricochet"],"picked":"hermit:FlashPowder","floor":1},{"not_picked":["hermit:BodyArmor","hermit:HighCaliber"],"picked":"hermit:Ricochet","floor":3},{"not_picked":["hermit:TrackingShot","hermit:Snipe"],"picked":"hermit:FullyLoaded","floor":4},{"not_picked":["hermit:Manifest","hermit:Misfire"],"picked":"hermit:Desperado","floor":5},{"not_picked":["hermit:Coalescence","hermit:Horror","hermit:LoneWolf"],"picked":"SKIP","floor":6},{"not_picked":["hermit:EternalForm","hermit:Glare"],"picked":"hermit:EyeOfTheStorm","floor":8},{"not_picked":["hermit:Roulette","hermit:PistolWhip"],"picked":"hermit:TakeAim","floor":11},{"not_picked":["hermit:SprayPray","hermit:Spite"],"picked":"hermit:EyeOfTheStorm","floor":12},{"not_picked":["hermit:Glare","hermit:Roulette"],"picked":"hermit:CursedWeapon","floor":13},{"not_picked":["hermit:FromBeyond","hermit:DeadOrAlive"],"picked":"hermit:Adapt","floor":16},{"not_picked":["hermit:Ricochet+1","hermit:WideOpen"],"picked":"hermit:Misfire+1","floor":18},{"not_picked":["hermit:Shortfuse","hermit:Roulette"],"picked":"hermit:TrackingShot","floor":19},{"not_picked":["hermit:Snipe","hermit:OverwhelmingPower"],"picked":"hermit:Gestalt+1","floor":23},{"not_picked":["hermit:Desperado+1","hermit:Misfire+1"],"picked":"hermit:CalledShot","floor":25},{"not_picked":["hermit:TrackingShot+1","hermit:Ricochet+1"],"picked":"hermit:Grudge+1","floor":27},{"not_picked":["hermit:Glare","hermit:CursedWeapon+1","hermit:GoldenBullet+1"],"picked":"SKIP","floor":30},{"not_picked":["hermit:Desperado+1","hermit:SprayPray+1"],"picked":"hermit:Determination","floor":35},{"not_picked":["expansioncontent:Hexaburn+1","Poisoned Strike+1"],"picked":"Good Instincts","floor":37},{"not_picked":["hermit:LoneWolf","hermit:ItchyTrigger+1","hermit:Scavenge+1"],"picked":"SKIP","floor":42},{"not_picked":["hermit:Glare","hermit:NoHoldsBarred+1"],"picked":"hermit:Malice+1","floor":44},{"not_picked":["hermit:Gambit","hermit:Headshot+1"],"picked":"hermit:SprayPray+1","floor":46},{"not_picked":["hermit:SprayPray+1","hermit:Grudge+1"],"picked":"hermit:Enervate+1","floor":47},{"not_picked":["hermit:Feint","hermit:HighCaliber+1"],"picked":"hermit:TrackingShot+1","floor":48},{"not_picked":["hermit:PistolWhip+1","hermit:LoneWolf+1"],"picked":"hermit:EyeOfTheStorm","floor":54}],"player_experience":238241,"relics_obtained":[{"floor":6,"key":"Gremlin Food"},{"floor":8,"key":"Replay:Rubber Ducky"},{"floor":9,"key":"ReplayFunnel"},{"floor":11,"key":"Strawberry"},{"floor":13,"key":"hubris:GlazedTorus"},{"floor":23,"key":"Shuriken"},{"floor":25,"key":"Du-Vu Doll"},{"floor":26,"key":"Mummified Hand"},{"floor":27,"key":"Molten Egg 2"},{"floor":30,"key":"Bag of Preparation"},{"floor":31,"key":"PreservedInsect"},{"floor":34,"key":"Tiny Chest"},{"floor":34,"key":"Darkstone Periapt"},{"floor":34,"key":"Mango"},{"floor":42,"key":"Replay:Bottled Eggs"},{"floor":43,"key":"Durian"},{"floor":46,"key":"Garlic"},{"floor":48,"key":"Pen Nib"},{"floor":54,"key":"Lantern"}],"event_choices":[{"damage_healed":0,"gold_gain":0,"player_choice":"Read","damage_taken":0,"max_hp_gain":0,"max_hp_loss":0,"event_name":"The Library","floor":21,"gold_loss":0,"cards_obtained":["Blade Dance"]},{"damage_healed":0,"gold_gain":0,"player_choice":"Inject Mutagens","damage_taken":0,"relics_obtained":["MutagenicStrength"],"max_hp_gain":0,"max_hp_loss":0,"event_name":"Drug Dealer","floor":22,"gold_loss":0},{"damage_healed":0,"gold_gain":0,"player_choice":"Ignored","damage_taken":0,"max_hp_gain":0,"max_hp_loss":0,"event_name":"Ghosts","floor":29,"gold_loss":0},{"damage_healed":0,"gold_gain":0,"player_choice":"Memory 1","damage_taken":0,"max_hp_gain":0,"max_hp_loss":0,"event_name":"SensoryStone","floor":37,"gold_loss":0},{"cards_removed":["hermit:CalledShot"],"damage_healed":0,"gold_gain":0,"player_choice":"Removed Attack","damage_taken":0,"max_hp_gain":0,"max_hp_loss":0,"event_name":"Falling","floor":38,"gold_loss":0}],"is_beta":false,"boss_relics":[{"not_picked":["hubris:CrackedHourglass","hubris:VirtuousBlindfold"],"picked":"Cursed Key"},{"not_picked":["Ring of Chaos","hermit:ClaspedLocket"],"picked":"Calling Bell"}],"items_purged_floors":[39],"is_endless":false,"potions_floor_spawned":[1,4,11,12,13,16,19,23,25,30,33,35,46],"ascension_level":1}}