{"host":"er8s5flrc5z1a07t","time":1609286655,"event":{"mods":["2.2 Compatiblity","Act Like it!","Bard","BaseMod","Better Note","Better Third Choice","Downfall","Duelist Mod","Elementarium","Energized Spire","GifTheSpireLib","Hermit","Hubris","Infinite Spire","Minty Spire (QoL Compilation)","Relic Stats","Replay The Spire","Shop Mod","StSLib","Stuff the Spire","Synergy Search","The Cursed","The Disciple","The Mystic"],"gold_per_floor":[115,115,128,140,140,140,140,140,140,173,173,110,142,10,10,10,10],"floor_reached":16,"playtime":605,"items_purged":["Strike_B"],"score":207,"play_id":"29813981-a817-4118-80ed-1c4d3872f3f3","local_time":"20201229190415","is_ascension_mode":true,"campfire_choices":[{"data":"Hyperbeam","floor":6,"key":"SMITH"},{"data":"Cold Snap","floor":8,"key":"SMITH"},{"floor":11,"key":"REST"}],"circlet_count":0,"master_deck":["AscendersBane","Strike_B","Strike_B","Defend_B","Defend_B","Defend_B","Defend_B","Zap","Dualcast","Hyperbeam+1","Coolheaded+1","FIFO Queue","Cold Snap+1","StuffTheSpire:Coldhearted","Rainbow","Steam"],"relics":["Cracked Core","Pen Nib","TungstenRod","Happy Flower","betterThird:SlimedRelic","hubris:BallOfYels"],"acts_visited":["Exordium"],"potions_floor_usage":[16,16],"damage_taken":[{"damage":0,"enemies":"2 Louse","floor":1,"turns":1},{"damage":0,"enemies":"Cultist","floor":3,"turns":4},{"damage":7,"enemies":"Jaw Worm","floor":4,"turns":4},{"damage":28,"enemies":"Gremlin Nob","floor":10,"turns":4},{"damage":19,"enemies":"3 Sentries","floor":13,"turns":20},{"damage":45,"enemies":"Slime Boss","floor":16,"turns":7}],"seed_played":"9190471758967115145","potions_obtained":[{"floor":1,"key":"Dexterity Potion"},{"floor":10,"key":"Weak Potion"}],"is_trial":false,"path_per_floor":["M","?","M","M","$","R","?","R","T","E","R","?","E","$","R","B"],"character_chosen":"DEFECT","items_purchased":["Steam"],"campfire_rested":1,"item_purchase_floors":[14],"current_hp_per_floor":[64,64,64,57,57,57,57,57,57,29,50,40,21,21,42,0,0],"gold":10,"neow_bonus":"ONE_RANDOM_RARE_CARD","is_daily":false,"chose_seed":false,"campfire_upgraded":2,"win_rate":0.0,"timestamp":1609286655,"path_taken":["M","?","M","?","?","R","?","R","T","E","R","?","E","$","R","BOSS"],"items_purchased_type":["Card"],"build_version":"2020-12-22","purchased_purges":1,"victory":false,"max_hp_per_floor":[71,71,71,71,71,71,71,71,71,71,71,71,71,71,71,71,71],"relic_stats":{"Happy Flower":[9],"counters":[6,40],"Pen Nib":[2],"obtain_stats":[{"hubris:BallOfYels":13,"Happy Flower":10,"betterThird:SlimedRelic":12,"Pen Nib":7,"Cracked Core":0,"TungstenRod":9},{"hubris:BallOfYels":5,"Happy Flower":4,"betterThird:SlimedRelic":4,"Pen Nib":3,"Cracked Core":0,"TungstenRod":3},{"hubris:BallOfYels":33,"Happy Flower":13,"betterThird:SlimedRelic":13,"Pen Nib":9,"Cracked Core":0,"TungstenRod":9}],"TungstenRod":9},"card_choices":[{"not_picked":["Conserve Battery","ReplaySort"],"picked":"Coolheaded","floor":1},{"not_picked":["Storm","Gash","StuffTheSpire:LoadUp"],"picked":"SKIP","floor":3},{"not_picked":["Storm","Gash","StuffTheSpire:LoadUp"],"picked":"SKIP","floor":3},{"not_picked":["Chaos","Streamline"],"picked":"Cold Snap","floor":4},{"not_picked":["Panic Button","StuffTheSpire:Rend"],"picked":"StuffTheSpire:Coldhearted","floor":10},{"not_picked":["Sweeping Beam","Barrage"],"picked":"Rainbow","floor":13}],"player_experience":1181559,"relics_obtained":[{"floor":7,"key":"Pen Nib"},{"floor":9,"key":"TungstenRod"},{"floor":10,"key":"Happy Flower"},{"floor":13,"key":"hubris:BallOfYels"}],"event_choices":[{"damage_healed":0,"gold_gain":0,"cards_transformed":["Strike_B"],"player_choice":"Transformed","damage_taken":0,"max_hp_gain":0,"max_hp_loss":0,"event_name":"Transmorgrifier","floor":2,"gold_loss":0,"cards_obtained":["FIFO Queue"]},{"damage_healed":0,"gold_gain":0,"player_choice":"Slimed","damage_taken":11,"max_hp_gain":0,"max_hp_loss":0,"event_name":"betterThird:BetterGoop","floor":12,"gold_loss":63}],"is_beta":false,"boss_relics":[],"items_purged_floors":[14],"is_endless":false,"potions_floor_spawned":[1,10],"killed_by":"Slime Boss","ascension_level":19}}