{"host":"uyrebrj0204enqpc","time":1609338686,"event":{"mods":["Act Like it!","Bard","BaseMod","Block Reminder","Challenge The Spire","Colored Map","Colored Powertips","DeckTracker","Downfall","GifTheSpireLib","HexUI Lib","Highlight Path","Hubris","Infinite Spire","Minty Spire (QoL Compilation)","Pale of the Ancients","Quick Restart","Random Character Button","Relic Sorter","Relic Stats","Replay The Spire","Shop Mod","StSLib","The Blue Laboratory","The Bug Knight","The Cursed","The Jungle","The Marked","Wandering Minibosses"],"gold_per_floor":[111,211,224,224,2,32,32,62,62,62,81,81,91,103,103,202,202,219,232,251,264,264,289,301,326,379,479,513,526,282,298,298,394,394,404,404,422,434,364,364,364,392,392,238,258,276,276,304,304,304,304,304,49,75,75,75],"floor_reached":55,"playtime":3396,"items_purged":["theMarked:Strike","theMarked:Defend"],"score":943,"play_id":"4cd78b4e-6cc9-4235-8065-d500da4dc3a6","local_time":"20201230093126","is_ascension_mode":true,"campfire_choices":[{"data":"theMarked:Electrify","floor":12.0,"key":"SMITH"},{"data":"theMarked:WardOff","floor":15.0,"key":"SMITH"},{"floor":41.0,"key":"RECALL"},{"data":"theMarked:PowerFlow","floor":47.0,"key":"SMITH"},{"floor":49.0,"key":"REST"},{"data":"theMarked:Electrify","floor":52,"key":"SMITH"}],"circlet_count":0,"master_deck":["theMarked:Defend","theMarked:Defend","theMarked:SoldierOfQuellstein+1","theMarked:GodGivenPower","infinitespire:FutureSight","theMarked:Electrify+1","theMarked:WardOff+1","theMarked:Generate+1","theMarked:FavorableWinds","theMarked:GodGivenPower+1","theMarked:Electrify+1","theMarked:PowerFlow+1","theMarked:TakeOffHeels","theMarked:TakeOffHeels","theMarked:GodGivenPower","expansioncontent:DecasProtection","theMarked:Overcharge+1"],"relics":["theMarked:ArtifactOfAir","hubris:Reverence","hubris:Towel","theMarked:Winder","hubris:TenFootPole","Meat on the Bone","Pen Nib","infinitespire:WardingShard","wanderingMiniBosses:ThiefScarf","Empty Cage","theJungle:SpiritDisease","Mummified Hand","Spirit Poop","hubris:GlazedTorus","Oddly Smooth Stone","hubris:TerracottaHorce","infinitespire:Lucky Rock","Toy Ornithopter","Juzu Bracelet","Bag of Preparation","Onion Ring","Happy Flower","CaptainsWheel","Unceasing Top"],"acts_visited":["Exordium","Exordium","TheBeyond","TheEnding"],"potions_floor_usage":[55],"damage_taken":[{"damage":0.0,"enemies":"Cultist","floor":1.0,"turns":3.0},{"damage":2.0,"enemies":"Jaw Worm","floor":3.0,"turns":4.0},{"damage":9.0,"enemies":"3 Sentries","floor":6.0,"turns":6.0},{"damage":32.0,"enemies":"Gremlin Nob","floor":8.0,"turns":4.0},{"damage":0.0,"enemies":"2 Louse","floor":11.0,"turns":2.0},{"damage":0.0,"enemies":"Large Slime","floor":13.0,"turns":3.0},{"damage":11.0,"enemies":"Looter","floor":14.0,"turns":3.0},{"damage":16.0,"enemies":"The Guardian","floor":16.0,"turns":6.0},{"damage":0.0,"enemies":"Shell Parasite","floor":18.0,"turns":7.0},{"damage":11.0,"enemies":"theJungle:GiantWrat","floor":19.0,"turns":4.0},{"damage":34.0,"enemies":"theJungle:JungleHuntersEncounter","floor":20.0,"turns":7.0},{"damage":12.0,"enemies":"theJungle:SlimyTreeVines","floor":21.0,"turns":6.0},{"damage":13.0,"enemies":"theJungle:2_Phrogs","floor":23.0,"turns":7.0},{"damage":2.0,"enemies":"theJungle:Lyon","floor":24.0,"turns":4.0},{"damage":1.0,"enemies":"theJungle:Cassacara","floor":25.0,"turns":5.0},{"damage":4.0,"enemies":"theJungle:2_Phrogs","floor":28.0,"turns":5.0},{"damage":12.0,"enemies":"theJungle:2_Snecko_Cultists","floor":29.0,"turns":3.0},{"damage":0.0,"enemies":"Snake Plant","floor":31.0,"turns":3.0},{"damage":1.0,"enemies":"theJungle:QueenSpyder","floor":33.0,"turns":5.0},{"damage":4.0,"enemies":"3 Shapes","floor":35.0,"turns":4.0},{"damage":17.0,"enemies":"3 Darklings","floor":37.0,"turns":4.0},{"damage":0.0,"enemies":"Jaw Worm Horde","floor":38.0,"turns":4.0},{"damage":0.0,"enemies":"HollowMod:StalkingDevout","floor":42.0,"turns":4.0},{"damage":25.0,"enemies":"Spire Growth","floor":45.0,"turns":5.0},{"damage":21.0,"enemies":"Transient","floor":46.0,"turns":5.0},{"damage":42.0,"enemies":"Reptomancer","floor":48.0,"turns":4.0},{"damage":16,"enemies":"hubris:GrandSnecko","floor":50,"turns":6},{"damage":98,"enemies":"Shield and Spear","floor":54,"turns":5},{"damage":56,"enemies":"The Heart","floor":55,"turns":5}],"seed_played":"4689463383416269412","potions_obtained":[{"floor":3.0,"key":"Dexterity Potion"},{"floor":8.0,"key":"Guardian:BlockOnCardUsePotion"},{"floor":11.0,"key":"Toxic Potion"},{"floor":19.0,"key":"blueLaboratory:HeartbeatPotion"},{"floor":23.0,"key":"SteroidPotion"},{"floor":31.0,"key":"blueLaboratory:BottleOfVodka"},{"floor":33.0,"key":"Swift Potion"},{"floor":46.0,"key":"SteroidPotion"},{"floor":48.0,"key":"blueLaboratory:HeartbeatPotion"},{"floor":54,"key":"SteroidPotion"}],"is_trial":false,"path_per_floor":["M","?","M","?","$","E","?","E","T","?","M","R","M","M","R","B",null,"M","M","M","M","?","E","M","E","T","?","E","M","$","M","R_BF","B",null,"M","?","M","M","$","?","R","E","T","$","M","M","R","E","R","B",null,"R","$","E","B"],"character_chosen":"THE_DEFAULT","items_purchased":["theMarked:Winder","Oddly Smooth Stone","theMarked:GodGivenPower","Juzu Bracelet","Onion Ring"],"campfire_rested":1,"item_purchase_floors":[5,30,39,44,53],"current_hp_per_floor":[70,70,68,68,68,59,51,19,19,14,26,26,38,39,39,35,70,70,59,37,43,43,42,40,39,39,39,47,47,47,47,68,67,69,65,65,48,48,48,48,48,48,48,48,35,41,41,16,37,33,61,61,61,47,0,0],"gold":75,"neow_bonus":"UPGRADE_CARD","is_daily":false,"chose_seed":false,"campfire_upgraded":4,"win_rate":0.0,"timestamp":1609338686,"path_taken":["M","?","?","?","$","E","?","E","T","?","M","R","M","M","R","BOSS","M","M","M","M","?","E","M","E","T","?","E","M","$","?","R_BF","BOSS","M","?","M","?","$","?","R","E","T","?","M","M","R","E","R","BOSS","R","$","E","BOSS"],"items_purchased_type":["Relic","Relic","Card","Relic","Relic"],"build_version":"2020-12-22","purchased_purges":2,"victory":false,"max_hp_per_floor":[70,70,70,70,70,70,70,70,70,70,70,70,70,70,70,70,70,70,70,70,70,70,70,70,70,70,70,70,70,70,70,70,70,70,70,70,70,70,70,70,70,70,70,70,70,70,70,70,70,70,70,70,70,70,70,70],"relic_stats":{"Happy Flower":[1],"counters":[29,133],"Mummified Hand":[43],"Pen Nib":[24],"Juzu Bracelet":0,"Bag of Preparation":[6],"obtain_stats":[{"Replay:Accelerometer":50,"Calipers":23,"Spirit Poop":26,"hubris:TerracottaHorce":34,"Replay:Ringing Soul":20,"Lizard Tail":54,"HornCleat":31,"MealTicket":20,"theMarked:VonisonLock":29,"Iron Hammer":33,"wanderingMiniBosses:ThiefScarf":18,"Happy Flower":54,"Dead Branch":24,"Oddly Smooth Stone":19,"Pen Nib":9,"Replay:Kaleidoscope":45,"Question Card":38,"infinitespire:Broken Mirror":29,"Bronze Scales":50,"Onion Ring":53,"hubris:TenFootPole":6,"StrikeDummy":54,"Unceasing Top":55,"Meat on the Bone":8,"hubris:Reverence":23,"Darkstone Periapt":24,"Lantern":28,"Replay:Multitool":35,"Juzu Bracelet":44,"Bag of Preparation":48,"hubris:EmptyBottle":25,"Empty Cage":18,"Replay:Rubber Ducky":46,"Dream Catcher":23,"Mummified Hand":25,"hubris:ScarierMask":17,"WingedGreaves":46,"Chemical X":28,"infinitespire:Eraser":38,"hubris:GlazedTorus":28,"The Courier":37,"PreservedInsect":42,"theJungle:SpiritDisease":22,"infinitespire:Lucky Rock":21,"infinitespire:CheckeredPen":35,"hubris:Towel":4,"Replay:Arrowhead":45,"theMarked:ArtifactOfAir":0,"CaptainsWheel":55,"infinitespire:WardingShard":10,"Bag of Marbles":19,"Art of War":33,"theMarked:Winder":5,"ReplayTheSpireMod:Onyx Gauntlets":48,"ReplayTheSpireMod:Lightbulb":21,"Toy Ornithopter":31},{"Replay:Accelerometer":26,"Calipers":12,"Spirit Poop":15,"hubris:TerracottaHorce":19,"Replay:Ringing Soul":10,"Lizard Tail":27,"HornCleat":17,"MealTicket":10,"theMarked:VonisonLock":16,"Iron Hammer":18,"wanderingMiniBosses:ThiefScarf":9,"Happy Flower":28,"Dead Branch":13,"Oddly Smooth Stone":9,"Pen Nib":4,"Replay:Kaleidoscope":23,"Question Card":21,"infinitespire:Broken Mirror":16,"Bronze Scales":26,"Onion Ring":27,"hubris:TenFootPole":3,"StrikeDummy":27,"Unceasing Top":28,"Meat on the Bone":4,"hubris:Reverence":13,"Darkstone Periapt":13,"Lantern":15,"Replay:Multitool":19,"Juzu Bracelet":23,"Bag of Preparation":26,"hubris:EmptyBottle":14,"Empty Cage":9,"Replay:Rubber Ducky":24,"Dream Catcher":12,"Mummified Hand":15,"hubris:ScarierMask":8,"WingedGreaves":24,"Chemical X":15,"infinitespire:Eraser":21,"hubris:GlazedTorus":16,"The Courier":20,"PreservedInsect":22,"theJungle:SpiritDisease":12,"infinitespire:Lucky Rock":11,"infinitespire:CheckeredPen":19,"hubris:Towel":2,"Replay:Arrowhead":23,"theMarked:ArtifactOfAir":0,"CaptainsWheel":28,"infinitespire:WardingShard":4,"Bag of Marbles":9,"Art of War":18,"theMarked:Winder":2,"ReplayTheSpireMod:Onyx Gauntlets":25,"ReplayTheSpireMod:Lightbulb":11,"Toy Ornithopter":17},{"Replay:Accelerometer":117,"Calipers":55,"Spirit Poop":71,"hubris:TerracottaHorce":87,"Replay:Ringing Soul":42,"Lizard Tail":123,"HornCleat":79,"MealTicket":42,"theMarked:VonisonLock":76,"Iron Hammer":82,"wanderingMiniBosses:ThiefScarf":38,"Happy Flower":128,"Dead Branch":62,"Oddly Smooth Stone":38,"Pen Nib":17,"Replay:Kaleidoscope":103,"Question Card":95,"infinitespire:Broken Mirror":76,"Bronze Scales":117,"Onion Ring":123,"hubris:TenFootPole":13,"StrikeDummy":123,"Unceasing Top":128,"Meat on the Bone":17,"hubris:Reverence":62,"Darkstone Periapt":62,"Lantern":71,"Replay:Multitool":87,"Juzu Bracelet":103,"Bag of Preparation":117,"hubris:EmptyBottle":66,"Empty Cage":38,"Replay:Rubber Ducky":108,"Dream Catcher":55,"Mummified Hand":71,"hubris:ScarierMask":31,"WingedGreaves":108,"Chemical X":71,"infinitespire:Eraser":95,"hubris:GlazedTorus":76,"The Courier":91,"PreservedInsect":99,"theJungle:SpiritDisease":55,"infinitespire:Lucky Rock":49,"infinitespire:CheckeredPen":87,"hubris:Towel":7,"Replay:Arrowhead":103,"theMarked:ArtifactOfAir":0,"CaptainsWheel":128,"infinitespire:WardingShard":17,"Bag of Marbles":38,"Art of War":82,"theMarked:Winder":7,"ReplayTheSpireMod:Onyx Gauntlets":113,"ReplayTheSpireMod:Lightbulb":49,"Toy Ornithopter":79}],"Toy Ornithopter":25,"Unceasing Top":[0],"Meat on the Bone":168},"card_choices":[{"not_picked":["theMarked:TwofoldDefense","theMarked:HeightenedSenses","theMarked:Parkour"],"picked":"SKIP","floor":1.0},{"not_picked":["theMarked:RogueSparks","theMarked:BanishingStrike"],"picked":"theMarked:GodGivenPower","floor":3.0},{"not_picked":["theMarked:CreepingChasm","theMarked:Opportunist","theMarked:RepellingDischarge"],"picked":"SKIP","floor":6.0},{"not_picked":["hubris:Fate","infinitespire:Gouge"],"picked":"infinitespire:FutureSight","floor":7.0},{"not_picked":["theMarked:ResourceFulStrike","theMarked:BanishingStrike","theMarked:ElectricStrings"],"picked":"SKIP","floor":8.0},{"not_picked":["theMarked:ResourceFulStrike","theMarked:BanishingStrike","theMarked:ElectricStrings"],"picked":"SKIP","floor":8.0},{"not_picked":["theMarked:Parkour","theMarked:MysticalArsenal"],"picked":"theMarked:Electrify","floor":11.0},{"not_picked":["theMarked:TwofoldDefense","theMarked:HeightenedSenses"],"picked":"theMarked:WardOff","floor":13.0},{"not_picked":["theMarked:ResourceFulStrike","theMarked:WardOff","theMarked:HeritageOfTheMarked"],"picked":"SKIP","floor":14.0},{"not_picked":["theMarked:SwordAndMagic","theMarked:RogueSparks"],"picked":"theMarked:Generate","floor":18.0},{"not_picked":["theMarked:HeritageOfTheMarked","theMarked:ResourceFulStrike"],"picked":"theMarked:FavorableWinds","floor":19.0},{"not_picked":["theMarked:Improvise+1","theMarked:EnhancedHearing","theMarked:SelfDefenseTraining"],"picked":"SKIP","floor":20.0},{"not_picked":["theMarked:RepellingDischarge","theMarked:Overthink+1","theMarked:MuscleMemory"],"picked":"SKIP","floor":21.0},{"not_picked":["theMarked:ComboAttacks","theMarked:EternalStudent"],"picked":"theMarked:GodGivenPower","floor":23.0},{"not_picked":["theMarked:RepellingDischarge+1","theMarked:MagicAdept"],"picked":"theMarked:Electrify","floor":24.0},{"not_picked":["theMarked:Improvise","theMarked:TwofoldDefense+1"],"picked":"theMarked:PowerFlow","floor":25.0},{"not_picked":["theMarked:Seal","theMarked:ElectricStrings","theMarked:Improvise+1"],"picked":"SKIP","floor":28.0},{"not_picked":["theMarked:TakeCover","theMarked:ResourceFulStrike","theMarked:SuspiciousRaven"],"picked":"SKIP","floor":29.0},{"not_picked":["theMarked:Improvise","theMarked:TakeCover"],"picked":"theMarked:TakeOffHeels","floor":31.0},{"not_picked":["theMarked:ThrowWeapon","theMarked:FavorableWinds"],"picked":"theMarked:TakeOffHeels","floor":33.0},{"not_picked":["theMarked:Frustration+1","theMarked:TakeCover+1","theMarked:TwofoldDefense+1"],"picked":"SKIP","floor":35.0},{"not_picked":["theMarked:HeightenedSenses+1","theMarked:ComboAttacks+1","theMarked:SwordAndMagic"],"picked":"SKIP","floor":37.0},{"not_picked":["theMarked:SwordAndMagic","theMarked:Parkour","theMarked:Panic"],"picked":"SKIP","floor":38.0},{"not_picked":["Thinking Ahead","Blind"],"picked":"expansioncontent:DecasProtection","floor":40.0},{"not_picked":["theMarked:SelfDefenseTraining","theMarked:ResourceFulStrike"],"picked":"theMarked:Overcharge+1","floor":42.0},{"not_picked":["theMarked:Frustration+1","theMarked:MagicAdept","theMarked:Parkour+1"],"picked":"SKIP","floor":45.0},{"not_picked":["theMarked:Frustration+1","theMarked:MagicAdept","theMarked:Parkour+1"],"picked":"SKIP","floor":45.0},{"not_picked":["theMarked:TunnelVision+1","theMarked:EnhanceMovement+1","theMarked:Improvise+1"],"picked":"SKIP","floor":46.0},{"not_picked":["theMarked:LightningStrikesTwice","theMarked:TwofoldDefense+1","theMarked:Improvise"],"picked":"SKIP","floor":48.0},{"not_picked":["theMarked:Frustration+1","theMarked:ElectricStrings","theMarked:SelfDefenseTraining"],"picked":"SKIP","floor":54}],"player_experience":1003066,"relics_obtained":[{"floor":6.0,"key":"hubris:TenFootPole"},{"floor":8.0,"key":"Meat on the Bone"},{"floor":9.0,"key":"Pen Nib"},{"floor":18.0,"key":"wanderingMiniBosses:ThiefScarf"},{"floor":18.0,"key":"Empty Cage"},{"floor":23.0,"key":"hubris:Reverence"},{"floor":25.0,"key":"Mummified Hand"},{"floor":26.0,"key":"Spirit Poop"},{"floor":28.0,"key":"hubris:GlazedTorus"},{"floor":42.0,"key":"infinitespire:Lucky Rock"},{"floor":43.0,"key":"Toy Ornithopter"},{"floor":48.0,"key":"Bag of Preparation"},{"floor":54,"key":"Happy Flower"}],"event_choices":[{"damage_healed":0.0,"max_hp_gain":0.0,"max_hp_loss":0.0,"gold_gain":100.0,"event_name":"Wheel of Change","player_choice":"Gold","floor":2.0,"gold_loss":0.0,"damage_taken":0.0},{"damage_healed":0.0,"max_hp_gain":0.0,"max_hp_loss":0.0,"gold_gain":0.0,"event_name":"Scrap Ooze","player_choice":"Success","floor":10.0,"gold_loss":0.0,"damage_taken":12.0,"relics_obtained":["infinitespire:WardingShard"]},{"damage_healed":0.0,"max_hp_gain":0.0,"max_hp_loss":0.0,"gold_gain":100.0,"event_name":"Golden Shrine","player_choice":"Pray","floor":27.0,"gold_loss":0.0,"damage_taken":0.0},{"damage_healed":0.0,"max_hp_gain":0.0,"max_hp_loss":0.0,"gold_gain":0.0,"event_name":"Accursed Blacksmith","player_choice":"Forge","floor":36.0,"gold_loss":0.0,"damage_taken":0.0,"cards_upgraded":["theMarked:Generate"]},{"damage_healed":0.0,"max_hp_gain":0.0,"max_hp_loss":0.0,"gold_gain":0.0,"event_name":"SensoryStone","player_choice":"Memory 1","floor":40.0,"gold_loss":0.0,"damage_taken":0.0}],"is_beta":false,"boss_relics":[{"not_picked":["hubris:RunicObelisk","Ring of Chaos"],"picked":"hubris:ScarierMask"},{"not_picked":["ChewingGum","hubris:VirtuousBlindfold"],"picked":"hubris:TerracottaHorce"}],"items_purged_floors":[5,30],"is_endless":false,"potions_floor_spawned":[3,8,11,19,21,23,31,33,35,46,48,54],"killed_by":"The Heart","ascension_level":3}}