{"host":"czyrp3agadxx2eka","time":1609288207,"event":{"mods":["BaseMod","Colored Map","Downfall","Hubris","Infinite Spire","Minty Spire (QoL Compilation)","Replay The Spire","Shop Mod","StSLib","The Construct"],"gold_per_floor":[114,114,132,142,155,155,188,188,188,188,222,222,272,301,301,425,425,460,95,194,230,145,145,145,415,441,441,34,34,62,96,96,140,140],"floor_reached":33,"playtime":1339,"items_purged":["Languid","hubris:Compulsion","infinitespire:Pacifist"],"score":253,"play_id":"5103d8e2-fdfc-491b-9194-62d6987d6562","local_time":"20201229223007","is_ascension_mode":false,"campfire_choices":[{"data":"construct:AttackMode","floor":6,"key":"SMITH"},{"data":"construct:Reserves","floor":8,"key":"SMITH"},{"floor":10,"key":"REST"},{"floor":15,"key":"REST"},{"floor":23,"key":"REST"},{"floor":27,"key":"REST"},{"floor":29,"key":"REST"},{"floor":32,"key":"REST"}],"circlet_count":0,"master_deck":["construct:Strike_Gold","construct:Strike_Gold","construct:Strike_Gold","construct:Strike_Gold+1","construct:Strike_Gold","construct:Defend_Gold","construct:Defend_Gold","construct:Defend_Gold","construct:Defend_Gold","construct:Defend_Gold","construct:AttackMode+1","construct:DefenseMode","construct:HammerDown+1","expansioncontent:GoopSpray+1","construct:ClusterMines+1","construct:SyphonStrike","construct:SuppressiveFire+1","construct:Reserves+1","sneckomod:Bewildered","construct:GatlingGun","construct:GatlingGun","construct:ScopeCore+1","construct:Isolate+1","ReplayTheSpireMod:Splinters","hubris:Envy","construct:Isolate+1"],"relics":["construct:Cogwheel","Gremlin Food","infinitespire:Beetle Shell","hubris:TinFlute","Ring of Greed","Ring of Searing","Replay:Bandana","Membership Card","hubris:Backtick","DollysMirror","Toxic Egg 2","Sling","Happy Flower","hubris:SlimyHat","Lantern","MerchantsRug","Simple Rune","infinitespire:Bottled Soul","Cauldron"],"acts_visited":["Exordium","TheCity"],"potions_floor_usage":[16,16,31,33,33],"damage_taken":[{"damage":0,"enemies":"Small Slimes","floor":1,"turns":2},{"damage":9,"enemies":"Cultist","floor":3,"turns":4},{"damage":11,"enemies":"Jaw Worm","floor":4,"turns":2},{"damage":14,"enemies":"Blue Slaver","floor":5,"turns":3},{"damage":31,"enemies":"Lagavulin","floor":7,"turns":4},{"damage":21,"enemies":"3 Sentries","floor":11,"turns":5},{"damage":0,"enemies":"2 Fungi Beasts","floor":14,"turns":2},{"damage":25,"enemies":"Hexaghost","floor":16,"turns":4},{"damage":30,"enemies":"Spheric Guardian","floor":18,"turns":4},{"damage":36,"enemies":"2 Thieves","floor":21,"turns":3},{"damage":34,"enemies":"Snake Plant","floor":30,"turns":3},{"damage":2,"enemies":"Centurion and Healer","floor":31,"turns":3},{"damage":75,"enemies":"Pondfish","floor":33,"turns":5}],"seed_played":"-6127519242472195649","potions_obtained":[{"floor":3,"key":"Swift Potion"},{"floor":4,"key":"Adrenaline Potion"},{"floor":7,"key":"AttackPotion"},{"floor":28,"key":"LifebloodPotion"},{"floor":28,"key":"construct:MegaPotion"},{"floor":31,"key":"SteroidPotion"}],"is_trial":false,"path_per_floor":["M","?","M","M","M","R","E","R","T","R","E","?","?","M","R","B",null,"M","$","?","M","?","R","AVR","?","T","R","$","R","M","M","R","B"],"character_chosen":"THE_CONSTRUCT_MOD","items_purchased":["Toxic Egg 2","Sling","Happy Flower","construct:ScopeCore+1","Swift Potion","MerchantsRug","Simple Rune","infinitespire:Bottled Soul","Cauldron"],"campfire_rested":6,"item_purchase_floors":[19,19,19,19,19,28,28,28,28],"current_hp_per_floor":[93,93,84,73,59,59,28,28,28,55,34,15,15,15,42,17,93,63,63,63,27,27,54,54,27,27,54,54,81,47,45,72,0,0],"gold":140,"neow_bonus":"TEN_PERCENT_HP_BONUS","is_daily":false,"chose_seed":false,"campfire_upgraded":2,"win_rate":0.0,"timestamp":1609288207,"path_taken":["M","?","M","?","M","R","E","R","T","R","E","?","?","M","R","BOSS","M","$","?","M","?","R","AVR","?","T","R","$","R","M","?","R","BOSS"],"items_purchased_type":["Relic","Relic","Relic","Card","Potion","Relic","Relic","Relic","Relic"],"build_version":"2020-12-22","purchased_purges":3,"victory":false,"max_hp_per_floor":[93,93,93,93,93,93,93,93,93,93,93,93,93,93,93,93,93,93,93,93,93,93,93,93,93,93,93,93,93,93,93,93,93,93],"card_choices":[{"not_picked":["construct:Forcefield","construct:Overcharge","construct:UnbalancingBlast"],"picked":"SKIP","floor":1},{"not_picked":["construct:Autoturret","construct:ScrapCannon"],"picked":"construct:ClusterMines","floor":3},{"not_picked":["construct:Backfire","construct:Boost"],"picked":"construct:SyphonStrike","floor":4},{"not_picked":["construct:Reinforce","construct:Dampening"],"picked":"construct:SuppressiveFire","floor":5},{"not_picked":["construct:Zapper","construct:Impenetrable"],"picked":"construct:Reserves","floor":7},{"not_picked":["construct:Reinforce","construct:HastyRepair","construct:Analyze"],"picked":"SKIP","floor":11},{"not_picked":["construct:Forcefield","construct:Analyze","construct:Boost"],"picked":"SKIP","floor":14},{"not_picked":["construct:HammerDown","construct:ShiftingStance"],"picked":"construct:GatlingGun","floor":16},{"not_picked":["construct:Anticipate","construct:ShiftStrike","construct:Versatility"],"picked":"SKIP","floor":18},{"not_picked":["construct:HardReboot+1","construct:ModeShift+1"],"picked":"construct:Isolate+1","floor":21},{"not_picked":["construct:MetalShell+1","construct:Reinforce+1","construct:HeavyBolt"],"picked":"SKIP","floor":30},{"not_picked":["construct:Zapper+1","construct:Versatility"],"picked":"construct:Isolate+1","floor":31}],"player_experience":12190,"relics_obtained":[{"floor":7,"key":"Gremlin Food"},{"floor":9,"key":"infinitespire:Beetle Shell"},{"floor":11,"key":"hubris:TinFlute"},{"floor":13,"key":"Ring of Greed"},{"floor":13,"key":"Ring of Searing"},{"floor":13,"key":"Replay:Bandana"},{"floor":13,"key":"Membership Card"},{"floor":26,"key":"Lantern"}],"event_choices":[{"damage_healed":0,"gold_gain":0,"player_choice":"2 cards matched","damage_taken":0,"max_hp_gain":0,"max_hp_loss":0,"event_name":"Match and Keep!","floor":2,"gold_loss":0,"cards_obtained":["construct:HammerDown","expansioncontent:GoopSpray"]},{"damage_healed":0,"gold_gain":0,"player_choice":"Entered Light","damage_taken":19,"max_hp_gain":0,"max_hp_loss":0,"event_name":"Shining Light","floor":12,"gold_loss":0,"cards_upgraded":["expansioncontent:GoopSpray","construct:SuppressiveFire"]},{"damage_healed":0,"gold_gain":99,"player_choice":"Stole From Cult","damage_taken":0,"max_hp_gain":0,"max_hp_loss":0,"event_name":"Nest","floor":20,"gold_loss":0},{"damage_healed":0,"gold_gain":0,"player_choice":"Obtained Relic","damage_taken":0,"relics_obtained":["hubris:SlimyHat"],"max_hp_gain":0,"max_hp_loss":0,"event_name":"Addict","floor":22,"gold_loss":85},{"damage_healed":0,"gold_gain":270,"player_choice":"GOLD GOLD GOLD ","damage_taken":27,"max_hp_gain":0,"max_hp_loss":0,"event_name":"Knowing Skull","floor":25,"potions_obtained":[],"gold_loss":0,"cards_obtained":[]}],"is_beta":false,"boss_relics":[{"not_picked":["Astrolabe","infinitespire:Cupcake"],"picked":"hubris:Backtick"}],"items_purged_floors":[19,24,28],"is_endless":false,"potions_floor_spawned":[3,4,7,11,30,31],"killed_by":"Pondfish","ascension_level":0}}