{"host":"0i8dz4ityulxi1rd","time":1609299538,"event":{"mods":["BaseMod","Colored Map","Colored Powertips","Custom Start","Highlight Path","Hubris","Keyboard Shortcuts","Minty Spire (QoL Compilation)","StSLib","SuperFastMode"],"gold_per_floor":[118,42,60,60,83,126,126,165,242,255,280,280,280,280,280,374,374,394,155,174,174,32,32,71,96,96,111,111,111],"floor_reached":28,"playtime":844,"items_purged":["Strike_B","Strike_B"],"score":542,"play_id":"7aea2560-8a55-4a7a-8f64-6765cce21625","local_time":"20201230123858","is_ascension_mode":true,"campfire_choices":[{"data":"Chaos","floor":7,"key":"SMITH"},{"floor":13,"key":"REST"},{"data":"Storm","floor":15,"key":"SMITH"},{"data":"Storm","floor":23,"key":"SMITH"}],"circlet_count":0,"master_deck":["AscendersBane","Defend_B","Defend_B","Defend_B","Zap","Dualcast","Cold Snap","Storm+1","Coolheaded","Chaos+1","Leap","Barrage","Storm","Storm+1","Biased Cognition","Doom and Gloom+1","All For One+1","Creative AI+1","Force Field","Self Repair+1","BootSequence","Steam Power"],"relics":["Cracked Core","NeowsBlessing","Golden Idol","hubris:64BitClover","hubris:ToyBattleship","Pear","Pen Nib","Astrolabe","Runic Capacitor","Dream Catcher","Turnip","Lantern"],"acts_visited":["Exordium","TheCity"],"potions_floor_usage":[16,16,18,20,28],"damage_taken":[{"damage":0,"enemies":"Jaw Worm","floor":1,"turns":1},{"damage":0,"enemies":"Small Slimes","floor":3,"turns":1},{"damage":0,"enemies":"Gremlin Nob","floor":6,"turns":1},{"damage":30,"enemies":"3 Sentries","floor":8,"turns":9},{"damage":0,"enemies":"Cultist","floor":10,"turns":5},{"damage":15,"enemies":"Blue Slaver","floor":11,"turns":3},{"damage":17,"enemies":"The Guardian","floor":16,"turns":15},{"damage":25,"enemies":"Shell Parasite","floor":18,"turns":3},{"damage":18,"enemies":"3 Byrds","floor":20,"turns":3},{"damage":21,"enemies":"Gremlin Leader","floor":24,"turns":4},{"damage":4,"enemies":"Cultist and Chosen","floor":25,"turns":4},{"damage":13,"enemies":"Centurion and Healer","floor":27,"turns":3},{"damage":17,"enemies":"Slavers","floor":28,"turns":2}],"seed_played":"-6401334380365157812","potions_obtained":[{"floor":6,"key":"Weak Potion"},{"floor":11,"key":"SkillPotion"},{"floor":16,"key":"Swift Potion"},{"floor":18,"key":"Regen Potion"},{"floor":25,"key":"BlessingOfTheForge"}],"is_trial":false,"path_per_floor":["M","$","M","?","T","E","R","E","T","M","M","T","R","?","R","B",null,"M","$","M","?","$","R","E","M","T","M","E"],"character_chosen":"DEFECT","items_purchased":["Storm","Runic Capacitor","BootSequence"],"campfire_rested":1,"item_purchase_floors":[2,19,22],"current_hp_per_floor":[64,64,64,64,64,64,64,34,44,44,29,29,51,51,51,34,64,39,39,30,30,30,30,19,25,25,22,5,5],"gold":111,"neow_bonus":"THREE_ENEMY_KILL","is_daily":false,"chose_seed":false,"campfire_upgraded":3,"win_rate":0.0,"timestamp":1609299538,"path_taken":["M","$","M","?","?","E","R","E","T","M","M","?","R","?","R","BOSS","M","?","M","?","$","R","E","M","T","M","E"],"items_purchased_type":["Card","Relic","Card"],"build_version":"2020-12-22","purchased_purges":2,"victory":false,"max_hp_per_floor":[71,71,71,64,64,64,64,64,74,74,74,74,74,74,74,74,74,74,74,74,74,74,74,74,74,74,74,74,74],"card_choices":[{"not_picked":["Conserve Battery","Streamline"],"picked":"Cold Snap","floor":1},{"not_picked":["Compile Driver","Force Field"],"picked":"Coolheaded","floor":3},{"not_picked":["Steam Power","Reinforced Body"],"picked":"Chaos","floor":6},{"not_picked":["Force Field","Ball Lightning"],"picked":"Leap","floor":8},{"not_picked":["Cold Snap","Double Energy"],"picked":"Barrage","floor":10},{"not_picked":["Sweeping Beam","Rebound"],"picked":"Storm","floor":11},{"not_picked":["Thunder Strike","Multi-Cast"],"picked":"Biased Cognition","floor":16},{"not_picked":["Doom and Gloom+1","hubris:PowerSurge"],"picked":"Force Field","floor":18},{"not_picked":["Barrage","Compile Driver"],"picked":"Self Repair+1","floor":20},{"not_picked":["Leap","Go for the Eyes","Rebound"],"picked":"SKIP","floor":24},{"not_picked":["Fusion","Stack+1","Consume"],"picked":"SKIP","floor":25},{"not_picked":["Redo","Sweeping Beam"],"picked":"Steam Power","floor":27}],"player_experience":1268919,"relics_obtained":[{"floor":6,"key":"hubris:64BitClover"},{"floor":8,"key":"hubris:ToyBattleship"},{"floor":9,"key":"Pear"},{"floor":12,"key":"Pen Nib"},{"floor":24,"key":"Dream Catcher"},{"floor":26,"key":"Turnip"},{"floor":27,"key":"Lantern"}],"event_choices":[{"damage_healed":0,"gold_gain":0,"player_choice":"Lose Max HP","damage_taken":0,"relics_obtained":["Golden Idol"],"max_hp_gain":0,"max_hp_loss":7,"event_name":"Golden Idol","floor":4,"gold_loss":0},{"damage_healed":0,"gold_gain":0,"player_choice":"1 cards matched","damage_taken":0,"max_hp_gain":0,"max_hp_loss":0,"event_name":"Match and Keep!","floor":14,"gold_loss":0,"cards_obtained":["Storm"]},{"damage_healed":0,"gold_gain":0,"player_choice":"Ignored","damage_taken":0,"max_hp_gain":0,"max_hp_loss":0,"event_name":"Vampires","floor":21,"gold_loss":0}],"is_beta":false,"boss_relics":[{"not_picked":["Philosopher\u0027s Stone","Inserter"],"picked":"Astrolabe"}],"items_purged_floors":[19,22],"is_endless":false,"potions_floor_spawned":[6,11,16,18,25],"killed_by":"Slavers","ascension_level":20}}