{"host":"ied4ms9juizrl48v","time":1609310035,"event":{"mods":["Ascension Unlocker","BaseMod","Block Reminder","Colored Map","Colored Powertips","DeckTracker","Highlight Path","Minty Spire (QoL Compilation)","Quick Restart","Random Character Button","StSLib","SuperFastMode","UnlockEverythingMod"],"gold_per_floor":[117,42,42,60,78,78,93,127,127,158,158,158,178,201,201,201,201],"floor_reached":16,"playtime":425,"items_purged":[],"score":220,"play_id":"b7e11223-7a54-4871-8bd8-38d0d03b9a4f","local_time":"20201230153355","is_ascension_mode":true,"campfire_choices":[{"data":"Ball Lightning","floor":6,"key":"SMITH"},{"data":"Chaos","floor":11,"key":"SMITH"},{"data":"Hologram","floor":15,"key":"SMITH"}],"circlet_count":0,"master_deck":["AscendersBane","Strike_B","Strike_B","Strike_B","Defend_B+1","Defend_B+1","Defend_B","Zap","Dualcast","BootSequence","Loop","Ball Lightning+1","Sweeping Beam","Hologram+1","Chaos+1","Beam Cell"],"relics":["Cracked Core","NeowsBlessing","War Paint","Oddly Smooth Stone","HornCleat","Centennial Puzzle"],"acts_visited":["Exordium"],"potions_floor_usage":[8,8],"damage_taken":[{"damage":0,"enemies":"Small Slimes","floor":1,"turns":1},{"damage":0,"enemies":"Cultist","floor":4,"turns":1},{"damage":0,"enemies":"Jaw Worm","floor":5,"turns":1},{"damage":11,"enemies":"Exordium Wildlife","floor":7,"turns":3},{"damage":10,"enemies":"3 Sentries","floor":8,"turns":4},{"damage":29,"enemies":"Lagavulin","floor":10,"turns":7},{"damage":0,"enemies":"Looter","floor":13,"turns":3},{"damage":14,"enemies":"The Guardian","floor":16,"turns":5}],"seed_played":"5708966081051795202","potions_obtained":[{"floor":1,"key":"CultistPotion"},{"floor":5,"key":"Explosive Potion"},{"floor":8,"key":"Fire Potion"},{"floor":10,"key":"LiquidBronze"}],"is_trial":false,"path_per_floor":["M","?","?","M","M","R","M","E","T","E","R","?","M","T","R","B"],"character_chosen":"DEFECT","items_purchased":[],"campfire_rested":0,"item_purchase_floors":[],"current_hp_per_floor":[64,64,64,64,64,64,53,43,43,14,14,14,14,14,14,0,0],"gold":201,"neow_bonus":"THREE_ENEMY_KILL","is_daily":false,"chose_seed":false,"campfire_upgraded":3,"win_rate":0.0,"timestamp":1609310035,"path_taken":["M","?","?","?","M","R","M","E","T","E","R","?","M","?","R","BOSS"],"items_purchased_type":[],"build_version":"2020-12-22","purchased_purges":0,"victory":false,"max_hp_per_floor":[71,71,71,71,71,71,71,71,71,71,71,71,71,71,71,71,71],"card_choices":[{"not_picked":["Conserve Battery","Leap"],"picked":"BootSequence","floor":1},{"not_picked":["Hologram","Fusion"],"picked":"Loop","floor":4},{"not_picked":["Blizzard","Steam"],"picked":"Ball Lightning","floor":5},{"not_picked":["Steam Power","Storm"],"picked":"Sweeping Beam","floor":7},{"not_picked":["Steam","BootSequence"],"picked":"Hologram","floor":8},{"not_picked":["Beam Cell","Stack"],"picked":"Chaos","floor":10},{"not_picked":["Storm","Ball Lightning"],"picked":"Beam Cell","floor":13}],"player_experience":0,"relics_obtained":[{"floor":8,"key":"War Paint"},{"floor":9,"key":"Oddly Smooth Stone"},{"floor":10,"key":"HornCleat"},{"floor":14,"key":"Centennial Puzzle"}],"event_choices":[{"cards_removed":["Strike_B"],"damage_healed":0,"gold_gain":0,"player_choice":"Card Removal","damage_taken":0,"max_hp_gain":0,"max_hp_loss":0,"event_name":"The Cleric","floor":2,"gold_loss":75},{"cards_removed":["Defend_B"],"damage_healed":0,"gold_gain":0,"player_choice":"Card Removal","damage_taken":0,"max_hp_gain":0,"max_hp_loss":0,"event_name":"Wheel of Change","floor":3,"gold_loss":0},{"damage_healed":0,"gold_gain":0,"player_choice":"Ignored","damage_taken":0,"max_hp_gain":0,"max_hp_loss":0,"event_name":"Shining Light","floor":12,"gold_loss":0}],"is_beta":false,"boss_relics":[],"items_purged_floors":[],"is_endless":false,"potions_floor_spawned":[1,5,8,10],"killed_by":"The Guardian","ascension_level":20}}