{"host":"cxizwatl5v7zq6a5","time":1609294658,"event":{"mods":["AchievementEnabler","Act Like it!","BaseMod","Colored Map","Colored Powertips","Downfall","Friendly Minions","Gensokyo","Hermit","Hubris","Infinite Spire","Marisa????????","Minty Spire (QoL Compilation)","Quick Restart","READ ME - Guardian Mod","Rare Cards Sparkle","Remilia??????","Replay The Spire","StSLib","The Cursed","The Jungle","The Servant 0.9.4","slay the spire mod where everything is the same but ironclad has a cowboy hat"],"gold_per_floor":[115,465,465,481,250,279,302,302,302,302,252,295,316,344,344,344,344],"floor_reached":16,"playtime":518,"items_purged":[],"score":135,"play_id":"2575afb0-138a-4da9-b6a8-14793848319f","local_time":"20201230101738","is_ascension_mode":false,"campfire_choices":[{"floor":15.0,"key":"REST"}],"circlet_count":0,"master_deck":["Strike_P","Strike_P","Strike_P","Strike_P","Defend_P","Defend_P","Defend_P","Defend_P","Eruption+1","Vigilance","EmptyBody","Replay:Sluggish","Replay:LoomingThreat","SignatureMove","ClearTheMind","infinitespire:Pacifist","Prostrate","JustLucky","Consecrate"],"relics":["PureWater","NeowsBlessing","Ring of Greed","Ring of Fury","Old Coin","Replay:Bandana","Membership Card","Replay:Mystery Machine","Blood Vial","InkBottle","Golden Idol","Unceasing Top"],"acts_visited":["Exordium"],"potions_floor_usage":[],"damage_taken":[{"damage":0.0,"enemies":"Small Slimes","floor":1.0,"turns":2.0},{"damage":0.0,"enemies":"Cultist","floor":4.0,"turns":1.0},{"damage":0.0,"enemies":"Lagavulin","floor":6.0,"turns":1.0},{"damage":0.0,"enemies":"2 Louse","floor":7.0,"turns":1.0},{"damage":3.0,"enemies":"Gremlin Nob","floor":12.0,"turns":3.0},{"damage":0.0,"enemies":"Blue Slaver","floor":13.0,"turns":3.0},{"damage":13.0,"enemies":"3 Louse","floor":14.0,"turns":5.0},{"damage":0,"enemies":"The Guardian","floor":16,"turns":1}],"seed_played":"7347359995213319382","potions_obtained":[{"floor":1.0,"key":"EntropicBrew"},{"floor":4.0,"key":"LiquidMemories"},{"floor":7.0,"key":"SkillPotion"}],"is_trial":false,"path_per_floor":["M","?","?","M","$","E","M","?","T","?","?","E","M","M","R","B"],"character_chosen":"WATCHER","items_purchased":["Membership Card","Replay:Mystery Machine"],"campfire_rested":1,"item_purchase_floors":[5,5],"current_hp_per_floor":[72,72,72,72,72,72,72,72,72,54,54,53,55,44,65,67,67],"gold":344,"neow_bonus":"THREE_ENEMY_KILL","is_daily":false,"chose_seed":false,"campfire_upgraded":0,"win_rate":0.0,"timestamp":1609294658,"path_taken":["M","?","?","?","$","E","M","?","T","?","?","E","M","M","R","BOSS"],"items_purchased_type":["Relic","Relic"],"build_version":"2020-12-22","purchased_purges":0,"victory":false,"max_hp_per_floor":[72,72,72,72,72,72,72,72,72,72,72,72,72,72,72,72,72],"card_choices":[{"not_picked":["FollowUp","LikeWater"],"picked":"EmptyBody","floor":1.0},{"not_picked":["Replay:BluntJabs","ClearTheMind"],"picked":"Replay:LoomingThreat","floor":4.0},{"not_picked":["Protect","Halt"],"picked":"SignatureMove","floor":6.0},{"not_picked":["Collect","ReachHeaven"],"picked":"ClearTheMind","floor":7.0},{"not_picked":["Halt","Nirvana"],"picked":"Prostrate","floor":12.0},{"not_picked":["Protect","Nirvana"],"picked":"JustLucky","floor":13.0},{"not_picked":["CutThroughFate","Replay:Anticipation"],"picked":"Consecrate","floor":14.0}],"player_experience":116852,"relics_obtained":[{"floor":2.0,"key":"Ring of Greed"},{"floor":2.0,"key":"Ring of Fury"},{"floor":2.0,"key":"Old Coin"},{"floor":2.0,"key":"Replay:Bandana"},{"floor":6.0,"key":"Blood Vial"},{"floor":9.0,"key":"InkBottle"},{"floor":12.0,"key":"Unceasing Top"}],"event_choices":[{"damage_healed":0.0,"max_hp_gain":0.0,"max_hp_loss":0.0,"gold_gain":0.0,"event_name":"Upgrade Shrine","player_choice":"Upgraded","floor":3.0,"gold_loss":0.0,"damage_taken":0.0,"cards_upgraded":["Eruption"]},{"damage_healed":0.0,"max_hp_gain":0.0,"max_hp_loss":0.0,"gold_gain":0.0,"event_name":"Golden Idol","player_choice":"Take Damage","floor":10.0,"gold_loss":0.0,"damage_taken":18.0,"relics_obtained":["Golden Idol"]},{"cards_removed":["hubris:Compulsion"],"damage_healed":0.0,"max_hp_gain":0.0,"max_hp_loss":0.0,"gold_gain":0.0,"event_name":"The Cleric","player_choice":"Card Removal","floor":11.0,"gold_loss":50.0,"damage_taken":0.0}],"is_beta":false,"boss_relics":[],"items_purged_floors":[],"is_endless":false,"potions_floor_spawned":[1,4,7],"killed_by":"The Guardian","ascension_level":0}}