{"host":"lstuuc6roym1046h","time":1609364485,"event":{"mods":["AchievementEnabler","BaseMod","Minty Spire (QoL Compilation)","Relic Stats","StSLib"],"gold_per_floor":[119,119,132,132,142,142,169,188,188,218,218,218,247,260,260,260,260],"floor_reached":16,"playtime":572,"items_purged":[],"score":290,"play_id":"32f2c2c5-545a-4029-8d1e-b6868aac36bd","local_time":"20201230214125","is_ascension_mode":true,"campfire_choices":[{"floor":6.0,"key":"REST"},{"floor":12.0,"key":"REST"},{"data":"Sunder","floor":15,"key":"SMITH"}],"circlet_count":0,"master_deck":["AscendersBane","Strike_B+1","Strike_B","Strike_B","Defend_B","Defend_B+1","Defend_B","Defend_B","Zap","Dualcast","Consume","Streamline","Sunder+1","Sunder","Sunder","White Noise","Ball Lightning"],"relics":["Snecko Eye","Art of War","StrikeDummy","Shuriken","Blue Candle","Juzu Bracelet"],"acts_visited":["Exordium"],"potions_floor_usage":[16],"damage_taken":[{"damage":16.0,"enemies":"Jaw Worm","floor":1.0,"turns":5.0},{"damage":2.0,"enemies":"Small Slimes","floor":3.0,"turns":6.0},{"damage":6.0,"enemies":"Cultist","floor":5.0,"turns":3.0},{"damage":20.0,"enemies":"Lagavulin","floor":7.0,"turns":4.0},{"damage":0.0,"enemies":"Lots of Slimes","floor":8.0,"turns":2.0},{"damage":0.0,"enemies":"3 Sentries","floor":10.0,"turns":2.0},{"damage":15.0,"enemies":"Lagavulin","floor":13.0,"turns":4.0},{"damage":0,"enemies":"Exordium Thugs","floor":14,"turns":2},{"damage":29,"enemies":"Slime Boss","floor":16,"turns":6}],"seed_played":"9035286476708430605","potions_obtained":[{"floor":3.0,"key":"FearPotion"},{"floor":8.0,"key":"LiquidMemories"},{"floor":10.0,"key":"FocusPotion"},{"floor":13.0,"key":"FocusPotion"}],"is_trial":false,"path_per_floor":["M","?","M","T","M","R","E","M","T","E","?","R","E","M","R","B"],"character_chosen":"DEFECT","items_purchased":[],"campfire_rested":2,"item_purchase_floors":[],"current_hp_per_floor":[48,27,25,25,19,40,20,20,20,20,20,41,26,26,26,0,0],"gold":260,"neow_bonus":"BOSS_RELIC","is_daily":false,"chose_seed":false,"campfire_upgraded":1,"win_rate":0.0,"timestamp":1609364485,"path_taken":["M","?","M","?","M","R","E","M","T","E","?","R","E","M","R","BOSS"],"items_purchased_type":[],"build_version":"2020-12-22","purchased_purges":0,"victory":false,"max_hp_per_floor":[71,71,71,71,71,71,71,71,71,71,71,71,71,71,71,71,71],"relic_stats":{"counters":[9,34],"Shuriken":[5],"Blue Candle":[0],"Snecko Eye":[44,60,57,68],"Art of War":[4],"Juzu Bracelet":0,"obtain_stats":[{"Shuriken":9,"Blue Candle":10,"Snecko Eye":0,"Art of War":4,"Juzu Bracelet":13,"Cracked Core":0,"StrikeDummy":7},{"Shuriken":5,"Blue Candle":6,"Snecko Eye":0,"Art of War":2,"Juzu Bracelet":7,"Cracked Core":0,"StrikeDummy":4},{"Shuriken":20,"Blue Candle":22,"Snecko Eye":0,"Art of War":11,"Juzu Bracelet":26,"Cracked Core":0,"StrikeDummy":18}]},"card_choices":[{"not_picked":["Beam Cell","Redo"],"picked":"Consume","floor":1.0},{"not_picked":["Barrage","Tempest"],"picked":"Streamline","floor":3.0},{"not_picked":["Steam","Melter"],"picked":"Sunder","floor":5.0},{"not_picked":["Conserve Battery","Stack"],"picked":"Sunder","floor":7.0},{"not_picked":["Compile Driver","Lockon"],"picked":"Sunder","floor":8.0},{"not_picked":["Seek","Self Repair","Streamline"],"picked":"SKIP","floor":10.0},{"not_picked":["Redo","Hello World"],"picked":"Ball Lightning","floor":13.0},{"not_picked":["Steam","Gash","Turbo"],"picked":"SKIP","floor":14}],"player_experience":843820,"relics_obtained":[{"floor":4.0,"key":"Art of War"},{"floor":7.0,"key":"StrikeDummy"},{"floor":9.0,"key":"Shuriken"},{"floor":10.0,"key":"Blue Candle"},{"floor":13.0,"key":"Juzu Bracelet"}],"event_choices":[{"damage_healed":0.0,"max_hp_gain":0.0,"max_hp_loss":0.0,"gold_gain":0.0,"event_name":"Shining Light","player_choice":"Entered Light","floor":2.0,"gold_loss":0.0,"damage_taken":21.0,"cards_upgraded":["Strike_B","Defend_B"]},{"damage_healed":0.0,"max_hp_gain":0.0,"max_hp_loss":0.0,"gold_gain":0.0,"cards_transformed":["Strike_B"],"event_name":"Transmorgrifier","player_choice":"Transformed","floor":11.0,"gold_loss":0.0,"damage_taken":0.0,"cards_obtained":["White Noise"]}],"is_beta":false,"boss_relics":[],"items_purged_floors":[],"is_endless":false,"potions_floor_spawned":[3,8,10,13,14],"killed_by":"Slime Boss","ascension_level":20}}