{"host":"n9qtmgye2hz5t4ok","time":1609370386,"event":{"mods":["Act Like it!","BaseMod","Colored Map","Colored Powertips","Downfall","Gensokyo","Infinite Spire","Koishi","Marisa????????","Minty Spire (QoL Compilation)","Quick Restart","Remilia??????","StSLib","The Disciple","The Jungle","The Servant 0.9.4"],"gold_per_floor":[111,68231,68231,67731,67731,67756,66592,66612,66612,66612,66623,66623,66658,66669,66669,66771,66771,66786,66786,66025,66039,66057,66057,66057,66070,66117,66127,66139,66139,66167,66195,66195,66294,66294,66312,66322,66322,65425,65425,65460,65460,65478,65527,65552,65563,64713,64713,64724,64724,64724],"floor_reached":51,"playtime":2946,"items_purged":["Defend_B","Strike_B","Blizzard+1","Defend_B"],"score":898,"play_id":"67b8f99d-2a73-46b0-b8a7-73a8547411cc","local_time":"20201231001946","is_ascension_mode":true,"campfire_choices":[{"data":"Storm","floor":10,"key":"SMITH"},{"data":"Reboot","floor":15,"key":"SMITH"},{"data":"Storm","floor":23,"key":"SMITH"},{"data":"Aggregate","floor":29,"key":"SMITH"},{"data":"Aggregate","floor":32,"key":"SMITH"},{"data":"infinitespire:UltimateForm","floor":49,"key":"SMITH"}],"circlet_count":0,"master_deck":["Strike_B","Zap","Dualcast","Static Discharge+1","FTL+1","Force Field","Steam","Hello World","Storm+1","Steam","Loop","FTL","infinitespire:Fortify","FTL+1","Biased Cognition","Seek+1","expansioncontent:DashGenerateEvil+1","Reboot+1","Coolheaded+1","Echo Form","Lockon+1","Electrodynamics","Stack","Storm+1","Dramatic Entrance+1","Aggregate+1","Aggregate+1","infinitespire:UltimateForm+1","Barrage+1","Electrodynamics","Steam+1","Thunder Strike+1","White Noise+1","Master of Strategy","Thunder Strike+1","Defragment","expansioncontent:PrepareCrush","expansioncontent:StudyTheSpire","Aggregate+1"],"relics":["Astrolabe","Orrery","Happy Flower","infinitespire:FocusingShard","Molten Egg 2","infinitespire:Lucky Rock","Regal Pillow","Strange Spoon","Kunai","War Paint","SlaversCollar","infinitespire:CursedDice","Tiny Chest","Dream Catcher","OrangePellets","infinitespire:WardingShard","Red Mask","Philosopher\u0027s Stone","Nunchaku","PreservedInsect","Chemical X","Calipers","Prayer Wheel","Potion Belt","Pantograph","Omamori","Bag of Preparation","ClockworkSouvenir"],"acts_visited":["Exordium","TheCity","TheBeyond"],"potions_floor_usage":[6,6,16,16,22,27,28,30,31,33,45],"damage_taken":[{"damage":1,"enemies":"2 Louse","floor":1,"turns":2},{"damage":12,"enemies":"3 Sentries","floor":6,"turns":6},{"damage":0,"enemies":"Small Slimes","floor":8,"turns":1},{"damage":0,"enemies":"Cultist","floor":11,"turns":2},{"damage":11,"enemies":"Lagavulin","floor":13,"turns":4},{"damage":0,"enemies":"Blue Slaver","floor":14,"turns":2},{"damage":20,"enemies":"The Guardian","floor":16,"turns":5},{"damage":4,"enemies":"Chosen","floor":18,"turns":4},{"damage":0,"enemies":"Spheric Guardian","floor":21,"turns":3},{"damage":9,"enemies":"Snake Plant","floor":22,"turns":2},{"damage":8,"enemies":"Centurion and Healer","floor":25,"turns":2},{"damage":10,"enemies":"Chosen and Byrds","floor":27,"turns":2},{"damage":7,"enemies":"Shelled Parasite and Fungi","floor":28,"turns":3},{"damage":12,"enemies":"Book of Stabbing","floor":30,"turns":4},{"damage":10,"enemies":"Masked Bandits","floor":31,"turns":2},{"damage":8,"enemies":"Champ","floor":33,"turns":4},{"damage":0,"enemies":"3 Darklings","floor":35,"turns":2},{"damage":8,"enemies":"Orb Walker","floor":36,"turns":3},{"damage":0,"enemies":"Giant Head","floor":40,"turns":5},{"damage":11,"enemies":"infinitespire:Three Voidlings","floor":41,"turns":2},{"damage":0,"enemies":"Sphere and 2 Shapes","floor":42,"turns":2},{"damage":3,"enemies":"Nemesis","floor":44,"turns":3},{"damage":19,"enemies":"Jaw Worm Horde","floor":45,"turns":2},{"damage":0,"enemies":"Spire Growth","floor":48,"turns":2},{"damage":0,"enemies":"Donu and Deca","floor":50,"turns":2}],"seed_played":"2573621036984288427","potions_obtained":[{"floor":16,"key":"ColorlessPotion"},{"floor":22,"key":"DistilledChaos"},{"floor":27,"key":"sneckomod:MuddlingPotion"},{"floor":30,"key":"Explosive Potion"},{"floor":31,"key":"Energy Potion"},{"floor":44,"key":"Explosive Potion"}],"is_trial":false,"path_per_floor":["M","$","?","?","?","E","$","M","T","R","M","?","E","M","R","B",null,"M","?","$","M","M","R","AVR","M","T","M","M","R","E","?","R","B",null,"M","M","?","$","T","E","?","M","T","E","M","$","?","M","R","B",null],"character_chosen":"DEFECT","items_purchased":["Steam","Hello World","Orrery","Happy Flower","infinitespire:FocusingShard","Regen Potion","Energy Potion","Explosive Potion","infinitespire:Lucky Rock","Regal Pillow","Strange Spoon","Biased Cognition","Seek","PowerPotion","FairyPotion","expansioncontent:DashGenerateEvil+1","Tiny Chest","Dream Catcher","OrangePellets","Storm","Dramatic Entrance+1","Block Potion","Nunchaku","PreservedInsect","Chemical X","Master of Strategy","PotionOfCapacity","SkillPotion","Omamori","Bag of Preparation","ClockworkSouvenir","Defragment","Block Potion","Fire Potion","expansioncontent:PrepareCrush"],"campfire_rested":0,"item_purchase_floors":[2,2,2,2,2,2,2,2,7,7,7,7,7,7,7,7,20,20,20,20,20,20,38,38,38,38,38,38,46,46,46,46,46,46,46],"current_hp_per_floor":[74,74,74,74,74,74,74,74,74,74,74,74,63,63,63,43,75,71,71,71,71,62,62,62,54,54,44,37,37,25,15,15,7,75,75,67,67,67,67,67,56,56,56,53,34,34,34,34,34,59],"gold":64724,"neow_bonus":"BOSS_RELIC","is_daily":false,"chose_seed":false,"campfire_upgraded":6,"win_rate":0.0,"timestamp":1609370386,"path_taken":["M","$","?","?","?","E","$","M","T","R","M","?","E","?","R","BOSS","M","?","$","M","M","R","AVR","?","T","M","M","R","E","?","R","BOSS","M","M","?","$","?","E","?","M","T","E","M","$","?","?","R","BOSS"],"items_purchased_type":["Card","Card","Relic","Relic","Relic","Potion","Potion","Potion","Relic","Relic","Relic","Card","Card","Potion","Potion","Card","Relic","Relic","Relic","Card","Card","Potion","Relic","Relic","Relic","Card","Potion","Potion","Relic","Relic","Relic","Card","Potion","Potion","Card"],"build_version":"2020-12-22","purchased_purges":4,"victory":true,"max_hp_per_floor":[75,75,75,75,75,75,75,75,75,75,75,75,75,75,75,75,75,75,75,75,75,75,75,75,75,75,75,75,75,75,75,75,75,75,75,75,75,75,75,75,75,75,75,75,75,75,75,75,75,75],"card_choices":[{"not_picked":["Static Discharge","Coolheaded"],"picked":"Force Field","floor":1},{"not_picked":["Redo","Aggregate"],"picked":"Storm","floor":2},{"not_picked":["Tempest","Fusion"],"picked":"Steam","floor":2},{"not_picked":["Rebound","Turbo"],"picked":"Loop","floor":2},{"not_picked":["Chaos","Reinforced Body"],"picked":"FTL","floor":2},{"not_picked":["infinitespire:DeathsTouch","infinitespire:Execution"],"picked":"infinitespire:Fortify","floor":4},{"not_picked":["Hello World","Chaos"],"picked":"FTL+1","floor":6},{"not_picked":["Streamline+1","Hologram","Sweeping Beam+1"],"picked":"SKIP","floor":8},{"not_picked":["Chill","Go for the Eyes+1"],"picked":"Reboot","floor":11},{"not_picked":["Stack","Scrape+1"],"picked":"Echo Form","floor":13},{"not_picked":["Leap","Hologram"],"picked":"Lockon+1","floor":14},{"not_picked":["Amplify","Reboot"],"picked":"Electrodynamics","floor":16},{"not_picked":["Hologram","Go for the Eyes+1"],"picked":"Stack","floor":18},{"not_picked":["Compile Driver+1","Barrage+1"],"picked":"Aggregate","floor":21},{"not_picked":["Hologram","Barrage+1"],"picked":"Aggregate","floor":22},{"not_picked":["Ball Lightning+1","Steam Power+1"],"picked":"Barrage+1","floor":25},{"not_picked":["Sweeping Beam+1","Gash+1"],"picked":"Electrodynamics","floor":27},{"not_picked":["Streamline+1","FTL+1"],"picked":"Stack+1","floor":28},{"not_picked":["Static Discharge","Tempest","Undo"],"picked":"SKIP","floor":30},{"not_picked":["Compile Driver+1","Self Repair"],"picked":"Steam+1","floor":31},{"not_picked":["Creative AI","Reboot"],"picked":"Thunder Strike+1","floor":33},{"not_picked":["Go for the Eyes+1","Rebound+1","Reinforced Body+1"],"picked":"SKIP","floor":35},{"not_picked":["Conserve Battery","Gash+1"],"picked":"White Noise+1","floor":36},{"not_picked":["Lockon+1","Recycle+1","FTL+1"],"picked":"SKIP","floor":40},{"not_picked":["FTL+1","Coolheaded"],"picked":"Thunder Strike+1","floor":42},{"not_picked":["Hologram+1","Doom and Gloom+1","Sunder+1"],"picked":"SKIP","floor":42},{"not_picked":["Sweeping Beam+1","Cold Snap+1","Undo+1"],"picked":"SKIP","floor":44},{"not_picked":["Steam","Ball Lightning+1","Buffer"],"picked":"SKIP","floor":45},{"not_picked":["Hologram+1","Conserve Battery+1","Ball Lightning+1"],"picked":"SKIP","floor":45},{"not_picked":["Panacea","Good Instincts"],"picked":"expansioncontent:StudyTheSpire","floor":47},{"not_picked":["Sweeping Beam+1","Undo+1"],"picked":"Aggregate+1","floor":48},{"not_picked":["Streamline+1","Ball Lightning+1","Double Energy"],"picked":"SKIP","floor":48}],"player_experience":90071,"relics_obtained":[{"floor":6,"key":"Molten Egg 2"},{"floor":9,"key":"Kunai"},{"floor":13,"key":"War Paint"},{"floor":19,"key":"infinitespire:CursedDice"},{"floor":30,"key":"infinitespire:WardingShard"},{"floor":31,"key":"Red Mask"},{"floor":39,"key":"Calipers"},{"floor":40,"key":"Prayer Wheel"},{"floor":43,"key":"Potion Belt"},{"floor":44,"key":"Pantograph"}],"event_choices":[{"damage_healed":0,"gold_gain":0,"player_choice":"Ignored","damage_taken":0,"max_hp_gain":0,"max_hp_loss":0,"event_name":"Golden Idol","floor":3,"gold_loss":0},{"damage_healed":0,"gold_gain":0,"player_choice":"Ignored","damage_taken":0,"max_hp_gain":0,"max_hp_loss":0,"event_name":"Liars Game","floor":5,"gold_loss":0},{"damage_healed":0,"gold_gain":0,"cards_transformed":["Defend_B"],"player_choice":"Transformed","damage_taken":0,"max_hp_gain":0,"max_hp_loss":0,"event_name":"Transmorgrifier","floor":12,"gold_loss":0,"cards_obtained":["Coolheaded"]},{"damage_healed":0,"gold_gain":0,"player_choice":"Relic","damage_taken":0,"max_hp_gain":0,"max_hp_loss":0,"event_name":"Wheel of Change","floor":19,"gold_loss":0},{"damage_healed":0,"gold_gain":0,"player_choice":"Fought Bandits","damage_taken":0,"max_hp_gain":0,"max_hp_loss":0,"event_name":"Masked Bandits","floor":31,"gold_loss":0},{"cards_removed":["Stack"],"damage_healed":0,"gold_gain":0,"player_choice":"Removed Skill","damage_taken":0,"max_hp_gain":0,"max_hp_loss":0,"event_name":"Falling","floor":37,"gold_loss":0},{"damage_healed":0,"gold_gain":0,"player_choice":"Memory 1","damage_taken":0,"max_hp_gain":0,"max_hp_loss":0,"event_name":"SensoryStone","floor":47,"gold_loss":0}],"is_beta":false,"boss_relics":[{"not_picked":["Cursed Key","Nuclear Battery"],"picked":"SlaversCollar"},{"not_picked":["Sozu","Empty Cage"],"picked":"Philosopher\u0027s Stone"}],"items_purged_floors":[7,20,38,46],"is_endless":false,"potions_floor_spawned":[11,13,14,16,22,27,30,31,40,41,44,48],"ascension_level":1}}