{"host":"b4oqa93y40rb9616","time":1609350100,"event":{"mods":["BaseMod","Colored Map","Custom Start","DeckTracker","Keyboard Shortcuts","Minty Spire (QoL Compilation)","Permanent Neow","Quick Restart","StSLib","SuperFastMode","everything is the same but u backflip on backflip"],"gold_per_floor":[10,23,23,44,68,111,111,111,165,165,189,189,202,245,245,340,340,356,374,390,411,429,429,479,498,522,522,545,545,545],"floor_reached":29,"playtime":576,"items_purged":[],"score":513,"play_id":"f1685680-0c76-4ce3-825a-1e29d6f3539e","local_time":"20201231024140","is_ascension_mode":true,"campfire_choices":[{"floor":7.0,"key":"REST"},{"data":"Perfected Strike","floor":10.0,"key":"SMITH"},{"data":"Bludgeon","floor":12.0,"key":"SMITH"},{"data":"Disarm","floor":15.0,"key":"SMITH"},{"data":"Demon Form","floor":23.0,"key":"SMITH"},{"floor":27.0,"key":"REST"}],"circlet_count":0,"master_deck":["AscendersBane","Strike_R","Strike_R","Strike_R","Strike_R","Strike_R","Defend_R","Defend_R","Defend_R","Bash","Bludgeon+1","Wild Strike","Limit Break","Evolve","Perfected Strike+1","Flame Barrier","Disarm+1","Demon Form+1","Perfected Strike","Second Wind+1","Perfected Strike","Perfected Strike"],"relics":["Burning Blood","Golden Idol","Question Card","Tiny Chest","Bronze Scales","Smiling Mask","Snecko Eye"],"acts_visited":["Exordium","TheCity"],"potions_floor_usage":[],"damage_taken":[{"damage":12.0,"enemies":"Jaw Worm","floor":1.0,"turns":2.0},{"damage":10.0,"enemies":"2 Louse","floor":2.0,"turns":3.0},{"damage":1.0,"enemies":"Cultist","floor":4.0,"turns":3.0},{"damage":26.0,"enemies":"Exordium Thugs","floor":5.0,"turns":5.0},{"damage":30.0,"enemies":"Lagavulin","floor":6.0,"turns":7.0},{"damage":16.0,"enemies":"Lots of Slimes","floor":13.0,"turns":5.0},{"damage":0.0,"enemies":"Gremlin Nob","floor":14.0,"turns":2.0},{"damage":26.0,"enemies":"Hexaghost","floor":16.0,"turns":8.0},{"damage":9.0,"enemies":"Shell Parasite","floor":18.0,"turns":2.0},{"damage":1.0,"enemies":"3 Byrds","floor":19.0,"turns":1.0},{"damage":37.0,"enemies":"Shelled Parasite and Fungi","floor":20.0,"turns":3.0},{"damage":0.0,"enemies":"Centurion and Healer","floor":21.0,"turns":4.0},{"damage":14.0,"enemies":"Snake Plant","floor":22.0,"turns":3.0},{"damage":10.0,"enemies":"Cultist and Chosen","floor":25.0,"turns":4.0},{"damage":10.0,"enemies":"Snecko","floor":28.0,"turns":4.0},{"damage":16,"enemies":"Book of Stabbing","floor":29,"turns":3}],"seed_played":"-7824983432224682504","potions_obtained":[{"floor":2.0,"key":"Swift Potion"},{"floor":6.0,"key":"SkillPotion"},{"floor":13.0,"key":"Block Potion"},{"floor":14.0,"key":"Fire Potion"},{"floor":19.0,"key":"Strength Potion"},{"floor":20.0,"key":"SpeedPotion"}],"is_trial":false,"path_per_floor":["M","M","?","M","M","E","R","?","T","R","T","R","M","E","R","B",null,"M","M","M","M","M","R","?","M","T","R","M","E"],"character_chosen":"IRONCLAD","items_purchased":[],"campfire_rested":2,"item_purchase_floors":[],"current_hp_per_floor":[62,58,58,63,43,19,39,32,32,32,32,32,22,28,28,8,53,50,55,24,30,22,22,16,12,12,32,28,12,12],"gold":545,"neow_bonus":"THREE_RARE_CARDS","is_daily":false,"chose_seed":false,"campfire_upgraded":4,"win_rate":0.0,"timestamp":1609350100,"path_taken":["M","M","?","M","M","E","R","?","T","R","?","R","M","E","R","BOSS","M","M","?","M","M","R","?","M","T","R","M","E"],"items_purchased_type":[],"build_version":"2020-12-22","purchased_purges":0,"victory":false,"max_hp_per_floor":[75,75,68,68,68,68,68,68,68,68,68,68,68,68,68,68,68,68,68,68,68,68,68,68,68,68,68,68,68,68],"card_choices":[{"not_picked":["Juggernaut","Fiend Fire"],"picked":"Bludgeon","floor":0.0},{"not_picked":["Body Slam","Sever Soul","Havoc"],"picked":"SKIP","floor":1.0},{"not_picked":["Reckless Charge","Warcry"],"picked":"Wild Strike","floor":2.0},{"not_picked":["Havoc","Flex"],"picked":"Limit Break","floor":4.0},{"not_picked":["Flex","Clothesline"],"picked":"Evolve","floor":5.0},{"not_picked":["Headbutt","True Grit"],"picked":"Perfected Strike","floor":6.0},{"not_picked":["Entrench","Sever Soul","Headbutt"],"picked":"Flame Barrier","floor":13.0},{"not_picked":["Iron Wave","Entrench","Havoc"],"picked":"Disarm","floor":14.0},{"not_picked":["Fiend Fire","Barricade","Limit Break"],"picked":"Demon Form","floor":16.0},{"not_picked":["Armaments","Warcry","Dark Embrace","Iron Wave"],"picked":"SKIP","floor":18.0},{"not_picked":["Hemokinesis","Pommel Strike","Intimidate"],"picked":"Perfected Strike","floor":19.0},{"not_picked":["Havoc","Shrug It Off","Twin Strike"],"picked":"Second Wind+1","floor":20.0},{"not_picked":["Headbutt","Armaments","Body Slam","True Grit"],"picked":"SKIP","floor":21.0},{"not_picked":["Metallicize","Combust","Ghostly Armor","Sword Boomerang"],"picked":"SKIP","floor":22.0},{"not_picked":["Wild Strike","Pommel Strike+1","Corruption"],"picked":"Perfected Strike","floor":25.0},{"not_picked":["Shrug It Off","Feel No Pain","Wild Strike"],"picked":"Perfected Strike","floor":28.0}],"player_experience":414341,"relics_obtained":[{"floor":6.0,"key":"Question Card"},{"floor":9.0,"key":"Tiny Chest"},{"floor":11.0,"key":"Bronze Scales"},{"floor":14.0,"key":"Smiling Mask"}],"event_choices":[{"damage_healed":0.0,"max_hp_gain":0.0,"max_hp_loss":7.0,"gold_gain":0.0,"event_name":"Golden Idol","player_choice":"Lose Max HP","floor":3.0,"gold_loss":0.0,"damage_taken":0.0,"relics_obtained":["Golden Idol"]},{"cards_removed":["Defend_R"],"damage_healed":0.0,"max_hp_gain":0.0,"max_hp_loss":0.0,"gold_gain":0.0,"event_name":"Golden Wing","player_choice":"Card Removal","floor":8.0,"gold_loss":0.0,"damage_taken":7.0},{"damage_healed":0.0,"max_hp_gain":0.0,"max_hp_loss":0.0,"gold_gain":50.0,"event_name":"FaceTrader","player_choice":"Touch","floor":24.0,"gold_loss":0.0,"damage_taken":6.0}],"is_beta":false,"boss_relics":[{"not_picked":["Calling Bell","SlaversCollar"],"picked":"Snecko Eye"}],"items_purged_floors":[],"is_endless":false,"potions_floor_spawned":[2,6,13,14,19,20],"killed_by":"Book of Stabbing","ascension_level":17}}