{"host":"xazfs2cmso1lkipw","time":1609343888,"event":{"mods":["Arknights The Spire","BaseMod","Bestiary","Better Third Choice","Colored Powertips","Custom Start","Highlight Path","Mad Scientist","Marisa????????","Minty Spire (QoL Compilation)","Quick Restart","Railgun Mod","Relic Stats","Remilia??????","Shop Mod","StSLib","The Alterego","The Elementalist","The Servant 0.9.4","TheSwordswoman"],"gold_per_floor":[120,136,136,157,207,207,207],"floor_reached":6,"playtime":311,"items_purged":[],"score":86,"play_id":"eed88577-406c-469a-9a9c-511a0d3d543a","local_time":"20201230235808","daily_mods":["Hoarder","Specialized","Heirloom","Time Dilation","Flight","Elite Swarm","Lethality"],"is_ascension_mode":false,"campfire_choices":[],"circlet_count":0,"master_deck":["Demon Form","Wraith Form v2","Echo Form","DevaForm","TheRailgun:Level_6","BatForm","FlawlessForm","TheRailgun:Strike","TheRailgun:Strike","TheRailgun:Strike","TheRailgun:Strike","TheRailgun:Defend","TheRailgun:Defend","TheRailgun:Defend","TheRailgun:Defend","TheRailgun:Discharge","TheRailgun:Static","TheRailgun:Zip","TheRailgun:Discharge","TheRailgun:Discharge","TheRailgun:Discharge","TheRailgun:Discharge","TheRailgun:Discharge","TheRailgun:Discharge","TheRailgun:Discharge","TheRailgun:Discharge","TheRailgun:Discharge","TheRailgun:Discharge","TheRailgun:Discharge","TheRailgun:Discharge","TheRailgun:Discharge","TheRailgun:Discharge","TheRailgun:Discharge","TheRailgun:Pull","TheRailgun:Pull","TheRailgun:Pull","TheRailgun:Spark","TheRailgun:Spark","TheRailgun:Spark","TheRailgun:Iron_Dust_Vial","TheRailgun:Iron_Dust_Vial","TheRailgun:Iron_Dust_Vial"],"relics":["TheRailgun:CoinRelic","Gambling Chip","Golden Idol"],"acts_visited":["Exordium"],"potions_floor_usage":[],"damage_taken":[{"damage":19,"enemies":"2 Louse","floor":1,"turns":4},{"damage":18,"enemies":"Jaw Worm","floor":2,"turns":4},{"damage":6,"enemies":"Small Slimes","floor":4,"turns":3},{"damage":21,"enemies":"Lagavulin","floor":6,"turns":2}],"seed_played":"-3787414610580058964","potions_obtained":[{"floor":4,"key":"SneckoOil"}],"is_trial":true,"path_per_floor":["M","M","?","M","?","E"],"character_chosen":"THE_DEFAULT","items_purchased":[],"campfire_rested":0,"item_purchase_floors":[],"current_hp_per_floor":[51,33,16,10,10,0,0],"gold":207,"neow_bonus":"","is_daily":false,"chose_seed":false,"campfire_upgraded":0,"win_rate":0.0,"timestamp":1609343888,"path_taken":["M","M","?","M","?","E"],"items_purchased_type":[],"build_version":"2020-12-22","purchased_purges":0,"victory":false,"max_hp_per_floor":[70,70,70,70,70,70,70],"relic_stats":{"counters":[4,13],"Golden Idol":4,"Gambling Chip":[15],"obtain_stats":[{"TheRailgun:CoinRelic":0,"Golden Idol":3,"Gambling Chip":0},{"TheRailgun:CoinRelic":0,"Golden Idol":2,"Gambling Chip":0},{"TheRailgun:CoinRelic":0,"Golden Idol":8,"Gambling Chip":0}]},"card_choices":[{"not_picked":["TheRailgun:Positive_Field","TheRailgun:Token_Collection"],"picked":"TheRailgun:Pull","floor":1},{"not_picked":["TheRailgun:Charge","TheRailgun:Thunder"],"picked":"TheRailgun:Spark","floor":2},{"not_picked":["TheRailgun:Zip","TheRailgun:Scatter_Railgun"],"picked":"TheRailgun:Iron_Dust_Vial","floor":4}],"player_experience":17699,"relics_obtained":[],"event_choices":[{"damage_healed":0,"gold_gain":0,"player_choice":"Take Damage","damage_taken":17,"relics_obtained":["Golden Idol"],"max_hp_gain":0,"max_hp_loss":0,"event_name":"Golden Idol","floor":3,"gold_loss":0}],"is_beta":false,"boss_relics":[],"items_purged_floors":[],"is_endless":false,"potions_floor_spawned":[4],"killed_by":"Lagavulin","ascension_level":0}}