{"host":"udyc8f81k2jocuhg","time":1609335439,"event":{"mods":["2.2 Compatiblity","BaseMod","Better Third Choice","Colored Powertips","Conspire","Custom Start","GifTheSpireLib","Hermit","Minty Spire (QoL Compilation)","Permanent Neow","Quick Restart","Relic Filter","Relic Stats","Replay The Spire","Shop Mod","Spikes Relics","StSLib","Stuff the Spire"],"gold_per_floor":[115,126,126,141,158,158,158],"floor_reached":6,"playtime":244,"items_purged":[],"score":67,"play_id":"7857d5a7-ccb4-43fd-8142-bb9a8235e6e3","local_time":"20201230143719","is_ascension_mode":true,"campfire_choices":[],"circlet_count":0,"master_deck":["AscendersBane","Strike_B","Strike_B","Strike_B","Strike_B","Defend_B","Defend_B","Defend_B","Defend_B","Zap","Dualcast","FIFO Queue","conspire:SharedLibrary","Ball Lightning"],"relics":["Cursed Key"],"acts_visited":["Exordium"],"potions_floor_usage":[],"damage_taken":[{"damage":0,"enemies":"Small Slimes","floor":1,"turns":5},{"damage":4,"enemies":"2 Louse","floor":2,"turns":3},{"damage":0,"enemies":"Cultist","floor":4,"turns":4},{"damage":23,"enemies":"Lots of Slimes","floor":5,"turns":5},{"damage":40,"enemies":"3 Sentries","floor":6,"turns":6}],"seed_played":"1580066439481055099","potions_obtained":[{"floor":4,"key":"SpeedPotion"}],"is_trial":false,"path_per_floor":["M","M","?","M","M","E"],"character_chosen":"DEFECT","items_purchased":[],"campfire_rested":0,"item_purchase_floors":[],"current_hp_per_floor":[64,60,60,60,37,0,0],"gold":158,"neow_bonus":"BOSS_RELIC","is_daily":false,"chose_seed":false,"campfire_upgraded":0,"win_rate":0.0,"timestamp":1609335439,"path_taken":["M","M","?","M","M","E"],"items_purchased_type":[],"build_version":"2020-12-22","purchased_purges":0,"victory":false,"max_hp_per_floor":[71,71,71,71,71,71,71],"relic_stats":{"counters":[5,23],"Cursed Key":0,"obtain_stats":[{"Cracked Core":0,"Cursed Key":0},{"Cracked Core":0,"Cursed Key":0},{"Cracked Core":0,"Cursed Key":0}]},"card_choices":[{"not_picked":["BasicCrystalCard","Hologram","Barrage"],"picked":"SKIP","floor":1},{"not_picked":["StuffTheSpire:Plugnplay","Conserve Battery"],"picked":"FIFO Queue","floor":2},{"not_picked":["Capacitor","StuffTheSpire:NuclearReactor"],"picked":"conspire:SharedLibrary","floor":4},{"not_picked":["Rebound","Leap"],"picked":"Ball Lightning","floor":5}],"player_experience":1938479,"relics_obtained":[],"event_choices":[],"is_beta":false,"boss_relics":[],"items_purged_floors":[],"is_endless":false,"potions_floor_spawned":[4],"killed_by":"3 Sentries","ascension_level":15}}