{"host":"g520aj7wy7fyc13m","time":1609331172,"event":{"mods":["2.2 Compatiblity","AlwaysNeverKeys","Aspiration","BaseMod","Better Sensory Stone","Better Third Choice","Colored Powertips","Downfall","Hermit","Jorbs\u0027s Wanderer Trilogy","Minty Spire (QoL Compilation)","Permanent Neow","Quick Restart","Random Character Button","StSLib","The Disciple","The Runesmith","egg"],"gold_per_floor":[99,125,425,200,200],"floor_reached":7,"playtime":273,"items_purged":[],"score":660,"play_id":"6c781a3c-749f-4e69-b09a-3aa816d4fc1e","local_time":"20201230122612","is_ascension_mode":false,"campfire_choices":[{"data":"Sword Boomerang","floor":5,"key":"SMITH"}],"circlet_count":0,"master_deck":["Sword Boomerang","Sword Boomerang","Sword Boomerang+1","Sword Boomerang","Sword Boomerang","Sword Boomerang","Sword Boomerang","Sword Boomerang","Sword Boomerang","Sword Boomerang","Sword Boomerang","Sword Boomerang","Sword Boomerang"],"relics":["champ:ChampionCrown","Vajra","Vajra","Vajra","Vajra","Vajra","Vajra","Vajra","Vajra","Vajra","Vajra","Vajra","Vajra","Vajra","Vajra","Vajra","Vajra","Vajra","Vajra","Vajra","Vajra","Vajra","Vajra","Vajra","Vajra","Vajra","Vajra","Vajra","Vajra","Vajra","Vajra","Vajra","Vajra","Vajra","Vajra","Vajra","Vajra","Vajra","aspiration:ChemicalBlood","downfall:HeartBlessingGreen","downfall:HeartBlessingRed","downfall:HeartBlessingBlue"],"acts_visited":["Exordium","TheEnding"],"potions_floor_usage":[],"damage_taken":[{"damage":13,"enemies":"downfall:CharBossMerchant","floor":3,"turns":2},{"damage":0,"enemies":"downfall:FleeingMerchant","floor":4,"turns":2},{"damage":0,"enemies":"downfall:NeowBoss","floor":6,"turns":7}],"seed_played":"-4603791074204871026","potions_obtained":[{"floor":3,"key":"Ancient Potion"}],"is_trial":false,"path_per_floor":["E","$","R","B",null],"character_chosen":"THE_CHAMP","items_purchased":[],"campfire_rested":0,"item_purchase_floors":[],"current_hp_per_floor":[90,77,77,87,87],"gold":200,"neow_bonus":"","is_daily":false,"chose_seed":false,"campfire_upgraded":1,"win_rate":0.0,"timestamp":1609331172,"path_taken":["BOSS","E","$","R","BOSS"],"items_purchased_type":[],"build_version":"2020-12-22","purchased_purges":0,"victory":true,"max_hp_per_floor":[90,90,90,100,100],"card_choices":[{"not_picked":["champ:ViciousMockery+1","champ:HeartStrike","champ:Aggression+1"],"picked":"SKIP","floor":3},{"not_picked":["champ:ArenaPreparation","champ:AdrenalArmor+1","champ:FlashCut"],"picked":"SKIP","floor":4}],"player_experience":583830,"relics_obtained":[{"floor":3,"key":"aspiration:ChemicalBlood"}],"event_choices":[],"is_beta":false,"boss_relics":[],"items_purged_floors":[],"is_endless":false,"potions_floor_spawned":[3],"ascension_level":0}}