{"host":"baymyijz6sxaqj5s","time":1609336811,"event":{"mods":["AchievementEnabler","BaseMod","Colored Map","Colored Powertips","DeckTracker","Highlight Path","KOR Keyword Fix","Keyboard Shortcuts","Minty Spire (QoL Compilation)","Quick Restart","StSLib","SuperFastMode"],"gold_per_floor":[114,126,126,55,35,35,46,46,46,24,41,41,89,102,102,203,253,271,271,226,245,261,261,280,280,280,297,297,312,312,326,326,424,424,443,461,461,477,69,69,69,69],"floor_reached":41,"playtime":1739,"items_purged":[],"score":410,"play_id":"64147814-f349-4049-bb63-b0f478fdaa68","local_time":"20201230230011","is_ascension_mode":false,"campfire_choices":[{"data":"Dualcast","floor":6,"key":"SMITH"},{"data":"Zap","floor":8,"key":"SMITH"},{"floor":12,"key":"REST"},{"data":"Defragment","floor":15,"key":"SMITH"},{"floor":32,"key":"REST"},{"floor":40,"key":"REST"}],"circlet_count":0,"master_deck":["Strike_B","Strike_B+1","Strike_B","Defend_B","Defend_B","Defend_B","Defend_B","Zap+1","Dualcast+1","Stack","Defragment+1","Cold Snap","Coolheaded","Leap","Electrodynamics","Conserve Battery","Doom and Gloom","Steam","Ball Lightning","Capacitor+1","Darkness+1","Amplify+1","Parasite"],"relics":["Cracked Core","Girya","Nunchaku","Tiny House","Question Card","Gremlin Horn","Cursed Key","Blue Candle","Bag of Marbles"],"acts_visited":["Exordium","TheCity","TheBeyond"],"potions_floor_usage":[16,16,24,24,33,41],"damage_taken":[{"damage":6,"enemies":"Jaw Worm","floor":1,"turns":3},{"damage":0,"enemies":"Cultist","floor":2,"turns":4},{"damage":7,"enemies":"2 Louse","floor":7,"turns":2},{"damage":27,"enemies":"Gremlin Gang","floor":11,"turns":7},{"damage":0,"enemies":"Exordium Wildlife","floor":14,"turns":5},{"damage":33,"enemies":"Slime Boss","floor":16,"turns":19},{"damage":0,"enemies":"Chosen","floor":18,"turns":5},{"damage":0,"enemies":"Spheric Guardian","floor":21,"turns":7},{"damage":1,"enemies":"Cultist and Chosen","floor":22,"turns":5},{"damage":8,"enemies":"Centurion and Healer","floor":24,"turns":5},{"damage":16,"enemies":"Snake Plant","floor":27,"turns":4},{"damage":4,"enemies":"Snecko","floor":29,"turns":5},{"damage":17,"enemies":"Cultist and Chosen","floor":31,"turns":5},{"damage":44,"enemies":"Champ","floor":33,"turns":9},{"damage":23,"enemies":"Orb Walker","floor":35,"turns":5},{"damage":21,"enemies":"3 Darklings","floor":36,"turns":5},{"damage":33,"enemies":"4 Shapes","floor":38,"turns":6},{"damage":45,"enemies":"Writhing Mass","floor":41,"turns":4}],"seed_played":"-4373299364097093770","potions_obtained":[{"floor":2,"key":"FocusPotion"},{"floor":5,"key":"Block Potion"},{"floor":11,"key":"Weak Potion"},{"floor":17,"key":"FearPotion"},{"floor":18,"key":"SteroidPotion"},{"floor":22,"key":"LiquidMemories"},{"floor":27,"key":"FearPotion"}],"is_trial":false,"path_per_floor":["M","M","?","$","?","R","M","R","T","$","M","R","T","M","R","B",null,"M","?","$","M","M","?","M","T","T","M","?","M","?","M","R","B",null,"M","M","?","M","$","R","M"],"character_chosen":"DEFECT","items_purchased":["Defragment","Coolheaded","Steam","Blue Candle","Bag of Marbles"],"campfire_rested":3,"item_purchase_floors":[4,10,20,39,39],"current_hp_per_floor":[76,76,76,76,76,76,69,69,69,69,42,66,66,66,66,33,87,87,87,87,87,86,86,78,78,78,62,62,58,41,24,51,7,92,69,48,48,15,15,42,0,0],"gold":69,"neow_bonus":"TEN_PERCENT_HP_BONUS","is_daily":false,"chose_seed":false,"campfire_upgraded":3,"win_rate":0.0,"timestamp":1609336811,"path_taken":["M","M","?","?","?","R","?","R","T","$","M","R","?","M","R","BOSS","M","?","$","?","M","?","M","?","T","M","?","M","?","M","R","BOSS","M","M","?","M","$","R","M"],"items_purchased_type":["Card","Card","Card","Relic","Relic"],"build_version":"2020-12-22","purchased_purges":0,"victory":false,"max_hp_per_floor":[82,82,82,82,82,82,82,82,82,82,82,82,82,82,82,82,87,87,87,87,87,87,87,87,87,87,87,87,87,92,92,92,92,92,92,92,92,92,92,92,92,92],"card_choices":[{"not_picked":["Coolheaded","Turbo"],"picked":"Stack","floor":1},{"not_picked":["Sweeping Beam","Go for the Eyes","Blizzard"],"picked":"SKIP","floor":2},{"not_picked":["Chill","Rebound"],"picked":"Cold Snap","floor":7},{"not_picked":["Chill","Rebound"],"picked":"Leap","floor":11},{"not_picked":["Barrage","Coolheaded","Sweeping Beam"],"picked":"SKIP","floor":14},{"not_picked":["Fission","Multi-Cast"],"picked":"Electrodynamics","floor":16},{"not_picked":["Stack","Steam"],"picked":"Conserve Battery","floor":17},{"not_picked":["Storm","Compile Driver"],"picked":"Doom and Gloom","floor":18},{"not_picked":["Leap","Turbo"],"picked":"Ball Lightning","floor":21},{"not_picked":["Cold Snap","Barrage","Storm"],"picked":"SKIP","floor":22},{"not_picked":["Streamline","Loop+1","Sweeping Beam"],"picked":"SKIP","floor":24},{"not_picked":["Aggregate+1","Streamline+1","Steam","Rebound"],"picked":"SKIP","floor":27},{"not_picked":["Rainbow","Barrage","Hologram"],"picked":"Capacitor+1","floor":29},{"not_picked":["Go for the Eyes","Streamline","Cold Snap"],"picked":"Darkness+1","floor":31},{"not_picked":["All For One","Buffer","Machine Learning"],"picked":"Amplify","floor":33},{"not_picked":["Stack+1","Steam+1","Turbo+1","Ball Lightning"],"picked":"SKIP","floor":35},{"not_picked":["Ball Lightning","Turbo","Beam Cell","Chill+1"],"picked":"SKIP","floor":36},{"not_picked":["Force Field+1","Compile Driver","Capacitor","Doom and Gloom"],"picked":"SKIP","floor":38}],"player_experience":281176,"relics_obtained":[{"floor":9,"key":"Girya"},{"floor":13,"key":"Nunchaku"},{"floor":25,"key":"Question Card"},{"floor":26,"key":"Gremlin Horn"}],"event_choices":[{"damage_healed":0,"gold_gain":0,"player_choice":"0 cards matched","damage_taken":0,"max_hp_gain":0,"max_hp_loss":0,"event_name":"Match and Keep!","floor":3,"gold_loss":0,"cards_obtained":[]},{"damage_healed":0,"gold_gain":0,"player_choice":"Bought 1 Potion","damage_taken":0,"max_hp_gain":0,"max_hp_loss":0,"event_name":"The Woman in Blue","floor":5,"gold_loss":0},{"cards_removed":["Strike_B"],"damage_healed":0,"gold_gain":0,"player_choice":"Offered Basic","damage_taken":0,"max_hp_gain":0,"max_hp_loss":0,"event_name":"Bonfire Elementals","floor":19,"gold_loss":0},{"damage_healed":0,"gold_gain":0,"player_choice":"Ignored","damage_taken":0,"max_hp_gain":0,"max_hp_loss":0,"event_name":"Ghosts","floor":23,"gold_loss":0},{"damage_healed":0,"gold_gain":0,"player_choice":"Ignored","damage_taken":0,"max_hp_gain":0,"max_hp_loss":0,"event_name":"The Mausoleum","floor":28,"gold_loss":0},{"damage_healed":0,"gold_gain":0,"player_choice":"Shed Blood","damage_taken":22,"max_hp_gain":5,"max_hp_loss":0,"event_name":"Forgotten Altar","floor":30,"gold_loss":0},{"damage_healed":0,"gold_gain":0,"player_choice":"Upgraded","damage_taken":0,"max_hp_gain":0,"max_hp_loss":0,"event_name":"Upgrade Shrine","floor":37,"gold_loss":0,"cards_upgraded":["Amplify"]}],"is_beta":false,"boss_relics":[{"not_picked":["Runic Dome","Philosopher\u0027s Stone"],"picked":"Tiny House"},{"not_picked":["Velvet Choker","Snecko Eye"],"picked":"Cursed Key"}],"items_purged_floors":[],"is_endless":false,"potions_floor_spawned":[2,11,18,22,27],"killed_by":"Writhing Mass","ascension_level":0}}