{"host":"s9n53dspxjwkh5no","time":1609360251,"event":{"mods":["AchievementEnabler","Aspiration","Bard","BaseMod","Beaked The Cultist","Better Altar","Better Match","Better Note","Better Sensory Stone","Better Skull","Better Third Choice","BetterRewards","Colored Map","Colored Powertips","Conspire","Dio Mod","Disable Question Mark Monsters","Downfall","Energized Spire","Halation","Hermit","Hubris","Marisa????????","Marked Mod","Melee Mod","Minty Spire (QoL Compilation)","Quick Restart","Random Character Button","Rare Cards Sparkle","Reimu??????","Relic Stats","Remilia??????","Replay The Spire","Shade Mod","Small Relic Pack","Spicy Shops","StSLib","The Animator","The Bug Knight","The Construct","The Disciple","The Hierophant","The Problem Sleuth","The Runesmith","The Servant 0.9.4","The Valiant","The Wild Card","TheArtist","TheBandit","TheVacant","Wandering Minibosses","vexMod"],"gold_per_floor":[116,116,133,133,133,161,161,182,182,182,205,205,205,205,227,256,256,261,261],"floor_reached":18,"playtime":467,"items_purged":[],"score":135,"play_id":"8220e374-0fc4-4468-b74b-e8b90c8b4358","local_time":"20201230133051","is_ascension_mode":false,"campfire_choices":[{"floor":7,"key":"RECALL"},{"floor":14,"key":"REST"},{"floor":17,"key":"REST"}],"circlet_count":0,"master_deck":["animator:Strike_Overlord","animator:Defend_Overlord","animator:Strike","animator:Strike","animator:Defend","animator:Defend","animator:Defend","animator:Cocytus","animator:Demiurge","animator:TsurugaMeisai","animator:Azekura","animator:GazelDwargon","animator:YachiyoNanami","animator:Mikaela","animator:Souei","animator:Ciel"],"relics":["animator:LivingPicture","animator:TheMissingPiece","animator:PurgingStone","NeowsBlessing","hubris:Towel","halation:IllGainedPizza","Juzu Bracelet","Golden Idol"],"acts_visited":["Exordium"],"potions_floor_usage":[15],"damage_taken":[{"damage":0,"enemies":"Jaw Worm","floor":1,"turns":1},{"damage":0,"enemies":"Small Slimes","floor":3,"turns":1},{"damage":0,"enemies":"Lagavulin","floor":6,"turns":1},{"damage":6,"enemies":"Cultist","floor":8,"turns":7},{"damage":4,"enemies":"Exordium Wildlife","floor":15,"turns":5},{"damage":20,"enemies":"Large Slime","floor":16,"turns":8},{"damage":36,"enemies":"The Guardian","floor":18,"turns":5}],"seed_played":"2095858544598997029","potions_obtained":[{"floor":8,"key":"BlessingOfTheForge"},{"floor":16,"key":"champ:CounterPotion"}],"is_trial":false,"path_per_floor":["M","?","M","?","?","E","R","M","PTL","PTL","T","?","?","R","M","M","R","B"],"character_chosen":"THE_ANIMATOR","items_purchased":[],"campfire_rested":2,"item_purchase_floors":[],"current_hp_per_floor":[66,71,71,71,71,71,71,65,65,65,65,65,48,69,65,45,66,30,30],"gold":261,"neow_bonus":"THREE_ENEMY_KILL","is_daily":false,"chose_seed":false,"campfire_upgraded":0,"win_rate":0.0,"timestamp":1609360251,"path_taken":["M","?","M","?","?","E","R","M","PTL","PTL","T","?","?","R","M","M","R","BOSS"],"items_purchased_type":[],"build_version":"2020-12-22","purchased_purges":0,"victory":false,"max_hp_per_floor":[66,71,71,71,71,71,71,71,71,71,71,71,71,71,71,71,71,71,71],"relic_stats":{"counters":[7,27],"Golden Idol":9,"Juzu Bracelet":0,"obtain_stats":[{"animator:PurgingStone":0,"NeowsBlessing":0,"Golden Idol":13,"animator:TheMissingPiece":0,"halation:IllGainedPizza":6,"animator:LivingPicture":0,"Juzu Bracelet":11,"hubris:Towel":5},{"animator:PurgingStone":0,"NeowsBlessing":0,"Golden Idol":4,"animator:TheMissingPiece":0,"halation:IllGainedPizza":3,"animator:LivingPicture":0,"Juzu Bracelet":4,"hubris:Towel":2},{"animator:PurgingStone":0,"NeowsBlessing":0,"Golden Idol":10,"animator:TheMissingPiece":0,"halation:IllGainedPizza":3,"animator:LivingPicture":0,"Juzu Bracelet":10,"hubris:Towel":2}]},"card_choices":[{"not_picked":["animator:Rider","animator:OrikoMikuni"],"picked":"animator:TsurugaMeisai","floor":1},{"not_picked":["animator:TukaLunaMarceau","animator:Ain"],"picked":"animator:Azekura","floor":3},{"not_picked":["animator:Shichika","animator:Pride"],"picked":"animator:GazelDwargon","floor":6},{"not_picked":["animator:Sonic","animator:Viivi"],"picked":"animator:YachiyoNanami","floor":8},{"not_picked":["animator:IzunaHatsuse","animator:CowGirl"],"picked":"animator:Souei","floor":15},{"not_picked":["animator:DolaStephanie","animator:Aisha"],"picked":"animator:Ciel","floor":16}],"player_experience":361527,"relics_obtained":[{"floor":6,"key":"halation:IllGainedPizza"},{"floor":11,"key":"Juzu Bracelet"}],"event_choices":[{"damage_healed":0,"gold_gain":0,"player_choice":"Donut","damage_taken":0,"max_hp_gain":5,"max_hp_loss":0,"event_name":"Big Fish","floor":2,"gold_loss":0},{"damage_healed":0,"gold_gain":0,"player_choice":"Ignored","damage_taken":0,"max_hp_gain":0,"max_hp_loss":0,"event_name":"Purifier","floor":4,"gold_loss":0},{"damage_healed":0,"gold_gain":0,"cards_transformed":["animator:Strike"],"player_choice":"Change","damage_taken":0,"max_hp_gain":0,"max_hp_loss":0,"event_name":"Living Wall","floor":12,"gold_loss":0,"cards_obtained":["animator:Mikaela"]},{"damage_healed":0,"gold_gain":0,"player_choice":"Take Damage","damage_taken":17,"relics_obtained":["Golden Idol"],"max_hp_gain":0,"max_hp_loss":0,"event_name":"Golden Idol","floor":13,"gold_loss":0}],"is_beta":false,"boss_relics":[],"items_purged_floors":[],"is_endless":false,"potions_floor_spawned":[8,16],"killed_by":"The Guardian","ascension_level":0}}