{"host":"yo9wwslrag05lh37","time":1609352206,"event":{"mods":["AchievementEnabler","BaseMod","Block Reminder","Colored Map","Colored Powertips","GifTheSpireLib","HexUI Lib","Highlight Path","Minty Spire (QoL Compilation)","Rare Cards Sparkle","Relic Stats","StSLib","everything is the same but u backflip on backflip"],"gold_per_floor":[118,193,213,213,230,230,265,265,347,347,19,30,58,77,77,77,77],"floor_reached":16,"playtime":381,"items_purged":[],"score":220,"play_id":"947f9beb-fa51-4772-94b3-41d426a36e4c","local_time":"20201230191646","is_ascension_mode":true,"campfire_choices":[{"data":"Go for the Eyes","floor":6,"key":"SMITH"},{"data":"Coolheaded","floor":10,"key":"SMITH"},{"data":"Sweeping Beam","floor":15,"key":"SMITH"}],"circlet_count":0,"master_deck":["AscendersBane","Strike_B","Strike_B","Strike_B","Strike_B","Defend_B+1","Defend_B+1","Defend_B","Defend_B","Zap+1","Dualcast","Go for the Eyes+1","Ball Lightning","Sweeping Beam+1","Coolheaded+1","Glacier","Capacitor","Hologram+1","Recycle+1"],"relics":["Cracked Core","NeowsBlessing","War Paint","Kunai","MealTicket","Toxic Egg 2"],"acts_visited":["Exordium"],"potions_floor_usage":[7,16,16],"damage_taken":[{"damage":0,"enemies":"Small Slimes","floor":1,"turns":1},{"damage":0,"enemies":"Jaw Worm","floor":3,"turns":1},{"damage":0,"enemies":"Cultist","floor":5,"turns":1},{"damage":10,"enemies":"Lagavulin","floor":7,"turns":7},{"damage":1,"enemies":"Looter","floor":12,"turns":2},{"damage":25,"enemies":"Gremlin Nob","floor":13,"turns":4},{"damage":0,"enemies":"Large Slime","floor":14,"turns":4},{"damage":29,"enemies":"Slime Boss","floor":16,"turns":5}],"seed_played":"5805183500310920503","potions_obtained":[{"floor":1,"key":"Fire Potion"},{"floor":3,"key":"EssenceOfDarkness"},{"floor":7,"key":"Swift Potion"}],"is_trial":false,"path_per_floor":["M","?","M","?","M","R","E","?","T","R","$","M","E","M","R","B"],"character_chosen":"DEFECT","items_purchased":["MealTicket","Glacier","Capacitor"],"campfire_rested":0,"item_purchase_floors":[11,11,11],"current_hp_per_floor":[64,53,53,53,53,53,43,48,48,48,48,47,22,22,22,0,0],"gold":77,"neow_bonus":"THREE_ENEMY_KILL","is_daily":false,"chose_seed":false,"campfire_upgraded":3,"win_rate":0.0,"timestamp":1609352206,"path_taken":["M","?","M","?","?","R","E","?","T","R","$","M","E","M","R","BOSS"],"items_purchased_type":["Relic","Card","Card"],"build_version":"2020-12-22","purchased_purges":0,"victory":false,"max_hp_per_floor":[71,71,71,71,71,71,71,76,76,76,76,76,76,76,76,76,76],"relic_stats":{"counters":[8,25],"MealTicket":0,"Kunai":[6],"War Paint":["Defend_B","Defend_B"],"obtain_stats":[{"NeowsBlessing":0,"MealTicket":11,"Kunai":9,"War Paint":7,"Toxic Egg 2":13,"Cracked Core":0},{"NeowsBlessing":0,"MealTicket":4,"Kunai":4,"War Paint":4,"Toxic Egg 2":6,"Cracked Core":0},{"NeowsBlessing":0,"MealTicket":10,"Kunai":10,"War Paint":10,"Toxic Egg 2":16,"Cracked Core":0}]},"card_choices":[{"not_picked":["Storm","Stack"],"picked":"Go for the Eyes","floor":1},{"not_picked":["Capacitor","Streamline"],"picked":"Ball Lightning","floor":3},{"not_picked":["Blizzard","Steam"],"picked":"Sweeping Beam","floor":5},{"not_picked":["Storm","Leap"],"picked":"Coolheaded","floor":7},{"not_picked":["Compile Driver","Reinforced Body","Barrage"],"picked":"SKIP","floor":12},{"not_picked":["Meteor Strike","Aggregate+1"],"picked":"Hologram+1","floor":13},{"not_picked":["Gash","Beam Cell"],"picked":"Recycle+1","floor":14}],"player_experience":1412519,"relics_obtained":[{"floor":7,"key":"War Paint"},{"floor":9,"key":"Kunai"},{"floor":13,"key":"Toxic Egg 2"}],"event_choices":[{"damage_healed":0,"gold_gain":75,"player_choice":"Gather Gold","damage_taken":11,"max_hp_gain":0,"max_hp_loss":0,"event_name":"World of Goop","floor":2,"gold_loss":0},{"damage_healed":0,"gold_gain":0,"player_choice":"Forge","damage_taken":0,"max_hp_gain":0,"max_hp_loss":0,"event_name":"Accursed Blacksmith","floor":4,"gold_loss":0,"cards_upgraded":["Zap"]},{"damage_healed":0,"gold_gain":0,"player_choice":"Donut","damage_taken":0,"max_hp_gain":5,"max_hp_loss":0,"event_name":"Big Fish","floor":8,"gold_loss":0}],"is_beta":false,"boss_relics":[],"items_purged_floors":[],"is_endless":false,"potions_floor_spawned":[1,3,7],"killed_by":"Slime Boss","ascension_level":20}}