{"host":"08sn1703g14rasc1","time":1609324838,"event":{"mods":["AchievementEnabler","BaseMod","Colored Map","Colored Powertips","Hermit","Minty Spire (QoL Compilation)","StSLib"],"gold_per_floor":[111,165,240,13,13,13,27,27,54,54,54,85,85,154,154,257,257,270,280,379,379,379,379],"floor_reached":22,"playtime":488,"items_purged":[],"score":254,"play_id":"ae6b9b0a-6cd3-4dbe-85e9-a9b07ad0533d","local_time":"20201230024038","is_ascension_mode":true,"campfire_choices":[{"data":"hermit:Glare","floor":6,"key":"SMITH"},{"data":"hermit:Shortfuse","floor":11,"key":"SMITH"},{"floor":13,"key":"REST"},{"data":"hermit:DeadOrAlive","floor":15,"key":"SMITH"}],"circlet_count":0,"master_deck":["hermit:Strike_Hermit+1","hermit:Defend_Hermit+1","hermit:Defend_Hermit","hermit:Defend_Hermit","hermit:Snapshot+1","hermit:Covet","hermit:Misfire","hermit:Shortfuse+1","hermit:Glare+1","hermit:FlashPowder+1","Parasite","hermit:DeadOrAlive+1","hermit:Grudge","hermit:BlackWind","hermit:HighNoon+1","hermit:Combo+1","hermit:Combo+1","hermit:BigShot+1","hermit:GhostlyPresence","hermit:FlashPowder+1"],"relics":["hermit:Momento","Regal Pillow","War Paint","Ancient Tea Set","Art of War","Astrolabe"],"acts_visited":["Exordium","TheCity"],"potions_floor_usage":[16,16,18],"damage_taken":[{"damage":5,"enemies":"2 Louse","floor":1,"turns":3},{"damage":0,"enemies":"Jaw Worm","floor":7,"turns":2},{"damage":27,"enemies":"Gremlin Nob","floor":12,"turns":4},{"damage":13,"enemies":"Lagavulin","floor":14,"turns":5},{"damage":18,"enemies":"The Guardian","floor":16,"turns":9},{"damage":50,"enemies":"Chosen","floor":18,"turns":7},{"damage":0,"enemies":"Spheric Guardian","floor":19,"turns":3},{"damage":28,"enemies":"Cultist and Chosen","floor":22,"turns":4}],"seed_played":"-244931967734989245","potions_obtained":[{"floor":7,"key":"Dexterity Potion"},{"floor":12,"key":"ColorlessPotion"},{"floor":16,"key":"SteroidPotion"}],"is_trial":false,"path_per_floor":["M","?","?","$","?","R","M","?","T","?","R","E","R","E","R","B",null,"M","M","?","?","M"],"character_chosen":"HERMIT","items_purchased":["hermit:Shortfuse","Regal Pillow"],"campfire_rested":1,"item_purchase_floors":[4,4],"current_hp_per_floor":[70,70,59,59,59,59,59,79,79,63,63,36,75,62,62,44,73,23,23,23,23,0,0],"gold":379,"neow_bonus":"TEN_PERCENT_HP_BONUS","is_daily":false,"chose_seed":false,"campfire_upgraded":3,"win_rate":0.0,"timestamp":1609324838,"path_taken":["M","?","?","$","?","R","M","?","T","?","R","E","R","E","R","BOSS","M","M","?","?","?"],"items_purchased_type":["Card","Relic"],"build_version":"2020-12-22","purchased_purges":0,"victory":false,"max_hp_per_floor":[82,82,82,82,82,82,82,82,82,82,82,82,82,82,82,82,82,82,82,82,82,82,82],"card_choices":[{"not_picked":["hermit:DeadMansHand","hermit:HoleUp"],"picked":"hermit:Misfire","floor":1},{"not_picked":["hermit:LowProfile","hermit:Spite"],"picked":"hermit:FlashPowder","floor":7},{"not_picked":["hermit:Ricochet","hermit:ItchyTrigger"],"picked":"hermit:DeadOrAlive","floor":12},{"not_picked":["hermit:Snipe","hermit:LuckOfTheDraw"],"picked":"hermit:Grudge","floor":14},{"not_picked":["hermit:Reprieve","hermit:FromBeyond"],"picked":"hermit:BlackWind","floor":16},{"not_picked":["hermit:Maintenance","hermit:FlashPowder"],"picked":"hermit:BigShot+1","floor":18},{"not_picked":["hermit:SprayPray","hermit:Dive"],"picked":"hermit:GhostlyPresence","floor":19}],"player_experience":447177,"relics_obtained":[{"floor":9,"key":"War Paint"},{"floor":12,"key":"Ancient Tea Set"},{"floor":14,"key":"Art of War"}],"event_choices":[{"damage_healed":0,"gold_gain":54,"player_choice":"Gained Gold","damage_taken":0,"max_hp_gain":0,"max_hp_loss":0,"event_name":"Golden Wing","floor":2,"gold_loss":0},{"damage_healed":0,"gold_gain":75,"player_choice":"Gather Gold","damage_taken":11,"max_hp_gain":0,"max_hp_loss":0,"event_name":"World of Goop","floor":3,"gold_loss":0},{"damage_healed":0,"gold_gain":0,"cards_transformed":["hermit:Strike_Hermit"],"player_choice":"Change","damage_taken":0,"max_hp_gain":0,"max_hp_loss":0,"event_name":"Living Wall","floor":5,"gold_loss":0,"cards_obtained":["hermit:Glare"]},{"damage_healed":20,"gold_gain":0,"player_choice":"Healed and dodged fight","damage_taken":0,"max_hp_gain":0,"max_hp_loss":0,"event_name":"Mushrooms","floor":8,"gold_loss":0,"cards_obtained":["Parasite"]},{"damage_healed":0,"gold_gain":0,"player_choice":"Entered Light","damage_taken":16,"max_hp_gain":0,"max_hp_loss":0,"event_name":"Shining Light","floor":10,"gold_loss":0,"cards_upgraded":["hermit:Snapshot","hermit:Strike_Hermit"]},{"damage_healed":0,"gold_gain":99,"player_choice":"Stole From Cult","damage_taken":0,"max_hp_gain":0,"max_hp_loss":0,"event_name":"Nest","floor":20,"gold_loss":0},{"damage_healed":0,"gold_gain":0,"player_choice":"Copied","damage_taken":0,"max_hp_gain":0,"max_hp_loss":0,"event_name":"Duplicator","floor":21,"gold_loss":0,"cards_obtained":["hermit:FlashPowder"]}],"is_beta":false,"boss_relics":[{"not_picked":["Velvet Choker","Black Star"],"picked":"Astrolabe"}],"items_purged_floors":[],"is_endless":false,"potions_floor_spawned":[7,12,16],"killed_by":"Cultist and Chosen","ascension_level":7}}