{"host":"6z6y4ky8uzsz1dpj","time":1609331669,"event":{"mods":["AchievementEnabler","BaseMod","BetterRewards","Challenge The Spire","Colored Map","Custom Start","Hubris","Minty Spire (QoL Compilation)","Quick Restart","Replay The Spire","StSLib"],"gold_per_floor":[109,121,134,153,164,164,164,164],"floor_reached":7,"playtime":853,"items_purged":[],"score":45,"play_id":"1e6f0ef0-eca9-4ea1-8d1b-3f452af3ec6a","local_time":"20201230073429","is_ascension_mode":false,"campfire_choices":[{"data":"Consecrate","floor":6,"key":"SMITH"}],"circlet_count":0,"master_deck":["Strike_P","Strike_P","Strike_P","Strike_P","Defend_P","Defend_P","Defend_P","Eruption","Vigilance","MentalFortress","MentalFortress","FollowUp","Crescendo","Consecrate+1","EmptyBody"],"relics":["PureWater","hubris:SlimyHat","Replay:PocketPolymizer"],"acts_visited":["Exordium"],"potions_floor_usage":[7],"damage_taken":[{"damage":10,"enemies":"Jaw Worm","floor":1,"turns":4},{"damage":1,"enemies":"Small Slimes","floor":2,"turns":4},{"damage":8,"enemies":"2 Louse","floor":3,"turns":4},{"damage":11,"enemies":"Gremlin Gang","floor":4,"turns":6},{"damage":14,"enemies":"Large Slime","floor":5,"turns":6},{"damage":13,"enemies":"Lagavulin","floor":7,"turns":7}],"seed_played":"-740586935024185532","potions_obtained":[{"floor":1,"key":"FearPotion"},{"floor":2,"key":"Weak Potion"}],"is_trial":false,"path_per_floor":["M","M","M","M","M","R","E"],"character_chosen":"WATCHER","items_purchased":["hubris:SlimyHat","MentalFortress"],"campfire_rested":0,"item_purchase_floors":[0,0],"current_hp_per_floor":[62,61,53,42,28,28,15,15],"gold":164,"neow_bonus":"","is_daily":false,"chose_seed":false,"campfire_upgraded":1,"win_rate":0.0,"timestamp":1609331669,"path_taken":["M","M","M","M","M","R","E"],"items_purchased_type":["Relic","Card"],"build_version":"2020-12-22","purchased_purges":0,"victory":false,"max_hp_per_floor":[72,72,72,72,72,72,72,72],"card_choices":[{"not_picked":["Perseverance","WaveOfTheHand"],"picked":"MentalFortress","floor":1},{"not_picked":["PathToVictory","Evaluate"],"picked":"FollowUp","floor":2},{"not_picked":["ThirdEye","Replay:DivineShield","Collect"],"picked":"SKIP","floor":3},{"not_picked":["EmptyBody","CrushJoints"],"picked":"Crescendo","floor":4},{"not_picked":["WheelKick","BowlingBash"],"picked":"Consecrate","floor":5}],"player_experience":205536,"relics_obtained":[],"event_choices":[],"is_beta":false,"boss_relics":[],"items_purged_floors":[],"is_endless":false,"potions_floor_spawned":[1,2],"killed_by":"Lagavulin","ascension_level":0}}