{"host":"2b0fqapnd02ydmuo","time":1609357159,"event":{"mods":["AchievementEnabler","Aspiration","BaseMod","Better Altar","Better Match","Better Note","Better Sensory Stone","Better Skull","Better Third Choice","BetterRewards","CCEM","Clawfect","Colored Map","Conspire","GifTheSpireLib","Googly Eyes","Halation","Highlight Path","Hubris","Infinite Spire","Jedi Mod","Jorbs\u0027s Wanderer Trilogy","Marisa????????","Mimic Mod","Minty Spire (QoL Compilation)","Permanent Neow","Replay The Spire","Shade Mod","Shop Mod","Spicy Shops","StSLib","Stuff the Spire","The Blackbeard","The Bug Knight","The Elementalist","The Jungle","Unceasing Turn Reminder","everything is the same but u backflip on backflip","slay the spire mod where everything is the same but ironclad has a cowboy hat"],"gold_per_floor":[118,128,478,703,703,703,718,750,775,775,96,143,143,157,157,258,358,378,409,409,205,205,251,251,251,277,277,290,290,367,347,347,493,543,606,606,706,760,760,760,826,856,856,856],"floor_reached":42,"playtime":1919,"items_purged":[],"score":653,"play_id":"f11538df-6095-4bdb-8da2-826a5e7c142a","local_time":"20201230203919","is_ascension_mode":true,"campfire_choices":[{"data":"blackbeard:GoldenDefense","floor":6.0,"key":"SMITH"},{"data":"blackbeard:Cutlass","floor":10.0,"key":"SMITH"},{"floor":13.0,"key":"REST"},{"data":"blackbeard:Spear","floor":15.0,"key":"SMITH"},{"floor":27.0,"key":"REST"},{"data":"blackbeard:Bandana","floor":29.0,"key":"SMITH"},{"floor":32.0,"key":"REST"},{"data":"blackbeard:CaptainsHat","floor":40.0,"key":"SMITH"}],"circlet_count":0,"master_deck":["blackbeard:BlackbeardStrike","blackbeard:BlackbeardStrike","blackbeard:BlackbeardStrike+1","blackbeard:BlackbeardStrike","blackbeard:IntimidatingStrike+1","blackbeard:BlackbeardDefend","blackbeard:BlackbeardDefend","blackbeard:BlackbeardDefend","blackbeard:BlackbeardDefend","blackbeard:Cutlass","blackbeard:Dagger","blackbeard:Sword","Hallucinations","ReplayTheSpireMod:Splinters","stsjorbsmod:PollutedStrike","blackbeard:Spear","hubris:Envy","blackbeard:GoldenRain","blackbeard:GoldenCannonball+1","blackbeard:Toast","blackbeard:CannonballSupply","CommonCold","blackbeard:MegaUpgrade","hubris:Compulsion","AbeCurse","blackbeard:Bandana","blackbeard:GoldenStrike","StuffTheSpire:Rapture","blackbeard:BeatUp","blackbeard:Recklessness","hubris:Gluttony","blackbeard:Scrap+1","blackbeard:GoldenDefense","Languid","stsjorbsmod:PollutedStrike","ReplayTheSpireMod:Splinters","blackbeard:BountyHunter","Injury","blackbeard:Spear","Decay","blackbeard:GoldenDefense+1","blackbeard:WeaponProficiency","blackbeard:SwordDance+1","Replay:Hysterical Blindness","infinitespire:Pacifist","Pain","Replay:Hysterical Blindness","hubris:Envy","Amnesia"],"relics":["halation:SimulatedSpire","Ring of Greed","Tiny Chest","Old Coin","StuffTheSpire:Experiment12","Spirit Poop","conspire:Boomerang","CCEMRelics:SpiritsEdge","CCEMRelics:Pendulum","Regal Pillow","CCEMRelics:GrindingGear","halation:Jellyphish","Whetstone","Replay:Wanted Poster","CCEMRelics:DissonantTune","hubris:MobiusCoin","jedi:Pinwheel","StuffTheSpire:Gunfinga","halation:KoshaPiece","Cursed Key","conspire:GiftBox","Black Star"],"acts_visited":["Exordium","TheCity","TheBeyond"],"potions_floor_usage":[42,42],"damage_taken":[{"damage":3.0,"enemies":"Cultist","floor":1.0,"turns":4.0},{"damage":1.0,"enemies":"Jaw Worm","floor":2.0,"turns":4.0},{"damage":0.0,"enemies":"2 Louse","floor":7.0,"turns":3.0},{"damage":32.0,"enemies":"Gremlin Nob","floor":8.0,"turns":4.0},{"damage":6.0,"enemies":"Lagavulin","floor":12.0,"turns":5.0},{"damage":5.0,"enemies":"Large Slime","floor":14.0,"turns":4.0},{"damage":32.0,"enemies":"Slime Boss","floor":16.0,"turns":10.0},{"damage":12.0,"enemies":"Chosen","floor":18.0,"turns":3.0},{"damage":6.0,"enemies":"Shell Parasite","floor":19.0,"turns":5.0},{"damage":26.0,"enemies":"Book of Stabbing","floor":23.0,"turns":6.0},{"damage":4.0,"enemies":"Shell Parasite","floor":28.0,"turns":3.0},{"damage":54.0,"enemies":"Gremlin Leader","floor":30.0,"turns":8.0},{"damage":40.0,"enemies":"Automaton","floor":33.0,"turns":9.0},{"damage":21.0,"enemies":"3 Darklings","floor":35.0,"turns":6.0},{"damage":20.0,"enemies":"Mind Bloom Boss Battle","floor":37.0,"turns":6.0},{"damage":0.0,"enemies":"3 Shapes","floor":38.0,"turns":3.0},{"damage":0.0,"enemies":"Maw","floor":41.0,"turns":6.0},{"damage":81,"enemies":"Nemesis","floor":42,"turns":5}],"seed_played":"-6173075850259897527","potions_obtained":[{"floor":1.0,"key":"PowerPotion"},{"floor":2.0,"key":"Elixir"},{"floor":12.0,"key":"SkillPotion"},{"floor":18.0,"key":"LifebloodPotion"},{"floor":23.0,"key":"Fire Potion"},{"floor":33.0,"key":"Adrenaline Potion"},{"floor":35.0,"key":"Regen Potion"},{"floor":38.0,"key":"LiquidBronze"}],"is_trial":false,"path_per_floor":["M","M","?","?","?","R","M","E","T","R","$","E","R","M","R","B",null,"M","MIM","?","?","?","E","T","$","T","R","M","R","E","$","R","B",null,"M","$","?","M","$","R","M","E"],"character_chosen":"BLACKBEARD_CLASS","items_purchased":["CCEMRelics:Pendulum","Regal Pillow","CCEMRelics:GrindingGear","blackbeard:GoldenCannonball","halation:Jellyphish","blackbeard:GoldenDefense"],"campfire_rested":3,"item_purchase_floors":[11,11,11,11,11,31],"current_hp_per_floor":[72,71,71,71,71,71,71,39,39,39,39,33,70,65,65,33,75,63,57,57,57,57,31,31,31,31,68,64,64,10,10,47,7,75,54,54,48,48,48,48,48,0,0,0],"gold":856,"neow_bonus":"SIMULATED_SPIRE","is_daily":false,"chose_seed":false,"campfire_upgraded":5,"win_rate":0.0,"timestamp":1609357159,"path_taken":["M","?","?","?","?","R","?","E","T","R","$","E","R","M","R","BOSS","M","?","?","?","?","E","?","$","T","R","M","R","E","$","R","BOSS","M","$","?","M","?","R","M","E"],"items_purchased_type":["Relic","Relic","Relic","Card","Relic","Card"],"build_version":"2020-12-22","purchased_purges":0,"victory":false,"max_hp_per_floor":[75,75,75,75,75,75,75,75,75,75,75,75,75,75,75,75,75,75,75,75,75,75,75,75,75,75,75,75,75,75,75,75,75,75,75,75,75,75,75,75,75,75,75,75],"card_choices":[{"not_picked":["blackbeard:DeadlyArsenal","blackbeard:Sharpening"],"picked":"blackbeard:Dagger","floor":1.0},{"not_picked":["blackbeard:Dagger","blackbeard:GoldenStrike"],"picked":"blackbeard:Sword","floor":2.0},{"not_picked":["blackbeard:Fencing","blackbeard:Sharpening"],"picked":"blackbeard:Spear","floor":7.0},{"not_picked":["blackbeard:WiseDefense","blackbeard:Toast"],"picked":"blackbeard:GoldenRain","floor":8.0},{"not_picked":["blackbeard:GhostInTheRum","blackbeard:CloakAndCannonball","blackbeard:Sharpening"],"picked":"SKIP","floor":8.0},{"not_picked":["blackbeard:JollyRoger","blackbeard:PirateHook"],"picked":"blackbeard:Toast","floor":12.0},{"not_picked":["blackbeard:BeatUp","blackbeard:PiratesWill"],"picked":"blackbeard:CannonballSupply","floor":14.0},{"not_picked":["blackbeard:UndeadForm","blackbeard:FinalBarrage"],"picked":"blackbeard:MegaUpgrade","floor":16.0},{"not_picked":["blackbeard:RearmingStrike+1","blackbeard:BeatUp"],"picked":"blackbeard:Bandana","floor":18.0},{"not_picked":["blackbeard:CannonballSupply+1","blackbeard:ArmorUp","blackbeard:CatONineTails+1"],"picked":"SKIP","floor":18.0},{"not_picked":["blackbeard:Shrapnel","blackbeard:DeadlyArsenal"],"picked":"blackbeard:GoldenStrike","floor":19.0},{"not_picked":["blackbeard:SwordDance","blackbeard:FishingNets"],"picked":"blackbeard:BeatUp","floor":23.0},{"not_picked":["blackbeard:Fencing","blackbeard:RearmingStrike+1"],"picked":"blackbeard:Recklessness","floor":28.0},{"not_picked":["blackbeard:BeatUp","blackbeard:MegaUpgrade"],"picked":"blackbeard:Scrap+1","floor":30.0},{"not_picked":["blackbeard:DoubleCannonball+1","blackbeard:GhostInTheRum","blackbeard:VengefulSpirit+1"],"picked":"SKIP","floor":30.0},{"not_picked":["blackbeard:Intoxication","blackbeard:FinalBarrage"],"picked":"blackbeard:BountyHunter","floor":33.0},{"not_picked":["blackbeard:CloakAndCannonball+1","blackbeard:Boarding"],"picked":"blackbeard:Spear","floor":35.0},{"not_picked":["blackbeard:PiratesWill","blackbeard:InfiniteBarrage+1"],"picked":"blackbeard:GoldenDefense+1","floor":37.0},{"not_picked":["blackbeard:FishingNets","blackbeard:CannonballSupply+1"],"picked":"blackbeard:WeaponProficiency","floor":38.0},{"not_picked":["blackbeard:Halberd","blackbeard:ChaoticDefense+1","blackbeard:Toast"],"picked":"SKIP","floor":38.0},{"not_picked":["blackbeard:DoubleCannonball","blackbeard:Fencing+1"],"picked":"blackbeard:SwordDance+1","floor":41.0},{"not_picked":["blackbeard:DoubleCannonball+1","blackbeard:Sharpening","blackbeard:DoubleBottom"],"picked":"SKIP","floor":41.0}],"player_experience":90039,"relics_obtained":[{"floor":3.0,"key":"Ring of Greed"},{"floor":3.0,"key":"Tiny Chest"},{"floor":3.0,"key":"Old Coin"},{"floor":8.0,"key":"conspire:Boomerang"},{"floor":9.0,"key":"CCEMRelics:SpiritsEdge"},{"floor":12.0,"key":"Whetstone"},{"floor":19.0,"key":"CCEMRelics:DissonantTune"},{"floor":23.0,"key":"hubris:MobiusCoin"},{"floor":24.0,"key":"jedi:Pinwheel"},{"floor":26.0,"key":"StuffTheSpire:Gunfinga"},{"floor":30.0,"key":"halation:KoshaPiece"},{"floor":37.0,"key":"conspire:GiftBox"}],"event_choices":[{"damage_healed":0.0,"max_hp_gain":0.0,"max_hp_loss":0.0,"gold_gain":225.0,"event_name":"blackbeard:Ssssserpent","player_choice":"YARR","floor":4.0,"gold_loss":0.0,"damage_taken":0.0,"relics_obtained":["StuffTheSpire:Experiment12"]},{"cards_removed":["Regret"],"damage_healed":0.0,"max_hp_gain":0.0,"max_hp_loss":0.0,"gold_gain":0.0,"event_name":"Bonfire Elementals","player_choice":"Offered Curse","floor":5.0,"gold_loss":0.0,"damage_taken":0.0,"relics_obtained":["Spirit Poop"]},{"damage_healed":0.0,"max_hp_gain":0.0,"max_hp_loss":0.0,"gold_gain":0.0,"event_name":"MindBloom","player_choice":"Fight","floor":37.0,"gold_loss":0.0,"damage_taken":0.0}],"is_beta":false,"boss_relics":[{"not_picked":["ChewingGum","StuffTheSpire:Kangaroo"],"picked":"Replay:Wanted Poster"},{"not_picked":["Honey Jar","Runic Pyramid"],"picked":"Cursed Key"}],"items_purged_floors":[],"is_endless":false,"potions_floor_spawned":[1,2,12,18,23,33,35,38],"killed_by":"Nemesis","ascension_level":3}}