{"host":"dcj2yvrgcvh5dl2s","time":1609298960,"event":{"mods":["BaseMod","Better Note","Block Reminder","Colored Powertips","DeckTracker","Minty Spire (QoL Compilation)","Quick Restart","Rare Cards Sparkle","Relic Stats","StSLib"],"gold_per_floor":[20,20,20,32,44,44,44,44,91,91,118,62,86,115,115,115,115],"floor_reached":16,"playtime":335,"items_purged":[],"score":249,"play_id":"6c82f56d-349e-444f-b87b-68d44707d920","local_time":"20201230132920","is_ascension_mode":true,"campfire_choices":[{"data":"Carnage","floor":6,"key":"SMITH"},{"data":"Heavy Blade","floor":8,"key":"SMITH"},{"floor":10,"key":"REST"},{"floor":15,"key":"REST"}],"circlet_count":0,"master_deck":["AscendersBane","Strike_R","Strike_R+1","Strike_R+1","Strike_R","Strike_R","Defend_R","Defend_R","Defend_R","Defend_R","Bash","Panache+1","Heavy Blade+1","Carnage+1","Immolate","Flex"],"relics":["Burning Blood","Toy Ornithopter","Letter Opener","Strawberry","Smiling Mask"],"acts_visited":["Exordium"],"potions_floor_usage":[11,14],"damage_taken":[{"damage":5,"enemies":"Small Slimes","floor":1,"turns":4},{"damage":5,"enemies":"2 Louse","floor":4,"turns":4},{"damage":14,"enemies":"Jaw Worm","floor":5,"turns":3},{"damage":52,"enemies":"Lagavulin","floor":11,"turns":7},{"damage":0,"enemies":"Gremlin Nob","floor":14,"turns":2},{"damage":66,"enemies":"Hexaghost","floor":16,"turns":8}],"seed_played":"-1299699624256441503","potions_obtained":[{"floor":5,"key":"SkillPotion"},{"floor":11,"key":"DistilledChaos"}],"is_trial":false,"path_per_floor":["M","?","?","M","M","R","$","R","T","R","E","$","T","E","R","B"],"character_chosen":"IRONCLAD","items_purchased":["Flex"],"campfire_rested":2,"item_purchase_floors":[12],"current_hp_per_floor":[69,69,46,47,39,39,39,39,39,61,20,20,27,38,62,0,0],"gold":115,"neow_bonus":"RANDOM_COLORLESS_2","is_daily":false,"chose_seed":false,"campfire_upgraded":2,"win_rate":0.0,"timestamp":1609298960,"path_taken":["M","?","?","M","M","R","$","R","T","R","E","?","?","E","R","BOSS"],"items_purchased_type":["Card"],"build_version":"2020-12-22","purchased_purges":0,"victory":false,"max_hp_per_floor":[75,75,75,75,75,75,75,75,75,75,75,75,82,82,82,82,82],"relic_stats":{"counters":[6,28],"Letter Opener":[5],"Smiling Mask":0,"obtain_stats":[{"Strawberry":13,"Letter Opener":11,"Smiling Mask":14,"Burning Blood":0,"Toy Ornithopter":9},{"Strawberry":4,"Letter Opener":4,"Smiling Mask":5,"Burning Blood":0,"Toy Ornithopter":3},{"Strawberry":18,"Letter Opener":18,"Smiling Mask":20,"Burning Blood":0,"Toy Ornithopter":11}],"Burning Blood":30,"Toy Ornithopter":10},"card_choices":[{"not_picked":["Transmutation","Metamorphosis"],"picked":"Panache","floor":0},{"not_picked":["Warcry","Twin Strike","Combust"],"picked":"SKIP","floor":1},{"not_picked":["Perfected Strike","Cleave"],"picked":"Heavy Blade","floor":4},{"not_picked":["Second Wind","Headbutt"],"picked":"Carnage","floor":5},{"not_picked":["Havoc","Fire Breathing"],"picked":"Immolate","floor":11},{"not_picked":["Immolate","Heavy Blade","Perfected Strike"],"picked":"SKIP","floor":14}],"player_experience":2105967,"relics_obtained":[{"floor":9,"key":"Toy Ornithopter"},{"floor":11,"key":"Letter Opener"},{"floor":13,"key":"Strawberry"},{"floor":14,"key":"Smiling Mask"}],"event_choices":[{"damage_healed":0,"gold_gain":0,"player_choice":"Grow","damage_taken":0,"max_hp_gain":0,"max_hp_loss":0,"event_name":"Living Wall","floor":2,"gold_loss":0,"cards_upgraded":["Panache"]},{"damage_healed":0,"gold_gain":0,"player_choice":"Entered Light","damage_taken":23,"max_hp_gain":0,"max_hp_loss":0,"event_name":"Shining Light","floor":3,"gold_loss":0,"cards_upgraded":["Strike_R","Strike_R"]}],"is_beta":false,"boss_relics":[],"items_purged_floors":[],"is_endless":false,"potions_floor_spawned":[5,11],"killed_by":"Hexaghost","ascension_level":18}}