{"host":"is2s59edl8twrhoj","time":1609356390,"event":{"mods":["BaseMod","Colored Map","Colored Powertips","DeckTracker","Downfall","Minty Spire (QoL Compilation)","StSLib"],"gold_per_floor":[361,372,164,182,182,212,212,245,245,245,47,147,172,186,186,309,309,330,330,351,351,351],"floor_reached":21,"playtime":996,"items_purged":[],"score":302,"play_id":"a154bf82-9989-4144-add4-b4924bdf67c5","local_time":"20201230192630","is_ascension_mode":true,"campfire_choices":[{"floor":10,"key":"REST"},{"floor":15,"key":"REST"}],"circlet_count":0,"master_deck":["AscendersBane","Strike_B","Strike_B","Strike_B","Strike_B","Defend_B","Defend_B","Defend_B","Defend_B","Zap","Dualcast","Cold Snap","Gash","Beam Cell+1","Machine Learning","Gash","Conserve Battery","FTL","Cold Snap","Core Surge","Conserve Battery"],"relics":["Cracked Core","Lee\u0027s Waffle","Bird Faced Urn","Golden Idol","Bottled Tornado","Question Card","Runic Capacitor","Busted Crown"],"acts_visited":["Exordium","TheCity"],"potions_floor_usage":[16,21,21],"damage_taken":[{"damage":2,"enemies":"2 Louse","floor":1,"turns":2},{"damage":6,"enemies":"Small Slimes","floor":2,"turns":4},{"damage":0,"enemies":"Jaw Worm","floor":4,"turns":2},{"damage":42,"enemies":"Lagavulin","floor":6,"turns":8},{"damage":57,"enemies":"Gremlin Nob","floor":8,"turns":5},{"damage":20,"enemies":"Exordium Thugs","floor":13,"turns":5},{"damage":31,"enemies":"Gremlin Gang","floor":14,"turns":6},{"damage":11,"enemies":"Slime Boss","floor":16,"turns":10},{"damage":5,"enemies":"Chosen","floor":18,"turns":4},{"damage":30,"enemies":"2 Thieves","floor":20,"turns":4},{"damage":45,"enemies":"Snake Plant","floor":21,"turns":5}],"seed_played":"-8201664682145853611","potions_obtained":[{"floor":4,"key":"FairyPotion"},{"floor":14,"key":"PowerPotion"},{"floor":16,"key":"PowerPotion"},{"floor":18,"key":"BlessingOfTheForge"}],"is_trial":false,"path_per_floor":["M","M","$","M","?","E","?","E","T","R","$","?","M","M","R","B",null,"M","?","M","M"],"character_chosen":"DEFECT","items_purchased":["Lee\u0027s Waffle","Beam Cell","Runic Capacitor","Conserve Battery"],"campfire_rested":2,"item_purchase_floors":[3,3,11,11],"current_hp_per_floor":[48,42,82,82,87,45,45,24,24,48,48,48,30,1,25,18,65,62,62,34,0,0],"gold":351,"neow_bonus":"TWO_FIFTY_GOLD","is_daily":false,"chose_seed":false,"campfire_upgraded":0,"win_rate":0.0,"timestamp":1609356390,"path_taken":["M","M","$","M","?","E","?","E","T","R","$","?","M","M","R","BOSS","M","?","?","M"],"items_purchased_type":["Relic","Card","Relic","Card"],"build_version":"2020-12-22","purchased_purges":0,"victory":false,"max_hp_per_floor":[75,75,82,82,87,87,81,81,81,81,81,81,81,81,81,81,81,81,81,81,81,81],"card_choices":[{"not_picked":["Redo","Streamline"],"picked":"Cold Snap","floor":1},{"not_picked":["Beam Cell","Genetic Algorithm"],"picked":"Gash","floor":2},{"not_picked":["Barrage","Turbo","Hologram"],"picked":"SKIP","floor":4},{"not_picked":["White Noise","Storm"],"picked":"Machine Learning","floor":6},{"not_picked":["Go for the Eyes","Storm"],"picked":"Gash","floor":8},{"not_picked":["Sunder","Rebound","Barrage"],"picked":"FTL","floor":13},{"not_picked":["Streamline","Gash","Capacitor"],"picked":"Cold Snap","floor":14},{"not_picked":["Creative AI","Electrodynamics","Reboot"],"picked":"Core Surge","floor":16},{"not_picked":["Force Field","Beam Cell"],"picked":"SKIP","floor":18},{"not_picked":["Streamline"],"picked":"Conserve Battery","floor":20}],"player_experience":679515,"relics_obtained":[{"floor":6,"key":"Bird Faced Urn"},{"floor":8,"key":"Bottled Tornado"},{"floor":9,"key":"Question Card"}],"event_choices":[{"damage_healed":0,"gold_gain":0,"player_choice":"Donut","damage_taken":0,"max_hp_gain":5,"max_hp_loss":0,"event_name":"Big Fish","floor":5,"gold_loss":0},{"damage_healed":0,"gold_gain":0,"player_choice":"Lose Max HP","damage_taken":0,"relics_obtained":["Golden Idol"],"max_hp_gain":0,"max_hp_loss":6,"event_name":"Golden Idol","floor":7,"gold_loss":0},{"damage_healed":0,"gold_gain":100,"player_choice":"Pray","damage_taken":0,"max_hp_gain":0,"max_hp_loss":0,"event_name":"Golden Shrine","floor":12,"gold_loss":0},{"damage_healed":0,"gold_gain":0,"player_choice":"Forge","damage_taken":0,"max_hp_gain":0,"max_hp_loss":0,"event_name":"Accursed Blacksmith","floor":19,"gold_loss":0,"cards_upgraded":["Beam Cell"]}],"is_beta":false,"boss_relics":[{"not_picked":["Sozu","Velvet Choker"],"picked":"Busted Crown"}],"items_purged_floors":[],"is_endless":false,"potions_floor_spawned":[4,14,16,18,20],"killed_by":"Snake Plant","ascension_level":12}}