{"host":"sc0o2qwpf9j16a4i","time":1609365326,"event":{"mods":["AchievementEnabler","BaseMod","BetterRewards","Block Reminder","Colored Map","Colored Powertips","Custom Start","Highlight Path","Minty Spire (QoL Compilation)","Relic Stats"],"gold_per_floor":[113,191,191,207,226,226,239,256,302,302,331,331,360,386,386,386,386],"floor_reached":16,"playtime":410,"items_purged":[],"score":220,"play_id":"85e3ff1a-e9e5-4dc0-8919-dfe9503b0029","local_time":"20201230235526","is_ascension_mode":true,"campfire_choices":[{"data":"Bash","floor":6,"key":"SMITH"},{"data":"Sever Soul","floor":10,"key":"SMITH"},{"data":"Clothesline","floor":12,"key":"SMITH"},{"data":"Wild Strike","floor":15,"key":"SMITH"}],"circlet_count":0,"master_deck":["AscendersBane","Strike_R","Strike_R","Strike_R","Strike_R","Defend_R","Defend_R","Defend_R","Defend_R","Bash+1","Wild Strike+1","Evolve","Sever Soul+1","Clothesline+1","Disarm","Hemokinesis"],"relics":["Burning Blood","Oddly Smooth Stone","Juzu Bracelet","The Courier","Toy Ornithopter","Ancient Tea Set"],"acts_visited":["Exordium"],"potions_floor_usage":[7,11,16,16],"damage_taken":[{"damage":8,"enemies":"Small Slimes","floor":1,"turns":5},{"damage":6,"enemies":"2 Louse","floor":4,"turns":3},{"damage":6,"enemies":"Cultist","floor":5,"turns":3},{"damage":5,"enemies":"Exordium Thugs","floor":7,"turns":4},{"damage":10,"enemies":"Exordium Wildlife","floor":8,"turns":4},{"damage":19,"enemies":"Lagavulin","floor":11,"turns":7},{"damage":8,"enemies":"Gremlin Nob","floor":13,"turns":3},{"damage":73,"enemies":"Slime Boss","floor":16,"turns":9}],"seed_played":"1221626928084461550","potions_obtained":[{"floor":5,"key":"Fire Potion"},{"floor":8,"key":"LiquidMemories"},{"floor":11,"key":"FearPotion"},{"floor":13,"key":"BloodPotion"}],"is_trial":false,"path_per_floor":["M","?","?","M","M","R","M","M","T","R","E","R","E","T","R","B"],"character_chosen":"IRONCLAD","items_purchased":[],"campfire_rested":0,"item_purchase_floors":[],"current_hp_per_floor":[66,66,66,66,66,66,67,63,63,63,50,50,48,48,48,0,0],"gold":386,"neow_bonus":"RANDOM_COMMON_RELIC","is_daily":false,"chose_seed":false,"campfire_upgraded":4,"win_rate":0.0,"timestamp":1609365326,"path_taken":["M","?","?","M","M","R","M","?","T","R","E","R","E","?","R","BOSS"],"items_purchased_type":[],"build_version":"2020-12-22","purchased_purges":0,"victory":false,"max_hp_per_floor":[75,75,75,75,75,75,75,75,75,75,75,75,75,75,75,75,75],"relic_stats":{"counters":[8,38],"Juzu Bracelet":0,"obtain_stats":[{"Oddly Smooth Stone":0,"The Courier":11,"Juzu Bracelet":9,"Ancient Tea Set":14,"Burning Blood":0,"Toy Ornithopter":13},{"Oddly Smooth Stone":0,"The Courier":6,"Juzu Bracelet":5,"Ancient Tea Set":7,"Burning Blood":0,"Toy Ornithopter":7},{"Oddly Smooth Stone":0,"The Courier":26,"Juzu Bracelet":19,"Ancient Tea Set":29,"Burning Blood":0,"Toy Ornithopter":29}],"Burning Blood":42,"Toy Ornithopter":10},"card_choices":[{"not_picked":["Flex","Infernal Blade"],"picked":"Wild Strike","floor":1},{"not_picked":["Shockwave","Rage"],"picked":"Evolve","floor":4},{"not_picked":["Iron Wave","Warcry"],"picked":"Sever Soul","floor":5},{"not_picked":["Anger","Sentinel"],"picked":"Clothesline","floor":7},{"not_picked":["Burning Pact","Wild Strike"],"picked":"Disarm","floor":8},{"not_picked":["Limit Break","Perfected Strike"],"picked":"Hemokinesis","floor":11},{"not_picked":["Reckless Charge","Headbutt","Iron Wave"],"picked":"SKIP","floor":13}],"player_experience":457232,"relics_obtained":[{"floor":9,"key":"Juzu Bracelet"},{"floor":11,"key":"The Courier"},{"floor":13,"key":"Toy Ornithopter"},{"floor":14,"key":"Ancient Tea Set"}],"event_choices":[{"damage_healed":0,"gold_gain":78,"player_choice":"Gained Gold","damage_taken":0,"max_hp_gain":0,"max_hp_loss":0,"event_name":"Golden Wing","floor":2,"gold_loss":0},{"cards_removed":["Strike_R"],"damage_healed":0,"gold_gain":0,"player_choice":"Offered Basic","damage_taken":0,"max_hp_gain":0,"max_hp_loss":0,"event_name":"Bonfire Elementals","floor":3,"gold_loss":0}],"is_beta":false,"boss_relics":[],"items_purged_floors":[],"is_endless":false,"potions_floor_spawned":[5,8,11,13],"killed_by":"Slime Boss","ascension_level":20}}