{"host":"88hg6ocvqrqxrx5h","time":1609361898,"event":{"mods":["BaseMod","Colored Map","Minty Spire (QoL Compilation)","Unceasing Turn Reminder","slay the spire mod where everything is the same but ironclad has a cowboy hat"],"gold_per_floor":[118,129,129,142,142,176,176,192,192,225,241,37,369,369,369,472,472,482,467,481,481,481],"floor_reached":21,"playtime":1216,"items_purged":["Strike_R"],"score":241,"play_id":"570a5151-b6e2-4edd-8a4d-6ceeda8689e2","local_time":"20201230125818","is_ascension_mode":true,"campfire_choices":[{"data":"Combust","floor":7.0,"key":"SMITH"},{"data":"Rupture","floor":15.0,"key":"SMITH"}],"circlet_count":0,"master_deck":["Strike_R","Strike_R","Strike_R","Strike_R","Defend_R","Defend_R","Defend_R","Defend_R","Bash","Pommel Strike","Thunderclap","Combust+1","Blood for Blood","Dropkick","Flex","Rupture+1","Headbutt","Fire Breathing","Demon Form","CurseOfTheBell","Shrug It Off","Shrug It Off","Clothesline+1"],"relics":["Burning Blood","Meat on the Bone","Ancient Tea Set","Paper Frog","Blue Candle","Bag of Preparation","Membership Card","Old Coin","Calling Bell","Bag of Marbles","Letter Opener","Gambling Chip"],"acts_visited":["TheCity"],"potions_floor_usage":[21],"damage_taken":[{"damage":11.0,"enemies":"2 Louse","floor":1.0,"turns":2.0},{"damage":6.0,"enemies":"Jaw Worm","floor":2.0,"turns":5.0},{"damage":1.0,"enemies":"Cultist","floor":4.0,"turns":3.0},{"damage":42.0,"enemies":"Lagavulin","floor":6.0,"turns":7.0},{"damage":1.0,"enemies":"Exordium Wildlife","floor":8.0,"turns":3.0},{"damage":22.0,"enemies":"Gremlin Nob","floor":10.0,"turns":4.0},{"damage":17.0,"enemies":"Looter","floor":11.0,"turns":4.0},{"damage":27.0,"enemies":"3 Sentries","floor":13.0,"turns":4.0},{"damage":38.0,"enemies":"Hexaghost","floor":16.0,"turns":7.0},{"damage":43,"enemies":"Shell Parasite","floor":18,"turns":7},{"damage":16,"enemies":"2 Thieves","floor":19,"turns":4},{"damage":45,"enemies":"Snake Plant","floor":20,"turns":5},{"damage":30,"enemies":"Shelled Parasite and Fungi","floor":21,"turns":3}],"seed_played":"1612796193383724927","potions_obtained":[{"floor":2.0,"key":"Ancient Potion"},{"floor":6.0,"key":"Fruit Juice"},{"floor":11.0,"key":"Weak Potion"},{"floor":14.0,"key":"Fruit Juice"},{"floor":14.0,"key":"ColorlessPotion"},{"floor":20,"key":"Explosive Potion"}],"is_trial":false,"path_per_floor":["M","M","?","M","T","E","R","M","T","E","M","$","E","?","R","B",null,"M","M","M","M"],"character_chosen":"IRONCLAD","items_purchased":["Membership Card","Fire Breathing"],"campfire_rested":0,"item_purchase_floors":[12,12],"current_hp_per_floor":[75,75,72,77,77,58,58,63,63,59,60,60,51,56,56,36,90,53,55,28,0,0],"gold":481,"neow_bonus":"THREE_CARDS","is_daily":false,"chose_seed":false,"campfire_upgraded":2,"win_rate":0.0,"timestamp":1609361898,"path_taken":["M","M","?","M","?","E","R","M","T","E","M","$","E","?","R","BOSS","M","?","M","M"],"items_purchased_type":["Relic","Card"],"build_version":"2020-12-22","purchased_purges":1,"victory":false,"max_hp_per_floor":[80,80,80,80,80,85,85,85,85,85,85,85,85,90,90,90,90,90,90,90,90,90],"card_choices":[{"not_picked":["Wild Strike","Clash"],"picked":"Pommel Strike","floor":0.0},{"not_picked":["Anger","Flex"],"picked":"Thunderclap","floor":1.0},{"not_picked":["Infernal Blade","Shrug It Off"],"picked":"Combust","floor":2.0},{"not_picked":["Burning Pact","Flex"],"picked":"Blood for Blood","floor":4.0},{"not_picked":["Fiend Fire","Whirlwind"],"picked":"Dropkick","floor":6.0},{"not_picked":["Infernal Blade","Thunderclap"],"picked":"Flex","floor":8.0},{"not_picked":["Sword Boomerang","Flex"],"picked":"Rupture","floor":10.0},{"not_picked":["Rampage","Flex"],"picked":"Headbutt","floor":11.0},{"not_picked":["Dropkick","Headbutt","Barricade"],"picked":"SKIP","floor":13.0},{"not_picked":["Immolate","Brutality"],"picked":"Demon Form","floor":16.0},{"not_picked":["Sword Boomerang","Warcry+1"],"picked":"Shrug It Off","floor":18},{"not_picked":["Heavy Blade","Anger+1"],"picked":"Shrug It Off","floor":19},{"not_picked":["True Grit","Pommel Strike"],"picked":"Clothesline+1","floor":20}],"player_experience":138510,"relics_obtained":[{"floor":5.0,"key":"Ancient Tea Set"},{"floor":6.0,"key":"Paper Frog"},{"floor":9.0,"key":"Blue Candle"},{"floor":10.0,"key":"Bag of Preparation"},{"floor":13.0,"key":"Old Coin"},{"floor":17,"key":"Bag of Marbles"},{"floor":17,"key":"Letter Opener"},{"floor":17,"key":"Gambling Chip"}],"event_choices":[{"damage_healed":0.0,"max_hp_gain":0.0,"max_hp_loss":0.0,"gold_gain":0.0,"event_name":"Scrap Ooze","player_choice":"Success","floor":3.0,"gold_loss":0.0,"damage_taken":3.0,"relics_obtained":["Meat on the Bone"]},{"damage_healed":0.0,"max_hp_gain":0.0,"max_hp_loss":0.0,"gold_gain":0.0,"event_name":"Lab","player_choice":"Got Potions","floor":14.0,"gold_loss":0.0,"damage_taken":0.0}],"is_beta":false,"boss_relics":[{"not_picked":["SacredBark","SlaversCollar"],"picked":"Calling Bell"}],"items_purged_floors":[12],"is_endless":false,"potions_floor_spawned":[2,6,11,20],"killed_by":"Shelled Parasite and Fungi","ascension_level":4}}