{"host":"x205naxbihvu3p76","time":1609299498,"event":{"mods":["AchievementEnabler","BaseMod","Minty Spire (QoL Compilation)","StSLib","SuperFastMode"],"gold_per_floor":[109,109,123,143,163,163,180,180,205,205,280,280,280,59,59,157,157,168,183,183,38,52,66,66,77,104,104,122,54,54,54],"floor_reached":30,"playtime":460,"items_purged":["Strike_B","Decay"],"score":247,"play_id":"072e3a66-d83f-4c04-aed9-2b640c844de0","local_time":"20201230123818","is_ascension_mode":false,"campfire_choices":[{"data":"Beam Cell","floor":6,"key":"SMITH"},{"data":"Zap","floor":8,"key":"SMITH"},{"data":"Dualcast","floor":10,"key":"SMITH"},{"data":"Gash","floor":13,"key":"SMITH"},{"data":"Conserve Battery","floor":15,"key":"SMITH"},{"data":"Gash","floor":24,"key":"SMITH"}],"circlet_count":0,"master_deck":["Strike_B","Strike_B","Strike_B","Defend_B","Defend_B","Defend_B","Defend_B","Zap+1","Dualcast+1","Conserve Battery+1","Beam Cell+1","Gash+1","Machine Learning+1","Gash+1","Gash","Gash","Chill"],"relics":["Cracked Core","NeowsBlessing","DataDisk","WingedGreaves","OrangePellets","Inserter","Tiny Chest"],"acts_visited":["Exordium","TheCity"],"potions_floor_usage":[16,16,22,28],"damage_taken":[{"damage":0,"enemies":"2 Louse","floor":1,"turns":1},{"damage":0,"enemies":"Cultist","floor":3,"turns":1},{"damage":0,"enemies":"Small Slimes","floor":4,"turns":1},{"damage":2,"enemies":"Blue Slaver","floor":5,"turns":3},{"damage":3,"enemies":"Looter","floor":7,"turns":2},{"damage":12,"enemies":"Hexaghost","floor":16,"turns":8},{"damage":10,"enemies":"Spheric Guardian","floor":18,"turns":4},{"damage":12,"enemies":"Shell Parasite","floor":19,"turns":5},{"damage":4,"enemies":"Cultist and Chosen","floor":22,"turns":5},{"damage":8,"enemies":"Shelled Parasite and Fungi","floor":23,"turns":4},{"damage":9,"enemies":"Centurion and Healer","floor":25,"turns":6},{"damage":6,"enemies":"3 Cultists","floor":28,"turns":5},{"damage":30,"enemies":"Snake Plant","floor":30,"turns":3}],"seed_played":"3385239102448404840","potions_obtained":[{"floor":3,"key":"Fire Potion"},{"floor":5,"key":"PotionOfCapacity"},{"floor":7,"key":"ColorlessPotion"},{"floor":16,"key":"SpeedPotion"},{"floor":25,"key":"LiquidBronze"}],"is_trial":false,"path_per_floor":["M","?","M","M","M","R","M","R","T","R","?","T","R","$","R","B",null,"M","M","?","$","M","M","R","M","T","?","M","$","M"],"character_chosen":"DEFECT","items_purchased":["OrangePellets","Gash","Chill"],"campfire_rested":0,"item_purchase_floors":[14,21,29],"current_hp_per_floor":[75,75,75,75,73,73,70,70,70,70,59,59,59,59,59,47,75,65,53,53,53,49,41,41,32,32,32,26,26,0,0],"gold":54,"neow_bonus":"THREE_ENEMY_KILL","is_daily":false,"chose_seed":false,"campfire_upgraded":6,"win_rate":0.0,"timestamp":1609299498,"path_taken":["M","?","?","?","?","R","M","R","T","R","?","?","R","$","R","BOSS","M","M","?","$","M","M","R","M","T","?","?","$","M"],"items_purchased_type":["Relic","Card","Card"],"build_version":"2020-12-22","purchased_purges":2,"victory":false,"max_hp_per_floor":[75,75,75,75,75,75,75,75,75,75,75,75,75,75,75,75,75,75,75,75,75,75,75,75,75,75,75,75,75,75,75],"card_choices":[{"not_picked":["Steam Power","Coolheaded"],"picked":"Conserve Battery","floor":1},{"not_picked":["Redo","Conserve Battery","Undo"],"picked":"SKIP","floor":3},{"not_picked":["Stack","Steam"],"picked":"Beam Cell","floor":4},{"not_picked":["Capacitor","Rebound"],"picked":"Gash","floor":5},{"not_picked":["Conserve Battery","Glacier","Hello World"],"picked":"SKIP","floor":7},{"not_picked":["Buffer","Thunder Strike"],"picked":"Machine Learning","floor":16},{"not_picked":["Rebound","Compile Driver"],"picked":"Gash","floor":18},{"not_picked":["Sweeping Beam","Streamline","Compile Driver"],"picked":"SKIP","floor":19},{"not_picked":["Beam Cell+1","Ball Lightning"],"picked":"Gash","floor":22},{"not_picked":["Beam Cell","Streamline","Melter"],"picked":"SKIP","floor":23},{"not_picked":["Compile Driver+1","Gash","Turbo"],"picked":"SKIP","floor":25},{"not_picked":["Compile Driver+1","Gash","Turbo"],"picked":"SKIP","floor":25},{"not_picked":["Redo+1","Chaos","Sweeping Beam+1"],"picked":"SKIP","floor":28}],"player_experience":936507,"relics_obtained":[{"floor":9,"key":"DataDisk"},{"floor":12,"key":"WingedGreaves"},{"floor":26,"key":"Tiny Chest"}],"event_choices":[{"damage_healed":0,"gold_gain":0,"player_choice":"Bought 0 Potions","damage_taken":0,"max_hp_gain":0,"max_hp_loss":0,"event_name":"The Woman in Blue","floor":2,"gold_loss":0},{"damage_healed":0,"gold_gain":75,"player_choice":"Gather Gold","damage_taken":11,"max_hp_gain":0,"max_hp_loss":0,"event_name":"World of Goop","floor":11,"gold_loss":0},{"damage_healed":0,"gold_gain":0,"player_choice":"Smashed Altar","damage_taken":0,"max_hp_gain":0,"max_hp_loss":0,"event_name":"Forgotten Altar","floor":20,"gold_loss":0,"cards_obtained":["Decay"]},{"damage_healed":0,"gold_gain":0,"player_choice":"Forge","damage_taken":0,"max_hp_gain":0,"max_hp_loss":0,"event_name":"Accursed Blacksmith","floor":27,"gold_loss":0,"cards_upgraded":["Machine Learning"]}],"is_beta":false,"boss_relics":[{"not_picked":["Busted Crown","Runic Dome"],"picked":"Inserter"}],"items_purged_floors":[14,21],"is_endless":false,"potions_floor_spawned":[3,5,7,16,25],"killed_by":"Snake Plant","ascension_level":0}}