{"host":"f5ezd1v29dtbwkzo","time":1609344421,"event":{"mods":["2.2 Compatiblity","BaseMod","Hermit","Hubris","Infinite Spire","Minty Spire (QoL Compilation)","Rare Cards Sparkle","Replay The Spire","StSLib"],"gold_per_floor":[117,292,292,311,386,421,66,66,66,66,94,42,42,58,58,160,160,172,186,200,200,212,212,223,248,323,342,359,391,391,12,12,107,107,118,138,193,208,108,140,140,152,152,171,171,39,49,149,149,49],"floor_reached":51,"playtime":2573,"items_purged":["Looming Evil","hubris:Disease","Replay:Hysterical Blindness"],"score":977,"play_id":"7d69d463-528a-4f36-9c11-8db10a227b0c","local_time":"20201230190701","is_ascension_mode":false,"campfire_choices":[{"data":"Armaments","floor":8,"key":"SMITH"},{"floor":13,"key":"REST"},{"data":"1","floor":15,"key":"LIFT"},{"data":"2","floor":23,"key":"LIFT"},{"data":"3","floor":30,"key":"LIFT"},{"data":"Rupture","floor":41,"key":"SMITH"},{"data":"Bludgeon","floor":49,"key":"SMITH"}],"circlet_count":0,"master_deck":["Strike_R","Strike_R","Strike_R","Strike_R","Strike_R","Defend_R","Defend_R","Defend_R","Defend_R","Bash","Uppercut+1","Doubt","hubris:ReadiedAction","Armaments+1","True Grit","Dual Wield","Metallicize","Exhume","AbeCurse","CurseOfTheBell","Shrug It Off+1","Rupture+1","Shrug It Off+1","Bludgeon+1","Clothesline","Iron Wave","Flame Barrier+1","Burning Pact","Perfected Strike","Hemogenesis","Double Tap","Regret","Delirium","Life Link+1","Parasite","Replay:Undeath\u0027s Touch+1","Combust","Spreading Infection"],"relics":["Burning Blood","NeowsBlessing","hubris:TenFootPole","ReplayTheSpireMod:TigerMarble","Strawberry","Girya","hubris:EvacipatedBox","hubris:FruitBowl","Replay:Baseball","Replay:Grab Bag","Cursed Key","Abe\u0027s Treasure","Replay:Ancient Bell","Calling Bell","hubris:ScarierMask","PreservedInsect","HornCleat","hubris:BundleOfHerbs","Bag of Marbles","infinitespire:FocusingShard","hubris:ToyBattleship","Boot","ReplayFunnel","Busted Crown","Mark of Pain","infinitespire:Magic Flask","hubris:TinFlute","infinitespire:CursedDice","ReplayTheSpireMod:Ring of Challenge","ReplayTheSpireMod:CursedCoin","Anchor"],"acts_visited":["Exordium","TheCity","TheBeyond"],"potions_floor_usage":[11,22,33,33,36,50,50,50],"damage_taken":[{"damage":0,"enemies":"Jaw Worm","floor":1,"turns":1},{"damage":0,"enemies":"2 Louse","floor":4,"turns":1},{"damage":0,"enemies":"Gremlin Nob","floor":6,"turns":1},{"damage":32,"enemies":"Lagavulin","floor":11,"turns":6},{"damage":0,"enemies":"Small Slimes","floor":14,"turns":2},{"damage":28,"enemies":"The Guardian","floor":16,"turns":12},{"damage":0,"enemies":"Chosen","floor":18,"turns":4},{"damage":5,"enemies":"2 Thieves","floor":19,"turns":4},{"damage":33,"enemies":"Snake Plant","floor":20,"turns":6},{"damage":12,"enemies":"Cultist and Chosen","floor":22,"turns":9},{"damage":0,"enemies":"Shelled Parasite and Fungi","floor":24,"turns":3},{"damage":13,"enemies":"Replay:Snechameleon","floor":25,"turns":3},{"damage":0,"enemies":"Snecko","floor":27,"turns":5},{"damage":12,"enemies":"Centurion and Healer","floor":28,"turns":4},{"damage":2,"enemies":"Slavers","floor":29,"turns":2},{"damage":31,"enemies":"Pondfish","floor":33,"turns":9},{"damage":0,"enemies":"3 Shapes","floor":35,"turns":3},{"damage":4,"enemies":"3 Darklings","floor":36,"turns":5},{"damage":0,"enemies":"2 Orb Walkers","floor":37,"turns":1},{"damage":3,"enemies":"Writhing Mass","floor":38,"turns":5},{"damage":2,"enemies":"R_Hoarder","floor":40,"turns":6},{"damage":0,"enemies":"4 Shapes","floor":42,"turns":2},{"damage":0,"enemies":"Jaw Worm Horde","floor":44,"turns":2},{"damage":12,"enemies":"Maw","floor":47,"turns":8},{"damage":55,"enemies":"Replay:Hell Engine","floor":50,"turns":13}],"seed_played":"-6998643530862819053","potions_obtained":[{"floor":1,"key":"Fire Potion"},{"floor":16,"key":"LiquidBronze"},{"floor":20,"key":"Venom Potion"},{"floor":24,"key":"Dexterity Potion"},{"floor":28,"key":"ColorlessPotion"},{"floor":33,"key":"Fire Potion"},{"floor":35,"key":"Weak Potion"},{"floor":36,"key":"Adrenaline Potion"}],"is_trial":false,"path_per_floor":["M","?","?","M","?","E","$","R","T","$","E","$","R","M","R","B",null,"M","M","M","?","M","R","M","E","T","M","M","E","R","$","R","B",null,"M","M","?","M","$","E","R","M","T","M","?","$","M","?","R","B",null],"character_chosen":"IRONCLAD","items_purchased":["ReplayTheSpireMod:TigerMarble","Strawberry","True Grit","hubris:EvacipatedBox","hubris:FruitBowl","SpeedPotion","Boot","ReplayFunnel","ReplayTheSpireMod:CursedCoin","Anchor"],"campfire_rested":1,"item_purchase_floors":[7,7,7,10,10,12,31,31,46,46],"current_hp_per_floor":[80,80,80,80,69,75,82,82,82,44,25,25,51,57,57,41,87,87,87,60,60,69,69,75,68,68,74,73,77,77,77,77,59,87,87,87,87,87,87,91,91,91,91,91,91,91,90,90,90,46],"gold":49,"neow_bonus":"THREE_ENEMY_KILL","is_daily":false,"chose_seed":false,"campfire_upgraded":3,"win_rate":0.0,"timestamp":1609344421,"path_taken":["M","?","?","M","?","E","$","R","T","?","E","$","R","M","R","BOSS","M","M","M","?","M","R","M","E","T","M","M","E","R","$","R","BOSS","M","M","?","M","$","E","R","M","T","M","?","$","M","?","R","BOSS"],"items_purchased_type":["Relic","Relic","Card","Relic","Relic","Potion","Relic","Relic","Relic","Relic"],"build_version":"2020-12-22","purchased_purges":3,"victory":true,"max_hp_per_floor":[80,80,80,80,80,80,87,87,87,87,87,87,87,87,87,87,87,87,87,87,87,87,87,87,87,87,87,87,87,87,87,87,87,87,87,87,87,87,87,91,91,91,91,91,91,91,91,91,91,91],"card_choices":[{"not_picked":["Rampage","Pommel Strike"],"picked":"Uppercut","floor":1},{"not_picked":["Pummel","Spot Weakness"],"picked":"hubris:ReadiedAction","floor":4},{"not_picked":["Run Through","Offering"],"picked":"Armaments","floor":6},{"not_picked":["Rage","Carnage"],"picked":"Dual Wield","floor":11},{"not_picked":["Feel No Pain","hubris:ReadiedAction"],"picked":"Metallicize","floor":14},{"not_picked":["Limit Break","Immolate"],"picked":"Exhume","floor":16},{"not_picked":["hubris:ReadiedAction","Evolve+1"],"picked":"Shrug It Off+1","floor":18},{"not_picked":["Bloodletting","Reckless Charge+1"],"picked":"Rupture","floor":19},{"not_picked":["Ghostly Armor","Sword Boomerang"],"picked":"Shrug It Off+1","floor":20},{"not_picked":["Heavy Blade","Anger"],"picked":"Bludgeon","floor":22},{"not_picked":["Dual Wield","Clash+1"],"picked":"Clothesline","floor":24},{"not_picked":["Body Slam+1","Shrug It Off"],"picked":"Iron Wave","floor":25},{"not_picked":["Rupture+1","Metallicize+1"],"picked":"Flame Barrier+1","floor":27},{"not_picked":["Thunderclap","ReplayTheSpireMod:Limb From Limb"],"picked":"Burning Pact","floor":28},{"not_picked":["True Grit","Clothesline"],"picked":"Perfected Strike","floor":29},{"not_picked":["Demon Form","Offering"],"picked":"Double Tap","floor":33},{"not_picked":[],"picked":"Regret","floor":34},{"not_picked":[],"picked":"hubris:Disease","floor":34},{"not_picked":[],"picked":"Delirium","floor":34},{"not_picked":["Shockwave"],"picked":"SKIP","floor":35},{"not_picked":[],"picked":"Life Link+1","floor":36},{"not_picked":[],"picked":"Replay:Undeath\u0027s Touch+1","floor":38},{"not_picked":[],"picked":"Combust","floor":40},{"not_picked":["Sword Boomerang"],"picked":"SKIP","floor":42},{"not_picked":["Heavy Blade"],"picked":"SKIP","floor":44},{"not_picked":["Cleave"],"picked":"SKIP","floor":47}],"player_experience":326043,"relics_obtained":[{"floor":6,"key":"hubris:TenFootPole"},{"floor":9,"key":"Girya"},{"floor":11,"key":"Replay:Baseball"},{"floor":17,"key":"PreservedInsect"},{"floor":17,"key":"HornCleat"},{"floor":17,"key":"hubris:BundleOfHerbs"},{"floor":25,"key":"Bag of Marbles"},{"floor":26,"key":"infinitespire:FocusingShard"},{"floor":29,"key":"hubris:ToyBattleship"},{"floor":37,"key":"infinitespire:Magic Flask"},{"floor":40,"key":"hubris:TinFlute"},{"floor":43,"key":"infinitespire:CursedDice"},{"floor":45,"key":"ReplayTheSpireMod:Ring of Challenge"}],"event_choices":[{"damage_healed":0,"gold_gain":175,"player_choice":"AGREE","damage_taken":0,"max_hp_gain":0,"max_hp_loss":0,"event_name":"Liars Game","floor":2,"gold_loss":0,"cards_obtained":["Doubt"]},{"damage_healed":0,"gold_gain":75,"player_choice":"Gather Gold","damage_taken":11,"max_hp_gain":0,"max_hp_loss":0,"event_name":"World of Goop","floor":5,"gold_loss":0},{"damage_healed":0,"gold_gain":0,"player_choice":"Ignored","damage_taken":0,"max_hp_gain":0,"max_hp_loss":0,"event_name":"N\u0027loth","floor":21,"gold_loss":0},{"damage_healed":0,"gold_gain":0,"player_choice":"1 cards matched","damage_taken":0,"max_hp_gain":0,"max_hp_loss":0,"event_name":"Match and Keep!","floor":32,"gold_loss":0,"cards_obtained":["Hemogenesis"]},{"damage_healed":0,"gold_gain":0,"player_choice":"Fight","damage_taken":0,"max_hp_gain":0,"max_hp_loss":0,"event_name":"Mysterious Sphere","floor":37,"gold_loss":0},{"damage_healed":0,"gold_gain":100,"player_choice":"Pray","damage_taken":0,"max_hp_gain":0,"max_hp_loss":0,"event_name":"Golden Shrine","floor":48,"gold_loss":0}],"is_beta":false,"boss_relics":[{"not_picked":["Electric Blood","infinitespire:Cupcake","Velvet Choker"],"picked":"Replay:Grab Bag"},{"not_picked":["Ooze Armor","Ectoplasm","Honey Jar"],"picked":"Cursed Key"},{"not_picked":["hubris:CrackedHourglass","ReplayTheSpireMod:Onyx Gauntlets","Pandora\u0027s Box"],"picked":"Abe\u0027s Treasure"},{"not_picked":["infinitespire:Burning Sword","ReplayTheSpireMod:SealedPack","hubris:Stopwatch"],"picked":"Replay:Ancient Bell"},{"not_picked":["Orichalcum","Happy Flower","Replay:Bandana"],"picked":"Calling Bell"},{"not_picked":["SlaversCollar","Snecko Eye","SacredBark"],"picked":"hubris:ScarierMask"},{"not_picked":["infinitespire:Bottled Soul","Replay:Bottled Flurry","Mirror"],"picked":"Busted Crown"},{"not_picked":["StoneCalendar","Torii","hubris:GlazedTorus"],"picked":"Mark of Pain"}],"items_purged_floors":[31,39,46],"is_endless":false,"potions_floor_spawned":[1,16,20,24,28,33,35,36,38],"ascension_level":0}}