{"host":"Qube","time":1609368757,"event":{"mods":["AchievementEnabler","BaseMod","Colored Map","Colored Powertips","Minty Spire (QoL Compilation)","Quick Restart","Random Character Button","StSLib","The Cursed"],"gold_per_floor":[116,136,136,149,161,195,195,225,295,322,341,341,351,383,383,457,457,474,474,474,494,45,45,70,104,178,178,178],"floor_reached":27,"playtime":1202,"items_purged":["Defend_P"],"score":470,"play_id":"f48661be-50ab-4b18-bace-0e83ce732c84","local_time":"20201230145237","is_ascension_mode":true,"campfire_choices":[{"data":"BattleHymn","floor":7.0,"key":"SMITH"},{"data":"1","floor":12,"key":"LIFT"},{"data":"2","floor":15,"key":"LIFT"},{"data":"3","floor":23,"key":"LIFT"}],"circlet_count":0,"master_deck":["AscendersBane","Strike_P","Strike_P","Strike_P","Defend_P","Defend_P","Eruption","Vigilance","Weave","Nirvana","BattleHymn+1","Perseverance","CutThroughFate","TalkToTheHand","CutThroughFate","Evaluate","Establishment","DevaForm+1","Meditate+1","LikeWater+1","Protect","ThirdEye","Halt"],"relics":["PureWater","NeowsBlessing","PreservedInsect","Girya","Sundial","Nunchaku","Pantograph","Astrolabe","Thread and Needle","Letter Opener","Red Mask","White Beast Statue"],"acts_visited":["Exordium","TheCity"],"potions_floor_usage":[11,13,24,25,27],"damage_taken":[{"damage":0.0,"enemies":"Jaw Worm","floor":1.0,"turns":1.0},{"damage":0.0,"enemies":"2 Louse","floor":2.0,"turns":1.0},{"damage":0.0,"enemies":"Small Slimes","floor":4.0,"turns":2.0},{"damage":9.0,"enemies":"Looter","floor":5.0,"turns":3.0},{"damage":4.0,"enemies":"Gremlin Nob","floor":6.0,"turns":3.0},{"damage":5.0,"enemies":"Lagavulin","floor":8.0,"turns":5.0},{"damage":2.0,"enemies":"Gremlin Nob","floor":10.0,"turns":3.0},{"damage":8,"enemies":"Lots of Slimes","floor":11,"turns":6},{"damage":4,"enemies":"Red Slaver","floor":13,"turns":3},{"damage":12,"enemies":"3 Sentries","floor":14,"turns":5},{"damage":5,"enemies":"Hexaghost","floor":16,"turns":8},{"damage":22,"enemies":"2 Thieves","floor":18,"turns":3},{"damage":12,"enemies":"3 Byrds","floor":21,"turns":6},{"damage":18,"enemies":"Book of Stabbing","floor":24,"turns":5},{"damage":25,"enemies":"Masked Bandits","floor":25,"turns":4},{"damage":7,"enemies":"Slavers","floor":27,"turns":1}],"seed_played":"589879141350867019","potions_obtained":[{"floor":1.0,"key":"Block Potion"},{"floor":2.0,"key":"BlessingOfTheForge"},{"floor":6.0,"key":"SneckoOil"},{"floor":16,"key":"LiquidMemories"},{"floor":21,"key":"BottledMiracle"},{"floor":25,"key":"CultistPotion"}],"is_trial":false,"path_per_floor":["M","M","?","M","M","E","R","E","T","E","M","R","M","E","R","B",null,"M","?","?","M","$","R","E","?","T","E"],"character_chosen":"WATCHER","items_purchased":["Protect","Thread and Needle"],"campfire_rested":0,"item_purchase_floors":[22,22],"current_hp_per_floor":[61,61,66,66,57,53,53,48,48,46,38,38,34,22,22,42,65,43,43,58,46,46,46,28,3,3,0,0],"gold":178,"neow_bonus":"THREE_ENEMY_KILL","is_daily":false,"chose_seed":false,"campfire_upgraded":1,"win_rate":0.0,"timestamp":1609368757,"path_taken":["M","M","?","M","M","E","R","E","T","E","M","R","M","E","R","BOSS","M","?","?","?","$","R","E","?","T","E"],"items_purchased_type":["Card","Relic"],"build_version":"2020-12-18","purchased_purges":1,"victory":false,"max_hp_per_floor":[68,68,73,73,73,73,73,73,73,73,73,73,73,73,73,73,73,73,73,73,73,73,73,73,73,73,73,73],"card_choices":[{"not_picked":["ThirdEye","FlyingSleeves"],"picked":"Weave","floor":1.0},{"not_picked":["PathToVictory","Halt"],"picked":"Nirvana","floor":2.0},{"not_picked":["Crescendo","Protect"],"picked":"BattleHymn","floor":4.0},{"not_picked":["Crescendo","FlyingSleeves"],"picked":"Perseverance","floor":5.0},{"not_picked":["Evaluate","FearNoEvil"],"picked":"CutThroughFate","floor":6.0},{"not_picked":["WreathOfFlame","WindmillStrike"],"picked":"Omniscience","floor":8.0},{"not_picked":["FlurryOfBlows","WreathOfFlame","EmptyFist"],"picked":"SKIP","floor":10.0},{"not_picked":["PathToVictory","Perseverance"],"picked":"TalkToTheHand","floor":11},{"not_picked":["BattleHymn","DevaForm"],"picked":"CutThroughFate","floor":13},{"not_picked":["SashWhip","Conclude"],"picked":"Evaluate","floor":14},{"not_picked":["MasterReality","Vault"],"picked":"Establishment","floor":16},{"not_picked":["EmptyBody","ReachHeaven+1","CarveReality"],"picked":"SKIP","floor":18},{"not_picked":["Indignation","Consecrate","Crescendo"],"picked":"SKIP","floor":21},{"not_picked":["TalkToTheHand","BattleHymn+1"],"picked":"ThirdEye","floor":24},{"not_picked":["MentalFortress","EmptyMind"],"picked":"Halt","floor":25}],"player_experience":739208,"relics_obtained":[{"floor":6.0,"key":"PreservedInsect"},{"floor":8.0,"key":"Girya"},{"floor":9.0,"key":"Sundial"},{"floor":10.0,"key":"Nunchaku"},{"floor":14,"key":"Pantograph"},{"floor":24,"key":"Letter Opener"},{"floor":25,"key":"Red Mask"},{"floor":26,"key":"White Beast Statue"}],"event_choices":[{"damage_healed":0.0,"max_hp_gain":5.0,"max_hp_loss":0.0,"gold_gain":0.0,"event_name":"Big Fish","player_choice":"Donut","floor":3.0,"gold_loss":0.0,"damage_taken":0.0},{"damage_healed":0,"gold_gain":0,"player_choice":"Ignored","damage_taken":0,"max_hp_gain":0,"max_hp_loss":0,"event_name":"Vampires","floor":19,"gold_loss":0},{"damage_healed":15,"gold_gain":0,"player_choice":"Heal","damage_taken":0,"max_hp_gain":0,"max_hp_loss":0,"event_name":"The Library","floor":20,"gold_loss":0},{"damage_healed":0,"gold_gain":0,"player_choice":"Fought Bandits","damage_taken":0,"max_hp_gain":0,"max_hp_loss":0,"event_name":"Masked Bandits","floor":25,"gold_loss":0}],"is_beta":true,"boss_relics":[{"not_picked":["Runic Dome","Philosopher\u0027s Stone"],"picked":"Astrolabe"}],"items_purged_floors":[22],"is_endless":false,"potions_floor_spawned":[1,2,5,6,16,21,25],"killed_by":"Slavers","ascension_level":16}}