{"host":"i58uscbei3sy5089","time":1609350253,"event":{"mods":["ATMod(°¢èªMod)","Act Like it!","Arknights The Spire","BaseMod","Challenge The Spire","Colored Powertips","Conspire","Infinite Spire","Koishi","Lobotomy","LobotomyExtend","Minty Spire (QoL Compilation)","MostiFishMod","Prisma Mod","Quick Restart","Reimu£¨²©ÀöÁéÃÎ£©","Replay The Spire","Shop Mod","Spicy Shops","StSLib","TestMod","The Alterego","The Construct","UnlockEverythingMod","[IsaacMod]ÒÔÈö¼âËþ","vexMod","¡¾¹¦ÄÜMod¡¿»ìãçÖ®»·ÐÞ¸´²¹¶¡","¡¾ÒÅÎï¿¨ÅÆ¡¿REMEMod","óô»ðÖ¸ÄÏ"],"gold_per_floor":[111,111,111,135,155,155,191,1,1,15,36,50,50,66,265,389,389,464,439,339,339,339,0,20,20,20,106,106,127,127,145,145,275,275,294,329,348,366,141,179,179,193,193,230,302,302,1000,2093,796,938,938,938],"floor_reached":51,"playtime":4359,"items_purged":["SpecialBullet","SpecialBullet","SpecialBullet","SpecialBullet","SpecialBullet","SpecialBullet","SpecialBullet","SpecialBullet","InformationCode","Funeral"],"score":985,"play_id":"3a1265aa-c1ce-4aab-a75d-b71cc80793bf","local_time":"20201231014413","is_ascension_mode":true,"campfire_choices":[{"data":"testmod-Wormhole","floor":41,"key":"SMITH"},{"data":"DaCapo","floor":41,"key":"SMITH"}],"circlet_count":0,"master_deck":["QueenOfHatred","LongBird","AT_EssenceShift+1","SecurityCode","Adoration+1","testmod-Wormhole+1","testmod-PulseDistributor","AT_LightSaberMaster","OSAHOGD","WallGazer","GoldRush","MHz","Adoration+1","ControlCode","TT2Protocol","infinitespire:FutureSight","FieryBird","testmod-PainDetonator","TrainingCode","Adoration"],"relics":["CogitoBucket","RabbitCall","testmod-TestBox","DaveBox","AT_ATBox","REME_ComplimentaryCards","RhineCircuit","testmod-BatchProcessingSystem","SynthV:TestCard","LetterFromLob","Golden Idol","ats:Originium","MerchantsRug","Replay:Wax Seal","ReplayTheSpireMod:ShopPack","AT_BladeRuinedKing","BloodDonationBag","infinitespire:CheckeredPen","HonorFeather","DiscerningMonocle","CrazyTorch:ReiMu","testmod-ObsoleteBoomerang","Bag of Preparation","ImprovedEquipment","Gaze_r","LaetitiaHeart","Moonlight_r","MagicBullet_r","Gremlin Food","Blood Vial","Strawberry","infinitespire:BottledMercury","Replay:Arrowhead","Painkiller Herb","Justitia_r","infinitespire:Broken Mirror","infinitespire:Beetle Shell","Ying","Bronze Scales","Nunchaku","SalivaCoin","Omamori","InTheNameOfLoveAndHate_r","Mercury Hourglass","Meat on the Bone","Blue Candle","Mastiff:ReiMu","Chemical X","NineVolt","FeatherPendant","HushsDoor","KeepersGift"],"acts_visited":["Exordium","TheCity","TheBeyond","Exordium"],"potions_floor_usage":[],"damage_taken":[{"damage":0,"enemies":"Small Slimes","floor":1,"turns":2},{"damage":0,"enemies":"Jaw Worm","floor":4,"turns":1},{"damage":3,"enemies":"conspire:RoseBush","floor":5,"turns":1},{"damage":17,"enemies":"Replay:BlueRogue","floor":7,"turns":4},{"damage":11,"enemies":"Exordium Wildlife","floor":10,"turns":2},{"damage":11,"enemies":"Looter","floor":11,"turns":2},{"damage":25,"enemies":"Lots of Slimes","floor":12,"turns":3},{"damage":113,"enemies":"3 Sentries","floor":13,"turns":3},{"damage":13,"enemies":"Exordium Thugs","floor":14,"turns":2},{"damage":0,"enemies":"Slime Boss","floor":16,"turns":3},{"damage":17,"enemies":"3 Byrds","floor":18,"turns":4},{"damage":3,"enemies":"3 Byrds","floor":21,"turns":2},{"damage":0,"enemies":"3 Byrds","floor":21,"turns":1},{"damage":0,"enemies":"3 Byrds","floor":21,"turns":1},{"damage":0,"enemies":"3 Byrds","floor":21,"turns":1},{"damage":0,"enemies":"Chosen","floor":24,"turns":1},{"damage":41,"enemies":"conspire:HollyBat","floor":29,"turns":5},{"damage":0,"enemies":"Centurion and Healer","floor":31,"turns":2},{"damage":32,"enemies":"Collector","floor":33,"turns":3},{"damage":0,"enemies":"3 Darklings","floor":35,"turns":2},{"damage":0,"enemies":"conspire:MimicChest","floor":36,"turns":1},{"damage":8,"enemies":"Orb Walker","floor":37,"turns":1},{"damage":5,"enemies":"Maw","floor":38,"turns":4},{"damage":3,"enemies":"R_Hoarder","floor":40,"turns":5},{"damage":0,"enemies":"3 Darklings","floor":42,"turns":1},{"damage":40,"enemies":"Jaw Worm Horde","floor":44,"turns":4},{"damage":14,"enemies":"Spire Growth","floor":45,"turns":2},{"damage":0,"enemies":"Nightmare","floor":47,"turns":1},{"damage":8,"enemies":"Sphere and 2 Shapes","floor":48,"turns":4},{"damage":20,"enemies":"Donu and Deca","floor":50,"turns":3}],"seed_played":"-1619572475006488392","potions_obtained":[{"floor":10,"key":"Dexterity Potion"},{"floor":12,"key":"ZuzhouPotion:ReiMu"},{"floor":14,"key":"Explosive Potion"},{"floor":28,"key":"Languid Potion"},{"floor":28,"key":"Reflective Coating"},{"floor":28,"key":"PowerPotion"},{"floor":38,"key":"Ancient Potion"}],"is_trial":false,"path_per_floor":["M","?","?","M","M","R","E","$","T","M","M","M","E","M","R","B",null,"M","?","$","?","?","R","M","R","T","?","?","M","AVR","M","R","B",null,"?","?","?","?","T","E","T","?","T","?","?","AVR","NM","?","T","B",null],"character_chosen":"Angela","items_purchased":["MerchantsRug","Replay:Wax Seal","ReplayTheSpireMod:ShopPack","AT_BladeRuinedKing","testmod-ObsoleteBoomerang","testmod-MagicalMallet","Bag of Preparation","ImprovedEquipment","Gremlin Food","Blood Vial","Strawberry","infinitespire:Beetle Shell","Ying","Bronze Scales","Nunchaku","Meat on the Bone","Blue Candle","Mastiff:ReiMu","Chemical X","NineVolt","testmod-PainDetonator"],"campfire_rested":0,"item_purchase_floors":[8,8,8,8,20,20,20,20,23,23,23,39,39,39,39,49,49,49,49,49,49],"current_hp_per_floor":[71,57,57,63,60,60,73,19,19,26,37,38,23,44,24,48,75,77,77,77,65,65,52,62,90,90,75,75,58,58,88,94,84,98,102,102,106,110,110,114,114,122,122,124,124,124,64,1,124,124,124,124],"gold":938,"neow_bonus":"RANDOM_COLORLESS","is_daily":false,"chose_seed":false,"campfire_upgraded":2,"win_rate":0.0,"timestamp":1609350253,"path_taken":["M","?","?","M","M","R","E","$","T","M","M","?","E","M","R","BOSS","M","?","$","?","?","R","M","R","T","?","?","M","AVR","M","R","BOSS","?","?","?","?","T","E","T","?","T","?","?","AVR","NM","?","T","BOSS"],"items_purchased_type":["Relic","Relic","Relic","Relic","Relic","Relic","Relic","Relic","Relic","Relic","Relic","Relic","Relic","Relic","Relic","Relic","Relic","Relic","Relic","Relic","Card"],"build_version":"2020-12-22","purchased_purges":10,"victory":false,"max_hp_per_floor":[71,71,71,71,71,71,73,73,73,73,73,73,73,73,73,75,75,77,77,77,83,83,90,90,90,90,90,90,92,92,94,94,98,98,102,102,106,110,110,114,114,122,122,124,124,124,124,124,124,124,124,124],"card_choices":[{"not_picked":[],"picked":"ChaosCard","floor":0},{"not_picked":["Replay:BasicMightCard","ReplayTheSpireMod:Trickstab"],"picked":"conspire:Banana","floor":0},{"not_picked":["CrumblingArmor","MeatLantern"],"picked":"QueenOfHatred","floor":1},{"not_picked":["BloodyDesire","Regret_ego"],"picked":"SKIP","floor":1},{"not_picked":["MHz","OSAHOGD"],"picked":"LongBird","floor":4},{"not_picked":["BlueScar","SoundOfStar","InTheNameOfLoveAndHate","Tough"],"picked":"SKIP","floor":4},{"not_picked":["FrostShard","Lantern","SomewhereSpear","BlackSwan_ego"],"picked":"SKIP","floor":5},{"not_picked":["Galaxy","Spore","GrinderMk4"],"picked":"Adoration","floor":7},{"not_picked":["The Bomb","REME_ProfessionalPlagiarism","ReplayTheSpireMod:Brewmster"],"picked":"testmod-Wormhole","floor":8},{"not_picked":["testmod-WeaknessCounterattack","testmod-LimitFlipper","REME_MagicPocketWatch"],"picked":"testmod-PulseDistributor","floor":8},{"not_picked":["MostiFishMod:Kaleido","testmod-HandmadeProducts","AT_BreakingExtremeWeapon"],"picked":"AT_LightSaberMaster","floor":8},{"not_picked":["Bloodbath","Murderer"],"picked":"OSAHOGD","floor":10},{"not_picked":["Tough","Horn","Penitence","Loneliness"],"picked":"SKIP","floor":10},{"not_picked":["CherryBlossoms","HappyTeddy"],"picked":"WallGazer","floor":11},{"not_picked":["Tough","Amita","CherryBlossom","FourthMatchFlame"],"picked":"SKIP","floor":11},{"not_picked":["Tough","Amita","CherryBlossom","FourthMatchFlame"],"picked":"SKIP","floor":11},{"not_picked":["Penitence","Regret_ego","SomewhereSpear"],"picked":"GoldRush","floor":12},{"not_picked":["LittlePrince","BodiesMountain"],"picked":"MHz","floor":14},{"not_picked":["FourthMatchFlame","Laetitia_ego","Reverberation","Loneliness"],"picked":"SKIP","floor":14},{"not_picked":["Pinks","Mimicry","ParadiseLost"],"picked":"Adoration","floor":16},{"not_picked":["BearPaw","RapturousDream","Noise","Lantern"],"picked":"SKIP","floor":18},{"not_picked":["Spore","GreenStem","Beak+1","RapturousDream"],"picked":"SKIP","floor":24},{"not_picked":["FeatherOfHonor","RedEyes","Noise","Beak"],"picked":"SKIP","floor":29},{"not_picked":["Harvest","WristCuter","FourthMatchFlame","Hornet"],"picked":"SKIP","floor":31},{"not_picked":["ParadiseLost","Justitia","CENSORED_ego"],"picked":"DaCapo","floor":33},{"not_picked":["MeatLantern","Woodsman"],"picked":"FieryBird","floor":35},{"not_picked":["CherryBlossom+1","CrimsonScar+1","RapturousDream","Loneliness+1"],"picked":"SKIP","floor":35},{"not_picked":["HappyTeddy","PunishingBird"],"picked":"Funeral","floor":37},{"not_picked":["MagicBullet","Loneliness","Reverberation","Pleasure+1"],"picked":"SKIP","floor":37},{"not_picked":["FourthMatchFlame+1","Regret_ego+1","Noise","Beak"],"picked":"SKIP","floor":38},{"not_picked":["Wingbeat+1","Loneliness+1","Beak","CUTE+1"],"picked":"SKIP","floor":40},{"not_picked":["Pinks","Penitence+1","Hornet","CherryBlossom"],"picked":"SKIP","floor":42},{"not_picked":["BearPaw+1","SomewhereSpear+1","ShedSkin+1","Penitence+1"],"picked":"SKIP","floor":44},{"not_picked":["Loneliness","TodaysExpression","Wingbeat+1","Regret_ego"],"picked":"SKIP","floor":45},{"not_picked":["WristCuter+1","Logging+1","Soda","ShedSkin"],"picked":"SKIP","floor":47},{"not_picked":["WristCuter+1","Logging+1","Soda","ShedSkin"],"picked":"SKIP","floor":47},{"not_picked":["WristCuter+1","Logging+1","Soda","ShedSkin"],"picked":"SKIP","floor":47},{"not_picked":["Loneliness+1","RedEyes+1","Regret_ego","Hypocrisy"],"picked":"SKIP","floor":48},{"not_picked":["TheSmile","Justitia","GoldRush"],"picked":"Adoration","floor":50}],"player_experience":671601,"relics_obtained":[{"floor":1,"key":"SynthV:TestCard"},{"floor":1,"key":"LetterFromLob"},{"floor":7,"key":"ats:Originium"},{"floor":7,"key":"DoctorsRemote"},{"floor":9,"key":"infinitespire:CheckeredPen"},{"floor":26,"key":"infinitespire:BottledMercury"},{"floor":36,"key":"infinitespire:Broken Mirror"},{"floor":40,"key":"ats:Originium"},{"floor":40,"key":"SalivaCoin"},{"floor":43,"key":"Omamori"},{"floor":47,"key":"ats:Originium"}],"event_choices":[{"damage_healed":0,"gold_gain":0,"player_choice":"Entered Light","damage_taken":14,"max_hp_gain":0,"max_hp_loss":0,"event_name":"Shining Light","floor":2,"gold_loss":0,"cards_upgraded":["conspire:Banana","AT_EssenceShift"]},{"damage_healed":0,"gold_gain":0,"player_choice":"Swap Relic","damage_taken":0,"relics_obtained":["Golden Idol"],"max_hp_gain":0,"max_hp_loss":0,"event_name":"¸ø×Ô¼ºµÄºÐ×Ó","floor":3,"relics_lost":["HushsDoor"],"gold_loss":0},{"damage_healed":0,"gold_gain":0,"player_choice":"Ignored","damage_taken":0,"max_hp_gain":0,"max_hp_loss":0,"event_name":"Vampires","floor":22,"gold_loss":0},{"damage_healed":0,"gold_gain":0,"player_choice":"Got Potions","damage_taken":0,"max_hp_gain":0,"max_hp_loss":0,"event_name":"Lab","floor":28,"gold_loss":0}],"is_beta":false,"boss_relics":[{"not_picked":["Black Star","REME_DuelDisc"],"picked":"DiscerningMonocle"},{"not_picked":["Astrolabe","infinitespire:Cupcake"],"picked":"Painkiller Herb"},{"not_picked":["Empty Cage","Fusion Hammer"],"picked":"FeatherPendant"}],"items_purged_floors":[8,8,20,20,23,30,39,39,46,49],"is_endless":true,"potions_floor_spawned":[10,12,13,14,21,21,21,29,35,38,48],"ascension_level":2}}