{"host":"fmtvje4mks8zli8e","time":1609290420,"event":{"mods":["AchievementEnabler","AlwaysNeverKeys","BaseMod","BetterRewards","Minty Spire (QoL Compilation)","READ ME - Guardian Mod","Remove Card Discount Mod","StSLib","The Cursed","The Druid","The Servant 0.9.4","The Wild Card"],"gold_per_floor":[117,130,144,162,175,206,206,237,237,271,271,302,318,330,330,434,434,451,464,76,76,91,116,116,143,143,174,174,174,200,200,200,295,295,312,312,312,327,327,352,352,0,0,0,25,25,57,92,92,92,92,92,5,33,33],"floor_reached":56,"playtime":2520,"items_purged":["Strike_B","Writhe","Strike_B","Strike_B","Defend_B","Defend_B","Defend_B","Defend_B","Strike_B"],"score":2176,"play_id":"5a494ce0-a5bc-4898-8f66-fe3a3013e43f","local_time":"20201229190700","is_ascension_mode":true,"campfire_choices":[{"data":"Zap","floor":7,"key":"SMITH"},{"data":"Redo","floor":11,"key":"SMITH"},{"data":"Dualcast","floor":15,"key":"SMITH"},{"data":"Biased Cognition","floor":24,"key":"SMITH"},{"data":"Go for the Eyes","floor":28,"key":"SMITH"},{"data":"FTL","floor":32,"key":"SMITH"},{"data":"Madness","floor":41,"key":"SMITH"},{"data":"Madness","floor":46,"key":"SMITH"},{"data":"Redo","floor":49,"key":"SMITH"},{"data":"Leap","floor":52,"key":"SMITH"}],"circlet_count":0,"master_deck":["Zap+1","Dualcast+1","Ball Lightning","Steam","FTL+1","Glacier","Redo+1","Ball Lightning+1","Go for the Eyes+1","Biased Cognition+1","Aggregate+1","Finesse","Defragment+1","Leap+1","Electrodynamics+1","Redo+1","Dark Shackles","Leap+1","Madness+1","Madness+1","Conserve Battery","Capacitor+1","Ball Lightning","Pain","Gash+1","Redo+1","Conserve Battery","FTL+1","Ball Lightning"],"relics":["Cracked Core","Runic Capacitor","WingedGreaves","InkBottle","Matryoshka","ClockworkSouvenir","Turnip","Unceasing Top","The Courier","Art of War","Dream Catcher","Meat on the Bone","Centennial Puzzle","Busted Crown","Juzu Bracelet","Frozen Egg 2","Prayer Wheel","Nunchaku","Bronze Scales","Symbiotic Virus","Blood Vial","Bag of Preparation","Letter Opener","Nuclear Battery","Bottled Tornado","Blue Candle","Orichalcum","Bag of Marbles","Mango","WarpedTongs","Ancient Tea Set","Singing Bowl","Anchor","Whetstone"],"acts_visited":["Exordium","TheCity","TheBeyond","TheEnding"],"potions_floor_usage":[5,10,16,33,55,55],"damage_taken":[{"damage":6,"enemies":"Cultist","floor":1,"turns":4},{"damage":0,"enemies":"Jaw Worm","floor":2,"turns":3},{"damage":0,"enemies":"2 Louse","floor":3,"turns":2},{"damage":0,"enemies":"Large Slime","floor":4,"turns":4},{"damage":0,"enemies":"Red Slaver","floor":5,"turns":3},{"damage":6,"enemies":"3 Sentries","floor":6,"turns":6},{"damage":2,"enemies":"Lagavulin","floor":8,"turns":8},{"damage":8,"enemies":"Gremlin Nob","floor":10,"turns":4},{"damage":4,"enemies":"3 Sentries","floor":12,"turns":6},{"damage":0,"enemies":"Exordium Wildlife","floor":13,"turns":2},{"damage":1,"enemies":"Large Slime","floor":14,"turns":4},{"damage":19,"enemies":"Hexaghost","floor":16,"turns":7},{"damage":2,"enemies":"Shell Parasite","floor":18,"turns":3},{"damage":1,"enemies":"3 Byrds","floor":19,"turns":3},{"damage":11,"enemies":"Shelled Parasite and Fungi","floor":22,"turns":3},{"damage":11,"enemies":"Gremlin Leader","floor":23,"turns":5},{"damage":0,"enemies":"Slavers","floor":25,"turns":4},{"damage":0,"enemies":"Gremlin Leader","floor":27,"turns":4},{"damage":3,"enemies":"Book of Stabbing","floor":30,"turns":3},{"damage":0,"enemies":"Automaton","floor":33,"turns":6},{"damage":4,"enemies":"Orb Walker","floor":35,"turns":3},{"damage":0,"enemies":"3 Shapes","floor":38,"turns":1},{"damage":0,"enemies":"Giant Head","floor":40,"turns":6},{"damage":7,"enemies":"Reptomancer","floor":45,"turns":3},{"damage":1,"enemies":"Giant Head","floor":47,"turns":5},{"damage":14,"enemies":"Nemesis","floor":48,"turns":3},{"damage":1,"enemies":"Donu and Deca","floor":50,"turns":3},{"damage":1,"enemies":"Shield and Spear","floor":54,"turns":1},{"damage":46,"enemies":"The Heart","floor":55,"turns":6}],"seed_played":"3501565866770145526","potions_obtained":[{"floor":4,"key":"Block Potion"},{"floor":5,"key":"LiquidBronze"},{"floor":8,"key":"ColorlessPotion"},{"floor":10,"key":"DuplicationPotion"},{"floor":13,"key":"Fire Potion"},{"floor":23,"key":"ColorlessPotion"},{"floor":31,"key":"FocusPotion"},{"floor":33,"key":"FairyPotion"}],"is_trial":false,"path_per_floor":["M","M","M","M","M","E","R","E","T","E","R","E","M","M","R","B",null,"M","M","$","?","M","E","R","E","T","E","R","?","E","?","R","B",null,"M","T","?","M","?","E","R","$","T","?","E","R","E","E","R","B",null,"R","$","E","B",null],"character_chosen":"DEFECT","items_purchased":["Runic Capacitor","Ball Lightning","WingedGreaves","InkBottle","Matryoshka","ClockworkSouvenir","Turnip","Juzu Bracelet","Frozen Egg 2","Finesse","Orichalcum","Capacitor+1","Ball Lightning","Bag of Marbles","Conserve Battery","FTL"],"campfire_rested":0,"item_purchase_floors":[0,0,0,0,0,0,0,20,20,20,42,42,42,42,53,53],"current_hp_per_floor":[22,22,22,22,22,16,16,14,14,6,6,14,26,37,37,30,75,73,72,72,72,61,50,50,50,50,50,50,50,49,49,49,51,75,71,71,71,73,64,66,66,66,80,80,75,75,76,66,66,67,91,91,91,90,57],"gold":33,"neow_bonus":"","is_daily":false,"chose_seed":false,"campfire_upgraded":10,"win_rate":0.0,"timestamp":1609290420,"path_taken":["M","?","M","M","?","E","R","E","T","E","R","E","M","M","R","BOSS","M","M","$","?","M","E","R","E","T","E","R","?","E","?","R","BOSS","M","?","?","M","?","E","R","?","T","?","E","R","E","E","R","BOSS","R","$","E","BOSS"],"items_purchased_type":["Relic","Card","Relic","Relic","Relic","Relic","Relic","Relic","Relic","Card","Relic","Card","Card","Relic","Card","Card"],"build_version":"2020-12-22","purchased_purges":9,"victory":true,"max_hp_per_floor":[75,75,75,75,75,75,75,75,75,75,75,75,75,75,75,75,75,75,75,75,75,75,75,75,75,75,75,75,75,75,75,75,75,75,75,75,75,75,75,75,75,75,89,89,89,89,89,91,91,91,91,91,91,91,91],"card_choices":[{"not_picked":["Barrage","Streamline"],"picked":"Steam","floor":1},{"not_picked":["Streamline","Genetic Algorithm"],"picked":"FTL","floor":2},{"not_picked":["Genetic Algorithm","Stack","Coolheaded"],"picked":"SKIP","floor":3},{"not_picked":["Compile Driver","Stack","Rebound"],"picked":"SKIP","floor":4},{"not_picked":["Rebound","Tempest"],"picked":"Glacier","floor":5},{"not_picked":["Compile Driver","Tempest"],"picked":"Redo","floor":6},{"not_picked":["Rainbow","Conserve Battery"],"picked":"Ball Lightning","floor":8},{"not_picked":["Force Field","Barrage","Sweeping Beam"],"picked":"SKIP","floor":10},{"not_picked":["Hello World","Scrape","Double Energy"],"picked":"SKIP","floor":12},{"not_picked":["Stack","Turbo","Compile Driver"],"picked":"SKIP","floor":13},{"not_picked":["Rip and Tear","Sweeping Beam"],"picked":"Go for the Eyes","floor":14},{"not_picked":["Buffer","Hyperbeam"],"picked":"Biased Cognition","floor":16},{"not_picked":["Scrape+1"],"picked":"SKIP","floor":18},{"not_picked":[],"picked":"Aggregate+1","floor":19},{"not_picked":["Compile Driver"],"picked":"SKIP","floor":22},{"not_picked":["Barrage"],"picked":"SKIP","floor":23},{"not_picked":[],"picked":"Leap","floor":25},{"not_picked":["Hologram"],"picked":"SKIP","floor":27},{"not_picked":["Stack"],"picked":"SKIP","floor":30},{"not_picked":[],"picked":"Electrodynamics+1","floor":33},{"not_picked":[],"picked":"Redo+1","floor":35},{"not_picked":["Hologram"],"picked":"SKIP","floor":35},{"not_picked":[],"picked":"Dark Shackles","floor":37},{"not_picked":[],"picked":"Leap+1","floor":38},{"not_picked":["Sweeping Beam"],"picked":"SKIP","floor":38},{"not_picked":[],"picked":"Conserve Battery","floor":40},{"not_picked":[],"picked":"Gash+1","floor":45},{"not_picked":[],"picked":"Redo","floor":47},{"not_picked":["Coolheaded"],"picked":"Singing Bowl","floor":48},{"not_picked":[],"picked":"Ball Lightning","floor":54}],"player_experience":3025668,"relics_obtained":[{"floor":6,"key":"Unceasing Top"},{"floor":8,"key":"The Courier"},{"floor":9,"key":"Art of War"},{"floor":9,"key":"Dream Catcher"},{"floor":10,"key":"Meat on the Bone"},{"floor":12,"key":"Centennial Puzzle"},{"floor":23,"key":"Prayer Wheel"},{"floor":25,"key":"Nunchaku"},{"floor":26,"key":"Bronze Scales"},{"floor":26,"key":"Symbiotic Virus"},{"floor":27,"key":"Blood Vial"},{"floor":30,"key":"Letter Opener"},{"floor":36,"key":"Bottled Tornado"},{"floor":40,"key":"Blue Candle"},{"floor":43,"key":"Mango"},{"floor":45,"key":"Ancient Tea Set"},{"floor":47,"key":"Singing Bowl"},{"floor":48,"key":"Anchor"},{"floor":54,"key":"Whetstone"}],"event_choices":[{"damage_healed":0,"gold_gain":0,"player_choice":"Read","damage_taken":0,"max_hp_gain":0,"max_hp_loss":0,"event_name":"The Library","floor":21,"gold_loss":0,"cards_obtained":["Defragment"]},{"damage_healed":0,"gold_gain":0,"player_choice":"Opened","damage_taken":0,"relics_obtained":["Bag of Preparation"],"max_hp_gain":0,"max_hp_loss":0,"event_name":"The Mausoleum","floor":29,"gold_loss":0,"cards_obtained":["Writhe"]},{"damage_healed":0,"gold_gain":0,"player_choice":"Got Potions","damage_taken":0,"max_hp_gain":0,"max_hp_loss":0,"event_name":"Lab","floor":31,"gold_loss":0},{"damage_healed":0,"gold_gain":0,"player_choice":"Memory 1","damage_taken":0,"max_hp_gain":0,"max_hp_loss":0,"event_name":"SensoryStone","floor":37,"gold_loss":0},{"damage_healed":0,"gold_gain":0,"player_choice":"Embrace Madness","damage_taken":9,"max_hp_gain":0,"max_hp_loss":0,"event_name":"Winding Halls","floor":39,"gold_loss":0,"cards_obtained":["Madness","Madness"]},{"damage_healed":0,"gold_gain":0,"player_choice":"Rummage","damage_taken":0,"relics_obtained":["WarpedTongs"],"max_hp_gain":0,"max_hp_loss":0,"event_name":"Accursed Blacksmith","floor":44,"gold_loss":0,"cards_obtained":["Pain"]}],"is_beta":false,"boss_relics":[{"not_picked":["Astrolabe","Velvet Choker"],"picked":"Busted Crown"},{"not_picked":["Snecko Eye","Runic Pyramid"],"picked":"Nuclear Battery"}],"items_purged_floors":[0,42,42,42,42,42,53,53,53],"is_endless":false,"potions_floor_spawned":[4,5,8,10,13,23,30,33,38,40,48],"ascension_level":3}}