{"host":"g1nobhbyuiiqkluq","time":1609324287,"event":{"mods":["Act Like it!","Aspiration","BaseMod","Better Match","Better Skull","Block Reminder","Conspire","Halation","Hubris","Minty Spire (QoL Compilation)","Quick Restart","Relic Stats","Replay The Spire","Spicy Shops","Spikes Relics","StSLib","SuperFastMode"],"gold_per_floor":[118,136,136,148,148,164,181,199,250,250,250],"floor_reached":10,"playtime":506,"items_purged":[],"score":124,"play_id":"10500917-8f9a-4ec4-8a75-7a276adf9d27","local_time":"20201230023127","daily_mods":["SealedDeck","Terminal","Uncertain Future"],"is_ascension_mode":true,"campfire_choices":[],"circlet_count":0,"master_deck":["AscendersBane","Panic Button","Cold Snap","Heatsinks","Beam Cell","Gash","RefreshScreen","Coolheaded","Loop","Consume","Coolheaded","FIFO Queue","Recycle","Defragment","ReplayTheSpireMod:System Scan"],"relics":["Cracked Core","Replay:Wax Seal","SnailShell"],"acts_visited":["Exordium"],"potions_floor_usage":[],"damage_taken":[{"damage":0,"enemies":"conspire:RoseBush","floor":1,"turns":3},{"damage":0,"enemies":"Cultist","floor":2,"turns":5},{"damage":0,"enemies":"Jaw Worm","floor":4,"turns":5},{"damage":2,"enemies":"Looter","floor":6,"turns":3},{"damage":28,"enemies":"Exordium Wildlife","floor":7,"turns":6},{"damage":9,"enemies":"Large Slime","floor":8,"turns":6},{"damage":26,"enemies":"Gremlin Nob","floor":10,"turns":3}],"seed_played":"-6858824784947796569","potions_obtained":[{"floor":2,"key":"Elixir"},{"floor":4,"key":"Dexterity Potion"},{"floor":8,"key":"Block Potion"}],"is_trial":true,"path_per_floor":["M","M","?","M","$","M","M","M","T","E"],"character_chosen":"DEFECT","items_purchased":[],"campfire_rested":0,"item_purchase_floors":[],"current_hp_per_floor":[64,64,64,64,64,62,34,25,25,0,0],"gold":250,"neow_bonus":"","is_daily":false,"chose_seed":false,"campfire_upgraded":0,"win_rate":0.0,"timestamp":1609324287,"path_taken":["M","M","?","M","$","M","M","?","T","E"],"items_purchased_type":[],"build_version":"2020-12-22","purchased_purges":0,"victory":false,"max_hp_per_floor":[69,68,67,66,65,64,63,62,61,61,61],"relic_stats":{"counters":[7,31],"obtain_stats":[{"SnailShell":9,"Replay:Wax Seal":3,"Cracked Core":0},{"SnailShell":6,"Replay:Wax Seal":2,"Cracked Core":0},{"SnailShell":28,"Replay:Wax Seal":8,"Cracked Core":0}]},"card_choices":[{"not_picked":["ReplayTheSpireMod:Dual Polarity","Go for the Eyes"],"picked":"FIFO Queue","floor":1},{"not_picked":["Steam","ReplaySort","Storm"],"picked":"SKIP","floor":2},{"not_picked":["Conserve Battery","Steam Power","FTL"],"picked":"SKIP","floor":4},{"not_picked":["Sweeping Beam","Rebound"],"picked":"Recycle","floor":6},{"not_picked":["Beam Cell","Coolheaded"],"picked":"Defragment","floor":7},{"not_picked":["Go for the Eyes","Cold Snap"],"picked":"ReplayTheSpireMod:System Scan","floor":8}],"player_experience":3033654,"relics_obtained":[{"floor":9,"key":"SnailShell"}],"event_choices":[{"damage_healed":0,"gold_gain":0,"player_choice":"Gave Potion","damage_taken":0,"relics_obtained":["Replay:Wax Seal"],"max_hp_gain":0,"max_hp_loss":0,"event_name":"WeMeetAgain","floor":3,"gold_loss":0}],"is_beta":false,"boss_relics":[],"items_purged_floors":[],"is_endless":false,"potions_floor_spawned":[2,4,8],"killed_by":"Gremlin Nob","ascension_level":20}}