{"host":"dntw6kil9p09eemm","time":1609346278,"event":{"mods":["Alarm Clock","Aspiration","BaseMod","Become a monster €›?Œ÷","Hubris","Minty Spire (QoL Compilation)","Permanent Neow","Replay The Spire","Shop Mod","StSLib"],"gold_per_floor":[99,118,132,150,150,167,200,200,213,213,213,211,211,136,163,163,260,260,271,211,225,135,64,90,90,90,90,110,110,129,129,145,180,190,190,190,190],"floor_reached":36,"playtime":1640,"items_purged":["Strike_B"],"score":387,"play_id":"06bf670c-6ddf-4322-9253-0e163c340f8b","local_time":"20201231013758","is_ascension_mode":false,"campfire_choices":[{"floor":8.0,"key":"REST"},{"data":"Zap","floor":11.0,"key":"SMITH"},{"data":"Defragment","floor":25,"key":"SMITH"},{"data":"Buffer","floor":31,"key":"SMITH"},{"floor":35,"key":"REST"}],"circlet_count":0,"master_deck":["Zap+1","Dualcast","FTL","Steam Power+1","hubris:Ukulele+1","Defragment+1","White Noise","Beam Cell","Hologram","Fission","Thunder Strike","BasicCrystalCard","Go for the Eyes","Sweeping Beam","Machine Learning","ReplayTheSpireMod:Omega Cannon","Turbo","Panic Button","Static Discharge","Buffer+1","Steam Power","Conserve Battery","Turbo+1","Melter"],"relics":["Cracked Core","hubris:BallOfYels","Onion Ring","ReplayTheSpireMod:CursedCoin","Replay:Baseball","Mango","Pandora\u0027s Box","PreservedInsect","Anchor","Geode"],"acts_visited":["Exordium","TheCity"],"potions_floor_usage":[24,36],"damage_taken":[{"damage":0.0,"enemies":"3 Shapes","floor":2.0,"turns":1.0},{"damage":1.0,"enemies":"Jaw Worm","floor":3.0,"turns":2.0},{"damage":1.0,"enemies":"Cultist","floor":4.0,"turns":3.0},{"damage":4.0,"enemies":"Blue Slaver","floor":6.0,"turns":3.0},{"damage":32.0,"enemies":"3 Sentries","floor":7.0,"turns":7.0},{"damage":13.0,"enemies":"Red Slaver","floor":9.0,"turns":2.0},{"damage":20.0,"enemies":"Gremlin Nob","floor":15.0,"turns":3.0},{"damage":0.0,"enemies":"Slime Boss","floor":17.0,"turns":3.0},{"damage":0.0,"enemies":"Spheric Guardian","floor":19.0,"turns":2.0},{"damage":5.0,"enemies":"Shell Parasite","floor":21.0,"turns":2.0},{"damage":15,"enemies":"Slavers","floor":24,"turns":1},{"damage":0,"enemies":"3 Shapes","floor":28,"turns":1},{"damage":0,"enemies":"Cultist and Chosen","floor":30,"turns":3},{"damage":10,"enemies":"Sentry and Sphere","floor":32,"turns":3},{"damage":15,"enemies":"Gremlin Leader","floor":33,"turns":3},{"damage":0,"enemies":"Shelled Parasite and Fungi","floor":34,"turns":3},{"damage":83,"enemies":"Collector","floor":36,"turns":7}],"seed_played":"5157166627531773786","potions_obtained":[{"floor":4.0,"key":"SteroidPotion"},{"floor":9.0,"key":"SkillPotion"},{"floor":21.0,"key":"EssenceOfSteel"},{"floor":28,"key":"Dexterity Potion"},{"floor":33,"key":"Block Potion"}],"is_trial":false,"path_per_floor":["M","M","M","M","?","M","E","R","M","T","R","$","?","$","E","R","B",null,"M","?","M","?","$","E","R","M","M","M","T","M","R","M","E","M","R","B"],"character_chosen":"DEFECT","items_purchased":["ReplayTheSpireMod:CursedCoin","Replay:Baseball","Static Discharge"],"campfire_rested":2,"item_purchase_floors":[12,12,23],"current_hp_per_floor":[75,75,74,73,73,69,37,59,46,46,46,46,46,46,40,40,40,89,89,89,84,84,84,69,69,69,69,69,69,69,69,59,44,44,70,0,0],"gold":190,"neow_bonus":"RANDOM_EVENT","is_daily":false,"chose_seed":false,"campfire_upgraded":3,"win_rate":0.0,"timestamp":1609346278,"path_taken":["M","M","M","?","M","E","R","M","T","R","$","?","$","E","R","BOSS","M","?","M","?","$","E","R","M","T","?","R","M","E","M","R","BOSS"],"items_purchased_type":["Relic","Relic","Card"],"build_version":"2020-12-22","purchased_purges":1,"victory":false,"max_hp_per_floor":[75,75,75,75,75,75,75,75,75,75,75,75,75,75,89,89,89,89,89,89,89,89,89,89,89,89,89,89,89,89,89,89,89,89,89,89,89],"card_choices":[{"not_picked":["Leap","Ball Lightning"],"picked":"FTL","floor":2.0},{"not_picked":["Panic Button","Chaos"],"picked":"Steam Power","floor":3.0},{"not_picked":["Gash","Aggregate","Compile Driver"],"picked":"SKIP","floor":4.0},{"not_picked":["ReplayTheSpireMod:GoodbyeWorld","Barrage"],"picked":"Defragment","floor":6.0},{"not_picked":["FIFO Queue","Cold Snap"],"picked":"White Noise","floor":7.0},{"not_picked":["Leap","Coolheaded"],"picked":"Beam Cell","floor":9.0},{"not_picked":["Cold Snap","Panic Button"],"picked":"Hologram","floor":15.0},{"not_picked":["Fission","Mirror Shield"],"picked":"Thunder Strike","floor":17.0},{"not_picked":["Hologram+1","Chill"],"picked":"Turbo","floor":19.0},{"not_picked":["BasicCrystalCard","Tempest+1"],"picked":"Panic Button","floor":21.0},{"not_picked":["Panic Button+1","Leap"],"picked":"Buffer","floor":24},{"not_picked":["Chill","Defragment"],"picked":"Steam Power","floor":28},{"not_picked":["Streamline","Panic Button+1","Stack"],"picked":"SKIP","floor":30},{"not_picked":["ReplayGash","Ball Lightning"],"picked":"Conserve Battery","floor":32},{"not_picked":["Double Energy","ReplayGash"],"picked":"Turbo+1","floor":33},{"not_picked":["Panic Button+1","Heatsinks+1"],"picked":"Melter","floor":34}],"player_experience":165225,"relics_obtained":[{"floor":7.0,"key":"hubris:BallOfYels"},{"floor":10.0,"key":"Onion Ring"},{"floor":15.0,"key":"Mango"},{"floor":24,"key":"PreservedInsect"},{"floor":29,"key":"Anchor"},{"floor":33,"key":"Geode"}],"event_choices":[{"damage_healed":0.0,"max_hp_gain":0.0,"max_hp_loss":0.0,"gold_gain":0.0,"event_name":"Accursed Blacksmith","player_choice":"Forge","floor":13.0,"gold_loss":0.0,"damage_taken":0.0,"cards_upgraded":["Steam Power"]},{"cards_removed":["CommonCold"],"damage_healed":0.0,"max_hp_gain":0.0,"max_hp_loss":0.0,"gold_gain":0.0,"event_name":"Designer","player_choice":"Upgrade and Remove","floor":22.0,"gold_loss":90.0,"damage_taken":0.0,"cards_upgraded":["hubris:Ukulele"]}],"is_beta":false,"boss_relics":[{"not_picked":["Runic Dome","Painkiller Herb"],"picked":"Pandora\u0027s Box"}],"items_purged_floors":[14],"is_endless":false,"potions_floor_spawned":[4,9,21,28,33],"killed_by":"Collector","ascension_level":0}}