{"host":"e2ju6k0wppswbhbd","time":1609291281,"event":{"mods":["BaseMod","Minty Spire (QoL Compilation)","Rare Cards Sparkle","StSLib"],"gold_per_floor":[111,125,75,75,2,2,15,43,43,78,94,94,94,94,94,195,195,208,188,206,206,121,131,141,174,200,220,13,13,45,64,64,166,166,185,201,22,22,40,66,66,86,109,109,122,138,171,190,190,190,190],"floor_reached":50,"playtime":8407,"items_purged":["Defend_G","Strike_G"],"score":604,"play_id":"d73f2137-5c22-4584-b09e-d5d21ff6f580","local_time":"20201230022121","is_ascension_mode":false,"campfire_choices":[{"floor":6.0,"key":"RECALL"},{"data":"Survivor","floor":12.0,"key":"SMITH"},{"data":"Leg Sweep","floor":15.0,"key":"SMITH"},{"data":"Footwork","floor":29.0,"key":"SMITH"},{"floor":32.0,"key":"REST"},{"floor":41,"key":"REST"},{"floor":44,"key":"REST"},{"data":"A Thousand Cuts","floor":49,"key":"SMITH"}],"circlet_count":0,"master_deck":["Strike_G","Defend_G+1","Defend_G+1","Survivor+1","Neutralize+1","Deadly Poison+1","Escape Plan","Deadly Poison+1","Dagger Throw","PiercingWail","Leg Sweep+1","Prepared+1","Acrobatics+1","Phantasmal Killer+1","Burst+1","Backstab+1","Tools of the Trade+1","Backflip+1","Dagger Spray+1","Bouncing Flask+1","Footwork+1","Bouncing Flask+1","Bullet Time+1","Underhanded Strike","A Thousand Cuts+1","Tactician+1","Slice+1","Bandage Up+1","Backstab","Madness+1","Madness+1","Bane+1","PiercingWail+1","Deadly Poison+1","Parasite","Catalyst+1","Deflect+1"],"relics":["Ring of the Snake","Blue Candle","Happy Flower","Toxic Egg 2","Astrolabe","Smiling Mask","War Paint","Snake Skull","Toy Ornithopter","SacredBark","Pen Nib","Vajra","Prayer Wheel"],"acts_visited":["Exordium","TheCity","TheBeyond"],"potions_floor_usage":[39,45,46,48],"damage_taken":[{"damage":0.0,"enemies":"Small Slimes","floor":1.0,"turns":3.0},{"damage":0.0,"enemies":"Jaw Worm","floor":2.0,"turns":4.0},{"damage":0.0,"enemies":"2 Louse","floor":7.0,"turns":3.0},{"damage":21.0,"enemies":"Lagavulin","floor":8.0,"turns":7.0},{"damage":7.0,"enemies":"3 Sentries","floor":10.0,"turns":12.0},{"damage":0.0,"enemies":"Large Slime","floor":11.0,"turns":6.0},{"damage":2.0,"enemies":"The Guardian","floor":16.0,"turns":9.0},{"damage":0.0,"enemies":"3 Byrds","floor":18.0,"turns":6.0},{"damage":0.0,"enemies":"Shell Parasite","floor":20.0,"turns":5.0},{"damage":0.0,"enemies":"Centurion and Healer","floor":23.0,"turns":6.0},{"damage":0.0,"enemies":"Sentry and Sphere","floor":24.0,"turns":5.0},{"damage":17.0,"enemies":"Gremlin Leader","floor":25.0,"turns":7.0},{"damage":2.0,"enemies":"Cultist and Chosen","floor":27.0,"turns":4.0},{"damage":12.0,"enemies":"Book of Stabbing","floor":30.0,"turns":4.0},{"damage":0.0,"enemies":"Snake Plant","floor":31.0,"turns":3.0},{"damage":3.0,"enemies":"Collector","floor":33.0,"turns":6.0},{"damage":0,"enemies":"3 Shapes","floor":35,"turns":5},{"damage":4,"enemies":"Orb Walker","floor":36,"turns":3},{"damage":0,"enemies":"Jaw Worm Horde","floor":39,"turns":2},{"damage":62,"enemies":"Nemesis","floor":40,"turns":7},{"damage":31,"enemies":"3 Darklings","floor":42,"turns":6},{"damage":0,"enemies":"Writhing Mass","floor":45,"turns":3},{"damage":13,"enemies":"Sphere and 2 Shapes","floor":46,"turns":3},{"damage":37,"enemies":"Giant Head","floor":47,"turns":8},{"damage":37,"enemies":"Spire Growth","floor":48,"turns":5},{"damage":66,"enemies":"Donu and Deca","floor":50,"turns":6}],"seed_played":"-6536582288845058002","potions_obtained":[{"floor":2.0,"key":"FairyPotion"},{"floor":8.0,"key":"Fire Potion"},{"floor":10.0,"key":"Fruit Juice"},{"floor":11.0,"key":"Strength Potion"},{"floor":19.0,"key":"Strength Potion"},{"floor":20.0,"key":"AttackPotion"},{"floor":24.0,"key":"ColorlessPotion"},{"floor":31.0,"key":"Explosive Potion"},{"floor":39,"key":"BlessingOfTheForge"},{"floor":42,"key":"DistilledChaos"},{"floor":45,"key":"BlessingOfTheForge"},{"floor":47,"key":"Regen Potion"}],"is_trial":false,"path_per_floor":["M","M","?","?","$","R","M","E","T","E","M","R","?","?","R","B",null,"M","?","M","?","?","M","M","E","T","M","$","R","E","M","R","B",null,"M","M","$","?","M","E","R","M","T","R","M","M","E","M","R","B"],"character_chosen":"THE_SILENT","items_purchased":["Deadly Poison","Dagger Throw","Snake Skull","Bandage Up+1","Backstab"],"campfire_rested":3,"item_purchase_floors":[5,5,28,37,37],"current_hp_per_floor":[70,70,70,63,63,63,63,42,42,40,40,40,25,50,50,48,75,75,75,75,75,75,75,75,58,58,56,56,56,44,44,66,68,75,75,71,71,62,67,11,33,8,8,30,35,33,2,60,60,0,0],"gold":190,"neow_bonus":"UPGRADE_CARD","is_daily":false,"chose_seed":false,"campfire_upgraded":4,"win_rate":0.0,"timestamp":1609291281,"path_taken":["M","M","?","?","?","R","M","E","T","E","?","R","?","?","R","BOSS","M","?","?","?","?","M","M","E","T","M","$","R","E","M","R","BOSS","M","M","$","?","M","E","R","M","T","R","M","M","E","M","R","BOSS"],"items_purchased_type":["Card","Card","Relic","Card","Card"],"build_version":"2020-12-22","purchased_purges":2,"victory":false,"max_hp_per_floor":[70,70,70,70,70,70,70,70,70,75,75,75,75,75,75,75,75,75,75,75,75,75,75,75,75,75,75,75,75,75,75,75,75,75,75,75,75,75,75,75,75,75,75,75,75,75,75,75,75,75,75],"card_choices":[{"not_picked":["Quick Slash","Setup"],"picked":"Deadly Poison","floor":1.0},{"not_picked":["Crippling Poison","Outmaneuver"],"picked":"Escape Plan","floor":2.0},{"not_picked":["Deadly Poison","Dodge and Roll"],"picked":"PiercingWail","floor":7.0},{"not_picked":["Dagger Spray","Infinite Blades"],"picked":"Leg Sweep","floor":8.0},{"not_picked":["Outmaneuver+1","Bane"],"picked":"Prepared+1","floor":10.0},{"not_picked":["Sucker Punch","Quick Slash"],"picked":"Acrobatics+1","floor":11.0},{"not_picked":["Glass Knife","Night Terror+1"],"picked":"Phantasmal Killer+1","floor":16.0},{"not_picked":["Backstab","Bane"],"picked":"Backflip+1","floor":18.0},{"not_picked":["Poisoned Stab","Deadly Poison+1"],"picked":"Dagger Spray+1","floor":20.0},{"not_picked":["Outmaneuver+1","Flying Knee"],"picked":"Footwork","floor":23.0},{"not_picked":["Quick Slash","Backflip+1"],"picked":"Bouncing Flask+1","floor":24.0},{"not_picked":["Heel Hook+1","Dagger Throw+1"],"picked":"Bullet Time+1","floor":25.0},{"not_picked":["Leg Sweep+1","Slice","Prepared+1"],"picked":"SKIP","floor":27.0},{"not_picked":["Leg Sweep+1","Die Die Die"],"picked":"Underhanded Strike","floor":30.0},{"not_picked":["Dodge and Roll+1","Bane","Dagger Spray+1"],"picked":"SKIP","floor":31.0},{"not_picked":["Die Die Die","Night Terror+1"],"picked":"A Thousand Cuts","floor":33.0},{"not_picked":["Quick Slash+1","Choke"],"picked":"Tactician+1","floor":35},{"not_picked":["Tactician+1","Outmaneuver+1"],"picked":"Slice+1","floor":36},{"not_picked":["Endless Agony+1","Blade Dance+1"],"picked":"Bane+1","floor":39},{"not_picked":["Endless Agony","Burst+1"],"picked":"PiercingWail+1","floor":40},{"not_picked":["Backflip+1","Endless Agony"],"picked":"Deadly Poison+1","floor":42},{"not_picked":["Prepared+1","Finisher","Predator"],"picked":"SKIP","floor":45},{"not_picked":["Infinite Blades+1","Concentrate+1"],"picked":"Catalyst+1","floor":46},{"not_picked":["Skewer+1","Quick Slash","Dodge and Roll+1"],"picked":"SKIP","floor":47},{"not_picked":["Underhanded Strike+1","Backflip+1"],"picked":"Deflect+1","floor":48},{"not_picked":["Sucker Punch+1","Footwork","Dagger Throw"],"picked":"SKIP","floor":48}],"player_experience":2598848,"relics_obtained":[{"floor":8.0,"key":"Blue Candle"},{"floor":9.0,"key":"Happy Flower"},{"floor":10.0,"key":"Toxic Egg 2"},{"floor":25.0,"key":"War Paint"},{"floor":30.0,"key":"Toy Ornithopter"},{"floor":40,"key":"Pen Nib"},{"floor":43,"key":"Vajra"},{"floor":47,"key":"Prayer Wheel"}],"event_choices":[{"cards_removed":["Strike_G"],"damage_healed":0.0,"max_hp_gain":0.0,"max_hp_loss":0.0,"gold_gain":0.0,"event_name":"The Cleric","player_choice":"Card Removal","floor":3.0,"gold_loss":50.0,"damage_taken":0.0},{"cards_removed":["Defend_G"],"damage_healed":0.0,"max_hp_gain":0.0,"max_hp_loss":0.0,"gold_gain":0.0,"event_name":"Golden Wing","player_choice":"Card Removal","floor":4.0,"gold_loss":0.0,"damage_taken":7.0},{"damage_healed":0.0,"max_hp_gain":0.0,"max_hp_loss":0.0,"gold_gain":0.0,"event_name":"Shining Light","player_choice":"Entered Light","floor":13.0,"gold_loss":0.0,"damage_taken":15.0,"cards_upgraded":["Deadly Poison","Defend_G"]},{"damage_healed":25.0,"max_hp_gain":0.0,"max_hp_loss":0.0,"gold_gain":0.0,"event_name":"Big Fish","player_choice":"Banana","floor":14.0,"gold_loss":0.0,"damage_taken":0.0},{"damage_healed":0.0,"max_hp_gain":0.0,"max_hp_loss":0.0,"gold_gain":0.0,"event_name":"The Woman in Blue","player_choice":"Bought 1 Potion","floor":19.0,"gold_loss":0.0,"damage_taken":0.0},{"damage_healed":0.0,"max_hp_gain":0.0,"max_hp_loss":0.0,"gold_gain":0.0,"event_name":"The Library","player_choice":"Read","floor":21.0,"gold_loss":0.0,"damage_taken":0.0,"cards_obtained":["Bouncing Flask"]},{"damage_healed":0.0,"max_hp_gain":0.0,"max_hp_loss":0.0,"gold_gain":0.0,"event_name":"Addict","player_choice":"Obtained Relic","floor":22.0,"gold_loss":85.0,"damage_taken":0.0,"relics_obtained":["Smiling Mask"]},{"damage_healed":0,"gold_gain":0,"player_choice":"Embrace Madness","damage_taken":9,"max_hp_gain":0,"max_hp_loss":0,"event_name":"Winding Halls","floor":38,"gold_loss":0,"cards_obtained":["Madness","Madness"]}],"is_beta":false,"boss_relics":[{"not_picked":["Busted Crown","Black Star"],"picked":"Astrolabe"},{"not_picked":["Coffee Dripper","Snecko Eye"],"picked":"SacredBark"}],"items_purged_floors":[28,37],"is_endless":false,"potions_floor_spawned":[2,8,10,11,20,24,31,39,42,45,47],"killed_by":"Donu and Deca","ascension_level":0}}