{"host":"dhyczjm99amxd3qx","time":1609357051,"event":{"mods":["BaseMod","Colored Map","Googly Eyes","Highlight Path","Minty Spire (QoL Compilation)","Quick Restart","StSLib"],"gold_per_floor":[111,126,76,76,76,102,27,55,107,107,133,133,145,202,202,304,304,318,318,146,159,84,84,115,115,115,115,130,130,5,34,34,129,179,195,195,45,62,77,102,102,134,180,190,200,226,51,83,83,83],"floor_reached":51,"playtime":3041,"items_purged":["Defend_R","Shame","Strike_R","Body Slam+1","Shrug It Off+1"],"score":1040,"play_id":"c42e094a-e1f6-4c56-8c18-074ea8317413","local_time":"20201230143731","is_ascension_mode":true,"campfire_choices":[{"data":"Immolate","floor":10,"key":"SMITH"},{"data":"Body Slam","floor":12,"key":"SMITH"},{"data":"Shockwave","floor":15,"key":"SMITH"},{"data":"Metallicize","floor":23,"key":"SMITH"},{"data":"Defend_R","floor":25,"key":"SMITH"},{"data":"Dropkick","floor":27,"key":"SMITH"},{"data":"Thunderclap","floor":32,"key":"SMITH"},{"data":"Demon Form","floor":41,"key":"SMITH"},{"data":"Iron Wave","floor":49,"key":"SMITH"}],"circlet_count":0,"master_deck":["Strike_R+1","Strike_R+1","Strike_R+1","Defend_R+1","Defend_R+1","Bash+1","Battle Trance+1","Dropkick+1","Immolate+1","Shockwave+1","Metallicize+1","Thunderclap+1","Rage+1","Flex+1","Impervious+1","Flex+1","Shrug It Off+1","Demon Form+1","Iron Wave+1","Shrug It Off+1","Iron Wave+1","Disarm+1"],"relics":["Burning Blood","PreservedInsect","Eternal Feather","Nunchaku","Whetstone","Prayer Wheel","Lantern","Sozu","Toxic Egg 2","War Paint","Singing Bowl","Enchiridion","Gremlin Horn","Tiny House","Shuriken","Potion Belt","Bottled Flame","Happy Flower","Blue Candle","Smiling Mask"],"acts_visited":["Exordium","TheCity","TheBeyond"],"potions_floor_usage":[8,16],"damage_taken":[{"damage":11.0,"enemies":"2 Louse","floor":1.0,"turns":3.0},{"damage":7.0,"enemies":"Jaw Worm","floor":2.0,"turns":3.0},{"damage":0.0,"enemies":"Gremlin Nob","floor":6.0,"turns":3.0},{"damage":25,"enemies":"3 Sentries","floor":8,"turns":8},{"damage":10,"enemies":"Lagavulin","floor":11,"turns":3},{"damage":0,"enemies":"Small Slimes","floor":13,"turns":1},{"damage":0,"enemies":"Lagavulin Event","floor":14,"turns":2},{"damage":46,"enemies":"The Guardian","floor":16,"turns":9},{"damage":9,"enemies":"3 Byrds","floor":18,"turns":3},{"damage":0,"enemies":"Spheric Guardian","floor":21,"turns":3},{"damage":20,"enemies":"Book of Stabbing","floor":24,"turns":4},{"damage":1,"enemies":"Shelled Parasite and Fungi","floor":28,"turns":3},{"damage":1,"enemies":"Slavers","floor":31,"turns":3},{"damage":53,"enemies":"Automaton","floor":33,"turns":8},{"damage":0,"enemies":"3 Shapes","floor":35,"turns":3},{"damage":5,"enemies":"3 Darklings","floor":38,"turns":2},{"damage":0,"enemies":"Jaw Worm Horde","floor":39,"turns":3},{"damage":20,"enemies":"Nemesis","floor":40,"turns":5},{"damage":6,"enemies":"Reptomancer","floor":42,"turns":5},{"damage":0,"enemies":"Writhing Mass","floor":44,"turns":5},{"damage":2,"enemies":"Spire Growth","floor":45,"turns":4},{"damage":7,"enemies":"Giant Head","floor":46,"turns":6},{"damage":33,"enemies":"Nemesis","floor":48,"turns":5},{"damage":41,"enemies":"Donu and Deca","floor":50,"turns":8}],"seed_played":"1837677516333129787","potions_obtained":[{"floor":1.0,"key":"Block Potion"},{"floor":6.0,"key":"EssenceOfSteel"},{"floor":11,"key":"Energy Potion"}],"is_trial":false,"path_per_floor":["M","M","?","?","?","E","$","E","T","R","E","R","M","?","R","B",null,"M","?","$","M","?","R","E","R","T","R","M","?","$","E","R","B",null,"M","?","$","M","M","E","R","E","T","M","M","E","$","E","R","B",null],"character_chosen":"IRONCLAD","items_purchased":["Metallicize"],"campfire_rested":0,"item_purchase_floors":[20],"current_hp_per_floor":[83,82,82,79,61,67,67,48,48,54,50,56,62,68,74,34,75,72,72,72,78,78,87,73,82,82,88,92,76,76,81,90,43,85,91,91,91,92,101,87,99,101,101,105,105,106,106,81,93,58],"gold":83,"neow_bonus":"TEN_PERCENT_HP_BONUS","is_daily":false,"chose_seed":false,"campfire_upgraded":9,"win_rate":0.0,"timestamp":1609357051,"path_taken":["M","M","?","?","?","E","$","E","T","R","E","R","M","?","R","BOSS","M","?","$","M","?","R","E","R","T","R","M","?","$","E","R","BOSS","M","?","$","M","M","E","R","E","T","M","M","E","?","E","R","BOSS"],"items_purchased_type":["Card"],"build_version":"2020-12-22","purchased_purges":5,"victory":true,"max_hp_per_floor":[88,88,88,88,88,88,88,88,88,88,88,88,88,88,88,88,88,88,88,88,88,88,88,88,88,88,88,92,92,92,92,92,92,97,97,97,97,97,101,101,101,103,103,105,105,107,107,109,109,109],"card_choices":[{"not_picked":["Fire Breathing","Carnage"],"picked":"Body Slam","floor":1.0},{"not_picked":["Warcry","Cleave"],"picked":"Battle Trance","floor":2.0},{"not_picked":["Warcry","Combust"],"picked":"Dropkick","floor":6.0},{"not_picked":["Battle Trance","Blood for Blood"],"picked":"Immolate","floor":8},{"not_picked":["Entrench","Fire Breathing","Wild Strike"],"picked":"SKIP","floor":11},{"not_picked":["Ghostly Armor","Warcry","Rupture"],"picked":"SKIP","floor":13},{"not_picked":["Twin Strike","Entrench","Sever Soul"],"picked":"SKIP","floor":13},{"not_picked":["Clothesline","Warcry"],"picked":"Shockwave","floor":14},{"not_picked":["Cleave","Whirlwind"],"picked":"Shrug It Off","floor":18},{"not_picked":["True Grit","Hemokinesis","Headbutt"],"picked":"SKIP","floor":18},{"not_picked":["Clash+1","True Grit+1"],"picked":"Thunderclap","floor":21},{"not_picked":["Headbutt","Pummel+1","Body Slam"],"picked":"SKIP","floor":21},{"not_picked":["Sword Boomerang","Battle Trance+1"],"picked":"Rage+1","floor":24},{"not_picked":["Clothesline","Wild Strike","Juggernaut"],"picked":"Singing Bowl","floor":28},{"not_picked":["Wild Strike","Twin Strike","Clothesline"],"picked":"Singing Bowl","floor":28},{"not_picked":["Pommel Strike","Combust+1"],"picked":"Flex+1","floor":31},{"not_picked":["Reaper","Corruption"],"picked":"Impervious+1","floor":33},{"not_picked":["Clothesline","Perfected Strike"],"picked":"Flex+1","floor":34},{"not_picked":["Havoc+1","Burning Pact+1"],"picked":"Shrug It Off+1","floor":35},{"not_picked":["Dark Embrace+1","Seeing Red+1"],"picked":"Demon Form","floor":35},{"not_picked":["Fire Breathing","Anger+1"],"picked":"Iron Wave+1","floor":38},{"not_picked":["Spot Weakness+1","Second Wind+1"],"picked":"Shrug It Off+1","floor":38},{"not_picked":["Clash+1","Sword Boomerang","Reckless Charge+1"],"picked":"Singing Bowl","floor":39},{"not_picked":["Perfected Strike+1","Clothesline","Barricade"],"picked":"Singing Bowl","floor":39},{"not_picked":["Battle Trance+1","Clash+1"],"picked":"Shrug It Off+1","floor":40},{"not_picked":["Entrench+1","Cleave","Rage+1"],"picked":"Singing Bowl","floor":42},{"not_picked":["Second Wind+1","Pummel+1"],"picked":"Iron Wave","floor":44},{"not_picked":["Warcry+1","Second Wind+1","Wild Strike+1"],"picked":"Singing Bowl","floor":44},{"not_picked":["Clash","Metallicize+1"],"picked":"Disarm+1","floor":45},{"not_picked":["Headbutt+1","Barricade","Body Slam"],"picked":"SKIP","floor":45},{"not_picked":["Battle Trance+1","Body Slam","Intimidate+1"],"picked":"Singing Bowl","floor":46},{"not_picked":["Anger+1","Armaments+1","Thunderclap"],"picked":"Singing Bowl","floor":48}],"player_experience":221411,"relics_obtained":[{"floor":6.0,"key":"Eternal Feather"},{"floor":8,"key":"Nunchaku"},{"floor":9,"key":"Whetstone"},{"floor":11,"key":"Prayer Wheel"},{"floor":24,"key":"War Paint"},{"floor":26,"key":"Singing Bowl"},{"floor":29,"key":"Enchiridion"},{"floor":31,"key":"Gremlin Horn"},{"floor":40,"key":"Potion Belt"},{"floor":42,"key":"Bottled Flame"},{"floor":43,"key":"Happy Flower"},{"floor":46,"key":"Blue Candle"},{"floor":48,"key":"Smiling Mask"}],"event_choices":[{"cards_removed":["Strike_R"],"damage_healed":0.0,"max_hp_gain":0.0,"max_hp_loss":0.0,"gold_gain":0.0,"event_name":"The Cleric","player_choice":"Card Removal","floor":3.0,"gold_loss":50.0,"damage_taken":0.0},{"damage_healed":0.0,"max_hp_gain":0.0,"max_hp_loss":0.0,"gold_gain":0.0,"event_name":"Scrap Ooze","player_choice":"Success","floor":4.0,"gold_loss":0.0,"damage_taken":3.0,"relics_obtained":["PreservedInsect"]},{"damage_healed":0.0,"max_hp_gain":0.0,"max_hp_loss":0.0,"gold_gain":0.0,"event_name":"Shining Light","player_choice":"Entered Light","floor":5.0,"gold_loss":0.0,"damage_taken":18.0,"cards_upgraded":["Strike_R","Battle Trance"]},{"damage_healed":0,"gold_gain":0,"player_choice":"Searched \u00272\u0027 times","damage_taken":0,"relics_obtained":["Lantern"],"max_hp_gain":0,"max_hp_loss":0,"event_name":"Dead Adventurer","floor":14,"gold_loss":0},{"damage_healed":0,"gold_gain":0,"player_choice":"Stole Relic","damage_taken":0,"relics_obtained":["Toxic Egg 2"],"max_hp_gain":0,"max_hp_loss":0,"event_name":"Addict","floor":19,"gold_loss":0,"cards_obtained":["Shame"]},{"cards_removed":["Defend_R"],"damage_healed":0,"gold_gain":0,"player_choice":"Gave Gold","damage_taken":0,"max_hp_gain":0,"max_hp_loss":0,"event_name":"Beggar","floor":22,"gold_loss":75},{"damage_healed":0,"gold_gain":0,"player_choice":"Obtained Book","damage_taken":16,"max_hp_gain":0,"max_hp_loss":0,"event_name":"Cursed Tome","floor":29,"gold_loss":0},{"cards_removed":["Shrug It Off"],"damage_healed":0,"gold_gain":0,"player_choice":"Gave Card","damage_taken":0,"relics_obtained":["Shuriken"],"max_hp_gain":0,"max_hp_loss":0,"event_name":"WeMeetAgain","floor":36,"gold_loss":0}],"is_beta":false,"boss_relics":[{"not_picked":["Astrolabe","Snecko Eye"],"picked":"Sozu"},{"not_picked":["Black Star","Fusion Hammer"],"picked":"Tiny House"}],"items_purged_floors":[7,20,30,37,47],"is_endless":false,"potions_floor_spawned":[1,6,11,21,28,33,38,39,42,45,48],"ascension_level":5}}