{"host":"6batr6d18k5ot4h1","time":1609347829,"event":{"mods":["BaseMod","Minty Spire (QoL Compilation)","The Servant 0.9.4"],"gold_per_floor":[115,134,134,134,84,117,117,142,142,178,194,209,209,66,66,189,189,207,0,0,0,18,18,18,52,76,76,114,64,64,64],"floor_reached":30,"playtime":1882,"items_purged":[],"score":340,"play_id":"270bf9e3-5688-4e38-99c2-09a3065e5373","local_time":"20201231010349","is_ascension_mode":true,"campfire_choices":[{"data":"BestPractice","floor":7,"key":"SMITH"},{"data":"FloweringNight","floor":13,"key":"SMITH"},{"data":"ReturningBlade","floor":15,"key":"SMITH"},{"floor":23,"key":"REST"}],"circlet_count":0,"master_deck":["Strike_S","Defend_S","Defend_S","Defend_S","Defend_S","KidneyShot","Exchange","Barrier+1","Comet","BestPractice+1","ShatteredReality","ShiftingGears","Rearm","FloweringNight+1","ReturningBlade+1","Moondial","Sunlight","GearUp+1","Ricochet","Gouge","Ricochet"],"relics":["Uniform","NeowsBlessing","Golden Idol","Ice Cream","Mercury Hourglass","Empty Cage","Strange Spoon","Nilry\u0027s Codex","TungstenRod","Bag of Marbles","Nloth\u0027s Gift","Vajra"],"acts_visited":["Exordium","TheCity"],"potions_floor_usage":[10,16,25,28,28,30],"damage_taken":[{"damage":0,"enemies":"Cultist","floor":1,"turns":1},{"damage":0,"enemies":"2 Louse","floor":2,"turns":2},{"damage":0,"enemies":"Gremlin Nob","floor":6,"turns":1},{"damage":0,"enemies":"Jaw Worm","floor":8,"turns":5},{"damage":0,"enemies":"Lagavulin","floor":10,"turns":6},{"damage":14,"enemies":"Exordium Thugs","floor":11,"turns":5},{"damage":8,"enemies":"3 Louse","floor":12,"turns":3},{"damage":28,"enemies":"The Guardian","floor":16,"turns":11},{"damage":0,"enemies":"Spheric Guardian","floor":18,"turns":5},{"damage":20,"enemies":"2 Thieves","floor":22,"turns":3},{"damage":19,"enemies":"Book of Stabbing","floor":25,"turns":5},{"damage":49,"enemies":"Slavers","floor":28,"turns":4},{"damage":11,"enemies":"Centurion and Healer","floor":30,"turns":1}],"seed_played":"-9191973937274668394","potions_obtained":[{"floor":1,"key":"SpeedPotion"},{"floor":6,"key":"SmokeBomb"},{"floor":8,"key":"FearPotion"},{"floor":10,"key":"LiquidBronze"},{"floor":12,"key":"FairyPotion"},{"floor":18,"key":"Dexterity Potion"},{"floor":25,"key":"PowerPotion"}],"is_trial":false,"path_per_floor":["M","M","?","?","?","E","R","M","T","E","M","M","R","$","R","B",null,"M","$","?","?","M","R","$","E","T","?","E","$","M"],"character_chosen":"THE_SERVANT","items_purchased":["ReturningBlade","Moondial","Ricochet","Strange Spoon","SkillPotion"],"campfire_rested":1,"item_purchase_floors":[14,14,19,19,29],"current_hp_per_floor":[65,65,65,65,65,65,65,65,65,65,51,43,43,43,43,15,65,65,65,49,49,29,48,48,29,29,29,4,4,0,0],"gold":64,"neow_bonus":"THREE_ENEMY_KILL","is_daily":false,"chose_seed":false,"campfire_upgraded":3,"win_rate":0.0,"timestamp":1609347829,"path_taken":["M","?","?","?","?","E","R","?","T","E","M","M","R","?","R","BOSS","M","$","?","?","?","R","?","E","T","?","E","$","?"],"items_purchased_type":["Card","Card","Card","Relic","Potion"],"build_version":"2020-12-22","purchased_purges":0,"victory":false,"max_hp_per_floor":[65,65,65,65,65,65,65,65,65,65,65,65,65,65,65,65,65,65,65,65,65,65,65,65,65,65,65,65,65,65,65],"card_choices":[{"not_picked":["Unruled","BottledTime"],"picked":"Barrier","floor":1},{"not_picked":["DualDimension","Alleviate"],"picked":"Comet","floor":2},{"not_picked":["FastForward","Spin"],"picked":"BestPractice","floor":6},{"not_picked":["Advance","DoubleEdge"],"picked":"ShatteredReality","floor":8},{"not_picked":["Rewind","Defy"],"picked":"ShiftingGears","floor":10},{"not_picked":["Reset","Gouge"],"picked":"Rearm","floor":11},{"not_picked":["Comet","DoubleEdge"],"picked":"FloweringNight","floor":12},{"not_picked":["FlawlessForm","TheWorld"],"picked":"Sunlight","floor":16},{"not_picked":["Replace","Reset+1"],"picked":"GearUp+1","floor":18},{"not_picked":["BottledTime+1","Rearm"],"picked":"Gouge","floor":22},{"not_picked":["Potential","DoubleEdge","Collapse"],"picked":"SKIP","floor":25},{"not_picked":["Duplication","TimeTheft"],"picked":"Ricochet","floor":28}],"player_experience":173156,"relics_obtained":[{"floor":6,"key":"Ice Cream"},{"floor":9,"key":"Mercury Hourglass"},{"floor":10,"key":"Mummified Hand"},{"floor":20,"key":"Nilry\u0027s Codex"},{"floor":25,"key":"TungstenRod"},{"floor":26,"key":"Bag of Marbles"},{"floor":28,"key":"Vajra"}],"event_choices":[{"damage_healed":0,"gold_gain":0,"player_choice":"Grow","damage_taken":0,"max_hp_gain":0,"max_hp_loss":0,"event_name":"Living Wall","floor":3,"gold_loss":0,"cards_upgraded":["Barrier"]},{"damage_healed":0,"gold_gain":0,"player_choice":"Take Wound","damage_taken":0,"relics_obtained":["Golden Idol"],"max_hp_gain":0,"max_hp_loss":0,"event_name":"Golden Idol","floor":4,"gold_loss":0,"cards_obtained":["Injury"]},{"cards_removed":["Strike_S"],"damage_healed":0,"gold_gain":0,"player_choice":"Card Removal","damage_taken":0,"max_hp_gain":0,"max_hp_loss":0,"event_name":"The Cleric","floor":5,"gold_loss":50},{"damage_healed":0,"gold_gain":0,"player_choice":"Obtained Book","damage_taken":16,"max_hp_gain":0,"max_hp_loss":0,"event_name":"Cursed Tome","floor":20,"gold_loss":0},{"cards_removed":["Injury"],"damage_healed":0,"gold_gain":0,"player_choice":"Purged","damage_taken":0,"max_hp_gain":0,"max_hp_loss":0,"event_name":"Purifier","floor":21,"gold_loss":0},{"damage_healed":0,"gold_gain":0,"player_choice":"Traded Relic","damage_taken":0,"relics_obtained":["Nloth\u0027s Gift"],"max_hp_gain":0,"max_hp_loss":0,"event_name":"N\u0027loth","floor":27,"relics_lost":["Mummified Hand"],"gold_loss":0}],"is_beta":false,"boss_relics":[{"not_picked":["Coffee Dripper","Ectoplasm"],"picked":"Empty Cage"}],"items_purged_floors":[],"is_endless":false,"potions_floor_spawned":[1,6,8,10,12,18,25],"killed_by":"Centurion and Healer","ascension_level":1}}