{"host":"fmtvje4mks8zli8e","time":1609366220,"event":{"mods":["AchievementEnabler","AlwaysNeverKeys","BaseMod","BetterRewards","Minty Spire (QoL Compilation)","READ ME - Guardian Mod","Remove Card Discount Mod","StSLib","The Cursed","The Druid","The Servant 0.9.4","The Wild Card"],"gold_per_floor":[112,130,205,205,218,218,258,258,281,315,315,353,353,353,353,353,353],"floor_reached":16,"playtime":430,"items_purged":[],"score":199,"play_id":"f8bf5f59-9f8f-4b68-a083-f7956f33d228","local_time":"20201230161020","is_ascension_mode":true,"campfire_choices":[{"data":"Apotheosis","floor":6.0,"key":"SMITH"},{"data":"Bandage Up","floor":13.0,"key":"SMITH"},{"data":"Zap","floor":15,"key":"SMITH"}],"circlet_count":0,"master_deck":["Strike_B","Strike_B","Strike_B","Strike_B","Defend_B","Defend_B","Defend_B","Defend_B","Zap+1","Dualcast","Bandage Up+1","Apotheosis+1","Barrage","Gash","Injury","Steam","FTL","Cold Snap"],"relics":["Cracked Core","Membership Card","Kunai","Anchor","Golden Idol","Regal Pillow","Toy Ornithopter","Frozen Egg 2","Cables","Question Card"],"acts_visited":["Exordium"],"potions_floor_usage":[],"damage_taken":[{"damage":0.0,"enemies":"Cultist","floor":1.0,"turns":3.0},{"damage":0.0,"enemies":"Small Slimes","floor":2.0,"turns":4.0},{"damage":0.0,"enemies":"2 Louse","floor":5.0,"turns":2.0},{"damage":27.0,"enemies":"Gremlin Nob","floor":7.0,"turns":4.0},{"damage":12.0,"enemies":"3 Sentries","floor":10.0,"turns":4.0},{"damage":16.0,"enemies":"Gremlin Nob","floor":12.0,"turns":4.0},{"damage":31,"enemies":"The Guardian","floor":16,"turns":7}],"seed_played":"7340778227042084352","potions_obtained":[{"floor":7.0,"key":"ColorlessPotion"},{"floor":10.0,"key":"PotionOfCapacity"},{"floor":12.0,"key":"Regen Potion"}],"is_trial":false,"path_per_floor":["M","M","?","?","M","R","E","?","T","E","T","E","R","?","R","B"],"character_chosen":"DEFECT","items_purchased":["Membership Card","Kunai","Anchor","Bandage Up","Apotheosis"],"campfire_rested":0,"item_purchase_floors":[0,0,0,0,0],"current_hp_per_floor":[62,68,57,57,57,57,34,34,34,33,33,23,23,23,23,0,0],"gold":353,"neow_bonus":"","is_daily":false,"chose_seed":false,"campfire_upgraded":3,"win_rate":0.0,"timestamp":1609366220,"path_taken":["M","M","?","?","M","R","E","?","T","E","?","E","R","?","R","BOSS"],"items_purchased_type":["Relic","Relic","Relic","Card","Card"],"build_version":"2020-12-22","purchased_purges":0,"victory":false,"max_hp_per_floor":[75,75,75,75,75,75,75,75,75,75,75,75,75,75,75,75,75],"card_choices":[{"not_picked":["Hologram","Blizzard","Darkness"],"picked":"SKIP","floor":1.0},{"not_picked":["Beam Cell","Consume"],"picked":"Gash","floor":2.0},{"not_picked":["Hello World","Barrage","Go for the Eyes"],"picked":"SKIP","floor":5.0},{"not_picked":["Chaos","Melter"],"picked":"Steam","floor":7.0},{"not_picked":["Recycle","Beam Cell"],"picked":"FTL","floor":10.0},{"not_picked":["Darkness","Reprogram"],"picked":"Cold Snap","floor":12.0}],"player_experience":3030664,"relics_obtained":[{"floor":7.0,"key":"Regal Pillow"},{"floor":9.0,"key":"Toy Ornithopter"},{"floor":10.0,"key":"Frozen Egg 2"},{"floor":11.0,"key":"Cables"},{"floor":12.0,"key":"Question Card"}],"event_choices":[{"damage_healed":0.0,"max_hp_gain":0.0,"max_hp_loss":0.0,"gold_gain":75.0,"event_name":"World of Goop","player_choice":"Gather Gold","floor":3.0,"gold_loss":0.0,"damage_taken":11.0},{"damage_healed":0.0,"max_hp_gain":0.0,"max_hp_loss":0.0,"gold_gain":0.0,"event_name":"Golden Idol","player_choice":"Take Wound","floor":4.0,"gold_loss":0.0,"damage_taken":0.0,"relics_obtained":["Golden Idol"],"cards_obtained":["Injury"]},{"damage_healed":0.0,"max_hp_gain":0.0,"max_hp_loss":0.0,"gold_gain":0.0,"event_name":"The Cleric","player_choice":"Leave","floor":8.0,"gold_loss":0.0,"damage_taken":0.0},{"damage_healed":0,"gold_gain":0,"player_choice":"Fled","damage_taken":0,"max_hp_gain":0,"max_hp_loss":0,"event_name":"Scrap Ooze","floor":14,"gold_loss":0}],"is_beta":false,"boss_relics":[],"items_purged_floors":[],"is_endless":false,"potions_floor_spawned":[7,10,12],"killed_by":"The Guardian","ascension_level":4}}