{"host":"o0q01dgb4z8zpo6o","time":1609359879,"event":{"mods":["BaseMod","GifTheSpireLib","Minty Spire (QoL Compilation)","Relic Stats","StSLib"],"gold_per_floor":[118,268,283,129,129,129,164,179,179,194,220,220,295,305,305,376,376,391,407,332,343,343,343,370,148,220,120,140,55,55,55,55,129,129,149,65,65,77,77,77,77,77],"floor_reached":41,"playtime":2188,"items_purged":["Doubt","Zap"],"score":846,"play_id":"282607ab-8f13-444c-be4f-2c49622a60de","local_time":"20201230122439","is_ascension_mode":true,"campfire_choices":[{"data":"Loop","floor":6.0,"key":"SMITH"},{"data":"Loop","floor":12.0,"key":"SMITH"},{"floor":15.0,"key":"REST"},{"data":"Defragment","floor":23,"key":"SMITH"},{"floor":32,"key":"REST"},{"data":"Fission","floor":40,"key":"SMITH"}],"circlet_count":0,"master_deck":["AscendersBane","Dualcast","Loop+1","Reinforced Body","Loop+1","White Noise","Chaos","Coolheaded","Buffer","Leap","Rainbow","Reboot","Fission+1","Reboot","Barrage","Defragment+1","Defragment","Self Repair","Cold Snap","Leap+1","Machine Learning","Capacitor"],"relics":["Cracked Core","NeowsBlessing","Mango","Gremlin Horn","Bag of Preparation","Pandora\u0027s Box","Lizard Tail","ClockworkSouvenir","Happy Flower","Bag of Marbles","Busted Crown"],"acts_visited":["Exordium","TheCity","TheBeyond"],"potions_floor_usage":[16,24,33],"damage_taken":[{"damage":0.0,"enemies":"Cultist","floor":1.0,"turns":1.0},{"damage":0.0,"enemies":"2 Louse","floor":3.0,"turns":1.0},{"damage":0.0,"enemies":"3 Sentries","floor":7.0,"turns":1.0},{"damage":7.0,"enemies":"Jaw Worm","floor":8.0,"turns":4.0},{"damage":17.0,"enemies":"2 Fungi Beasts","floor":10.0,"turns":4.0},{"damage":8.0,"enemies":"Exordium Wildlife","floor":14.0,"turns":4.0},{"damage":7,"enemies":"Slime Boss","floor":16,"turns":6},{"damage":2,"enemies":"Chosen","floor":18,"turns":6},{"damage":2,"enemies":"Spheric Guardian","floor":19,"turns":4},{"damage":29,"enemies":"Chosen and Byrds","floor":21,"turns":6},{"damage":21,"enemies":"Book of Stabbing","floor":24,"turns":7},{"damage":26,"enemies":"Centurion and Healer","floor":28,"turns":8},{"damage":36,"enemies":"Collector","floor":33,"turns":19},{"damage":4,"enemies":"Orb Walker","floor":35,"turns":5},{"damage":7,"enemies":"3 Shapes","floor":38,"turns":4},{"damage":91,"enemies":"Reptomancer","floor":41,"turns":5}],"seed_played":"-9005871540647764611","potions_obtained":[{"floor":1.0,"key":"Dexterity Potion"},{"floor":10.0,"key":"Fruit Juice"},{"floor":14.0,"key":"FocusPotion"},{"floor":19,"key":"LiquidBronze"},{"floor":28,"key":"Dexterity Potion"},{"floor":35,"key":"Fruit Juice"},{"floor":38,"key":"FearPotion"}],"is_trial":false,"path_per_floor":["M","?","M","$","?","R","E","M","T","M","T","R","?","M","R","B",null,"M","M","?","M","?","R","E","$","T","$","M","?","?","$","R","B",null,"M","$","?","M","?","R","E"],"character_chosen":"DEFECT","items_purchased":["Loop","ClockworkSouvenir","Cold Snap","Capacitor"],"campfire_rested":2,"item_purchase_floors":[4,25,25,36],"current_hp_per_floor":[64,64,64,64,57,57,71,64,64,47,47,47,36,33,60,53,81,79,77,77,48,48,48,27,27,27,27,8,8,8,8,35,52,81,84,84,84,77,77,77,0,0],"gold":77,"neow_bonus":"THREE_ENEMY_KILL","is_daily":false,"chose_seed":false,"campfire_upgraded":4,"win_rate":0.0,"timestamp":1609359879,"path_taken":["M","?","M","$","?","R","E","M","T","M","?","R","?","?","R","BOSS","M","M","?","M","?","R","E","$","T","?","M","?","?","$","R","BOSS","M","$","?","M","?","R","E"],"items_purchased_type":["Card","Relic","Card","Card"],"build_version":"2020-12-22","purchased_purges":2,"victory":false,"max_hp_per_floor":[71,71,71,71,71,71,85,85,85,85,85,85,85,90,90,90,90,90,90,90,90,90,90,90,90,90,90,90,90,90,90,90,90,90,90,90,90,90,90,90,90,90],"relic_stats":{"Lizard Tail":45,"Busted Crown":4,"Gremlin Horn":[18,18],"Happy Flower":[11],"counters":[16,84],"Pandora\u0027s Box":["Leap","Rainbow","Reboot","Fission","Reboot","Barrage","Rip and Tear"],"Bag of Preparation":[22],"obtain_stats":[{"Lizard Tail":24,"Busted Crown":34,"NeowsBlessing":0,"Gremlin Horn":9,"Happy Flower":29,"Mango":7,"Pandora\u0027s Box":17,"Bag of Preparation":11,"Bag of Marbles":30,"Cracked Core":0,"ClockworkSouvenir":25},{"Lizard Tail":11,"Busted Crown":13,"NeowsBlessing":0,"Gremlin Horn":4,"Happy Flower":12,"Mango":3,"Pandora\u0027s Box":7,"Bag of Preparation":5,"Bag of Marbles":12,"Cracked Core":0,"ClockworkSouvenir":11},{"Lizard Tail":44,"Busted Crown":71,"NeowsBlessing":0,"Gremlin Horn":7,"Happy Flower":52,"Mango":3,"Pandora\u0027s Box":21,"Bag of Preparation":11,"Bag of Marbles":52,"Cracked Core":0,"ClockworkSouvenir":44}]},"card_choices":[{"not_picked":["Tempest","Coolheaded"],"picked":"Loop","floor":1.0},{"not_picked":["Force Field","Conserve Battery"],"picked":"Reinforced Body","floor":3.0},{"not_picked":["Leap","Reprogram"],"picked":"White Noise","floor":7.0},{"not_picked":["Steam","Redo"],"picked":"Chaos","floor":8.0},{"not_picked":["Stack","Gash"],"picked":"Coolheaded","floor":10.0},{"not_picked":["Blizzard","Stack","Gash"],"picked":"SKIP","floor":14.0},{"not_picked":["Hyperbeam","Seek"],"picked":"Buffer","floor":16},{"not_picked":["Sweeping Beam","Tempest"],"picked":"Defragment","floor":18},{"not_picked":["White Noise","Hello World"],"picked":"Defragment","floor":19},{"not_picked":["Streamline","Gash","Steam"],"picked":"SKIP","floor":21},{"not_picked":["Darkness","Gash"],"picked":"Self Repair","floor":24},{"not_picked":["Rebound","Recycle"],"picked":"Leap+1","floor":28},{"not_picked":["All For One","Meteor Strike"],"picked":"Machine Learning","floor":33},{"not_picked":["Hologram"],"picked":"SKIP","floor":35},{"not_picked":[],"picked":"Barrage+1","floor":38}],"player_experience":1041982,"relics_obtained":[{"floor":7.0,"key":"Mango"},{"floor":9.0,"key":"Gremlin Horn"},{"floor":11.0,"key":"Bag of Preparation"},{"floor":24,"key":"Lizard Tail"}],"event_choices":[{"damage_healed":0.0,"max_hp_gain":0.0,"max_hp_loss":0.0,"gold_gain":150.0,"event_name":"Liars Game","player_choice":"AGREE","floor":2.0,"gold_loss":0.0,"damage_taken":0.0,"cards_obtained":["Doubt"]},{"cards_removed":["Strike_B"],"damage_healed":0.0,"max_hp_gain":0.0,"max_hp_loss":0.0,"gold_gain":0.0,"event_name":"Golden Wing","player_choice":"Card Removal","floor":5.0,"gold_loss":0.0,"damage_taken":7.0},{"damage_healed":0.0,"max_hp_gain":0.0,"max_hp_loss":0.0,"gold_gain":75.0,"event_name":"World of Goop","player_choice":"Gather Gold","floor":13.0,"gold_loss":0.0,"damage_taken":11.0},{"cards_removed":["Rip and Tear"],"damage_healed":0,"gold_gain":0,"player_choice":"Gave Gold","damage_taken":0,"max_hp_gain":0,"max_hp_loss":0,"event_name":"Beggar","floor":20,"gold_loss":75},{"damage_healed":0,"gold_gain":0,"player_choice":"Ignored","damage_taken":0,"max_hp_gain":0,"max_hp_loss":0,"event_name":"Cursed Tome","floor":22,"gold_loss":0},{"damage_healed":0,"gold_gain":0,"player_choice":"Obtained Relic","damage_taken":0,"relics_obtained":["Happy Flower"],"max_hp_gain":0,"max_hp_loss":0,"event_name":"Addict","floor":29,"gold_loss":85},{"damage_healed":0,"gold_gain":0,"player_choice":"Gave Potion","damage_taken":0,"relics_obtained":["Bag of Marbles"],"max_hp_gain":0,"max_hp_loss":0,"event_name":"WeMeetAgain","floor":30,"gold_loss":0},{"damage_healed":0,"gold_gain":0,"player_choice":"Ignored","damage_taken":0,"max_hp_gain":0,"max_hp_loss":0,"event_name":"Mysterious Sphere","floor":37,"gold_loss":0},{"cards_removed":["Barrage"],"damage_healed":0,"gold_gain":0,"player_choice":"Removed Attack","damage_taken":0,"max_hp_gain":0,"max_hp_loss":0,"event_name":"Falling","floor":39,"gold_loss":0}],"is_beta":false,"boss_relics":[{"not_picked":["Runic Pyramid","Black Star"],"picked":"Pandora\u0027s Box"},{"not_picked":["Snecko Eye","SacredBark"],"picked":"Busted Crown"}],"items_purged_floors":[4,27],"is_endless":false,"potions_floor_spawned":[1,10,14,19,21,28,35,38],"killed_by":"Reptomancer","ascension_level":18}}