{"host":"2no1vwhhkhf0ohz3","time":1609314453,"event":{"mods":["AchievementEnabler","BaseMod","Colored Map","DeckTracker","Keyboard Shortcuts","Minty Spire (QoL Compilation)","Relic Stats","SuperFastMode"],"gold_per_floor":[115,115,115,1,18,18,36,62,62,79,92,92,92,110,110,205,205,225,225,239,251,266,266,266],"floor_reached":23,"playtime":412,"items_purged":["Strike_P"],"score":284,"play_id":"721cbba7-20d6-42df-b679-88db6e98610e","local_time":"20201230164733","is_ascension_mode":true,"campfire_choices":[{"data":"Eruption","floor":6,"key":"SMITH"},{"data":"Vault","floor":13,"key":"SMITH"},{"data":"WheelKick","floor":15,"key":"SMITH"}],"circlet_count":0,"master_deck":["Strike_P+1","Strike_P+1","Strike_P+1","Defend_P+1","Defend_P+1","Defend_P+1","Defend_P+1","Eruption+1","Vigilance+1","Trip+1","WheelKick+1","Vault+1","InnerPeace","TalkToTheHand","Vault","TalkToTheHand+1"],"relics":["PureWater","Bag of Preparation","Tiny Chest","Shuriken","Black Star"],"acts_visited":["Exordium","TheCity"],"potions_floor_usage":[16,21],"damage_taken":[{"damage":0,"enemies":"Small Slimes","floor":1,"turns":2},{"damage":0,"enemies":"Jaw Worm","floor":5,"turns":2},{"damage":0,"enemies":"2 Louse","floor":7,"turns":1},{"damage":0,"enemies":"Gremlin Nob","floor":8,"turns":2},{"damage":3,"enemies":"Large Slime","floor":10,"turns":4},{"damage":6,"enemies":"Exordium Wildlife","floor":11,"turns":4},{"damage":9,"enemies":"3 Louse","floor":14,"turns":2},{"damage":0,"enemies":"Slime Boss","floor":16,"turns":2},{"damage":5,"enemies":"Spheric Guardian","floor":18,"turns":3},{"damage":8,"enemies":"2 Thieves","floor":20,"turns":4},{"damage":11,"enemies":"Snake Plant","floor":21,"turns":4},{"damage":30,"enemies":"Cultist and Chosen","floor":22,"turns":8},{"damage":26,"enemies":"Slavers","floor":23,"turns":3}],"seed_played":"-554973786807601068","potions_obtained":[{"floor":7,"key":"Dexterity Potion"},{"floor":8,"key":"Weak Potion"},{"floor":11,"key":"LiquidMemories"},{"floor":22,"key":"SteroidPotion"}],"is_trial":false,"path_per_floor":["M","?","?","$","M","R","M","E","T","M","M","$","R","M","R","B",null,"M","?","M","M","M","E"],"character_chosen":"WATCHER","items_purchased":["WheelKick"],"campfire_rested":0,"item_purchase_floors":[4],"current_hp_per_floor":[72,58,33,33,33,33,33,33,33,30,24,24,24,15,15,15,72,67,67,59,48,18,0,0],"gold":266,"neow_bonus":"RANDOM_COLORLESS","is_daily":false,"chose_seed":false,"campfire_upgraded":3,"win_rate":0.0,"timestamp":1609314453,"path_taken":["M","?","?","?","M","R","M","E","T","M","?","$","R","M","R","BOSS","M","?","M","M","M","E"],"items_purchased_type":["Card"],"build_version":"2020-12-22","purchased_purges":1,"victory":false,"max_hp_per_floor":[72,72,72,72,72,72,72,72,72,72,72,72,72,72,72,72,72,72,72,72,72,72,72,72],"relic_stats":{"counters":[13,41],"Shuriken":[5],"Tiny Chest":0,"Bag of Preparation":[24],"Black Star":0,"obtain_stats":[{"Shuriken":9,"Tiny Chest":8,"Bag of Preparation":3,"Black Star":17,"PureWater":0},{"Shuriken":4,"Tiny Chest":4,"Bag of Preparation":1,"Black Star":8,"PureWater":0},{"Shuriken":7,"Tiny Chest":7,"Bag of Preparation":2,"Black Star":19,"PureWater":0}]},"card_choices":[{"not_picked":["Jack Of All Trades","Finesse"],"picked":"Trip","floor":0},{"not_picked":["Evaluate","SashWhip","JustLucky"],"picked":"SKIP","floor":1},{"not_picked":["Collect","Indignation","ClearTheMind"],"picked":"SKIP","floor":5},{"not_picked":["Study","JustLucky","Crescendo"],"picked":"SKIP","floor":7},{"not_picked":["BattleHymn","Prostrate"],"picked":"Vault","floor":8},{"not_picked":["BowlingBash","Swivel"],"picked":"InnerPeace","floor":10},{"not_picked":["Prostrate","SandsOfTime","Halt"],"picked":"SKIP","floor":11},{"not_picked":["Crescendo","ThirdEye"],"picked":"TalkToTheHand","floor":14},{"not_picked":["Blasphemy","Establishment"],"picked":"Vault","floor":16},{"not_picked":["Crescendo","LikeWater","Nirvana+1"],"picked":"SKIP","floor":18},{"not_picked":["ReachHeaven","JustLucky"],"picked":"TalkToTheHand+1","floor":20},{"not_picked":["PathToVictory","JustLucky","EmptyBody+1"],"picked":"SKIP","floor":21},{"not_picked":["ClearTheMind","FlyingSleeves","Evaluate"],"picked":"SKIP","floor":22}],"player_experience":269945,"relics_obtained":[{"floor":8,"key":"Tiny Chest"},{"floor":9,"key":"Shuriken"}],"event_choices":[{"damage_healed":0,"gold_gain":0,"player_choice":"Entered Light","damage_taken":14,"max_hp_gain":0,"max_hp_loss":0,"event_name":"Shining Light","floor":2,"gold_loss":0,"cards_upgraded":["Vigilance","Trip"]},{"damage_healed":0,"gold_gain":0,"player_choice":"Success","damage_taken":25,"relics_obtained":["Bag of Preparation"],"max_hp_gain":0,"max_hp_loss":0,"event_name":"Scrap Ooze","floor":3,"gold_loss":0},{"damage_healed":0,"gold_gain":0,"player_choice":"Simplicity","damage_taken":0,"max_hp_gain":0,"max_hp_loss":0,"event_name":"Back to Basics","floor":19,"gold_loss":0,"cards_upgraded":["Strike_P","Strike_P","Strike_P","Defend_P","Defend_P","Defend_P","Defend_P"]}],"is_beta":false,"boss_relics":[{"not_picked":["Coffee Dripper","Cursed Key"],"picked":"Black Star"}],"items_purged_floors":[4],"is_endless":false,"potions_floor_spawned":[7,8,11,14,22],"killed_by":"Slavers","ascension_level":1}}