{"host":"vmo6qas4tfa0p776","time":1609361944,"event":{"mods":["AchievementEnabler","BaseMod","Bestiary","Better Altar","Better Match","Better Note","Better Sensory Stone","Better Skull","Better Third Choice","Colored Map","Downfall","Minty Spire (QoL Compilation)","Relic Stats","Robot Space Explorer","Spicy Shops","StSLib","The Marked"],"gold_per_floor":[99,118,118,128,154,26,50,70,70,84,104,104,104],"floor_reached":12,"playtime":576,"items_purged":[],"score":70,"play_id":"2f7ca989-20ce-4f4c-9b28-fda3889a4885","local_time":"20201230155904","is_ascension_mode":false,"campfire_choices":[{"floor":1,"key":"RECALL"},{"data":"sneckomod:MasterEye","floor":9,"key":"SMITH"}],"circlet_count":0,"master_deck":["sneckomod:Strike","sneckomod:Strike","sneckomod:Strike","sneckomod:Defend+1","sneckomod:Defend","sneckomod:Defend","sneckomod:TailWhip","sneckomod:SnekBite+1","sneckomod:Unknown+1","sneckomod:Unknown","sneckomod:UnknownStrike","Regret","sneckomod:SoulRoll","sneckomod:Rotation","sneckomod:MasterEye+1","sneckomod:UnknownClassTHE_CHAMP_GRAY","sneckomod:CheapStock","sneckomod:UnknownCommonSkill"],"relics":["sneckomod:SneckoSoul","MealTicket","Chemical X","Ancient Tea Set"],"acts_visited":["Exordium"],"potions_floor_usage":[6,6,10,12],"damage_taken":[{"damage":8,"enemies":"Jaw Worm","floor":2,"turns":3},{"damage":7,"enemies":"2 Louse","floor":4,"turns":3},{"damage":0,"enemies":"downfall:FleeingMerchant","floor":6,"turns":4},{"damage":0,"enemies":"Cultist","floor":8,"turns":2},{"damage":20,"enemies":"Exordium Wildlife","floor":10,"turns":4},{"damage":44,"enemies":"Lots of Slimes","floor":11,"turns":4},{"damage":37,"enemies":"3 Sentries","floor":12,"turns":6}],"seed_played":"6920816647804830918","potions_obtained":[{"floor":2,"key":"sneckomod:DiceRollPotion"},{"floor":4,"key":"DistilledChaos"},{"floor":8,"key":"BlessingOfTheForge"},{"floor":11,"key":"ColorlessPotion"}],"is_trial":false,"path_per_floor":["R","M","?","M","T","$","T","M","R","M","M","E"],"character_chosen":"THE_SNECKO","items_purchased":["sneckomod:MasterEye","Chemical X"],"campfire_rested":0,"item_purchase_floors":[6,6],"current_hp_per_floor":[90,83,83,76,76,91,91,92,92,72,29,0,0],"gold":104,"neow_bonus":"RANDOM_COMMON_RELIC","is_daily":false,"chose_seed":false,"campfire_upgraded":1,"win_rate":0.0,"timestamp":1609361944,"path_taken":["R","M","?","M","?","$","T","?","R","M","M","E"],"items_purchased_type":["Card","Relic"],"build_version":"2020-12-22","purchased_purges":0,"victory":false,"max_hp_per_floor":[90,91,91,91,91,91,91,92,92,92,93,93,93],"relic_stats":{"counters":[7,26],"MealTicket":15,"Chemical X":[1],"obtain_stats":[{"MealTicket":0,"Chemical X":6,"sneckomod:SneckoSoul":0,"Ancient Tea Set":7},{"MealTicket":0,"Chemical X":3,"sneckomod:SneckoSoul":0,"Ancient Tea Set":3},{"MealTicket":0,"Chemical X":10,"sneckomod:SneckoSoul":0,"Ancient Tea Set":10}]},"card_choices":[{"not_picked":["sneckomod:SoulDraw","sneckomod:UnknownClassHEXA_GHOST_PURPLE"],"picked":"sneckomod:UnknownStrike","floor":2},{"not_picked":["sneckomod:UnknownStrike","sneckomod:UnknownVulnerable"],"picked":"sneckomod:SoulRoll","floor":4},{"not_picked":["sneckomod:DefensiveFlair","sneckomod:WideSting"],"picked":"sneckomod:Rotation","floor":6},{"not_picked":["sneckomod:IronFang","sneckomod:DiceCrush"],"picked":"sneckomod:UnknownClassTHE_CHAMP_GRAY","floor":8},{"not_picked":["sneckomod:DiceBlock","sneckomod:WideSting"],"picked":"sneckomod:CheapStock","floor":10},{"not_picked":["sneckomod:UnknownVulnerable","sneckomod:UnknownClassGREEN"],"picked":"sneckomod:UnknownCommonSkill","floor":11}],"player_experience":199320,"relics_obtained":[{"floor":7,"key":"Ancient Tea Set"}],"event_choices":[],"is_beta":false,"boss_relics":[],"items_purged_floors":[],"is_endless":false,"potions_floor_spawned":[2,4,8],"killed_by":"3 Sentries","ascension_level":0}}