{"host":"t1puqh5lxz8sp6fn","time":1609323050,"event":{"mods":["BaseMod","Colored Powertips","Minty Spire (QoL Compilation)","Rare Cards Sparkle","Replay The Spire","StSLib"],"gold_per_floor":[118,134,134,144,157,186,204,204,204,69,69,87,97,132,132,227,227,243,327,176,186,74,102,102,102,102,102,156,156,156,181,181,189,189],"floor_reached":33,"playtime":1849,"items_purged":["Rebound"],"score":443,"play_id":"9883857f-3fe7-4dfc-8413-9e9136137c79","local_time":"20201230071050","is_ascension_mode":true,"campfire_choices":[{"floor":8,"key":"REST"},{"data":"BasicCrystalCard","floor":11,"key":"SMITH"},{"data":"Reinforced Body","floor":15,"key":"SMITH"},{"floor":27,"key":"REST"},{"floor":30,"key":"REST"},{"data":"FIFO Queue","floor":32,"key":"SMITH"}],"circlet_count":0,"master_deck":["AscendersBane","Strike_B","Defend_B","Defend_B","Defend_B","Defend_B","Zap","Dualcast+1","Sweeping Beam","Go for the Eyes","BasicCrystalCard+1","Double Energy+1","Sunder","FIFO Queue+1","Replay:Sssssssssshield","Consume","Reinforced Body+1","Ball Lightning","Core Surge+1","Barrage+1","Melter+1","Ball Lightning+1","Heatsinks","Time Bomb","Time Bomb","Cold Snap+1","Leap+1","Necronomicurse","Thunder Strike","Panic Button"],"relics":["Cracked Core","Eternal Feather","Pen Nib","Art of War","Astrolabe","Guide Book","Mirror","Necronomicon","Replay:Bandana","Mercury Hourglass"],"acts_visited":["Exordium","TheCity"],"potions_floor_usage":[6,12,14,16,16],"damage_taken":[{"damage":0,"enemies":"Cultist","floor":1,"turns":3},{"damage":0,"enemies":"Small Slimes","floor":2,"turns":3},{"damage":0,"enemies":"Jaw Worm","floor":4,"turns":3},{"damage":28,"enemies":"Exordium Thugs","floor":5,"turns":4},{"damage":26,"enemies":"Gremlin Nob","floor":6,"turns":4},{"damage":2,"enemies":"2 Fungi Beasts","floor":7,"turns":2},{"damage":1,"enemies":"3 Louse","floor":12,"turns":3},{"damage":0,"enemies":"Large Slime","floor":13,"turns":5},{"damage":35,"enemies":"Replay:BlueRogue","floor":14,"turns":7},{"damage":23,"enemies":"The Guardian","floor":16,"turns":10},{"damage":1,"enemies":"Shell Parasite","floor":18,"turns":4},{"damage":2,"enemies":"Chosen","floor":21,"turns":4},{"damage":14,"enemies":"Replay:Snechameleon","floor":23,"turns":7},{"damage":18,"enemies":"Gremlin Leader","floor":28,"turns":6},{"damage":8,"enemies":"Centurion and Healer","floor":31,"turns":7},{"damage":76,"enemies":"Champ","floor":33,"turns":8}],"seed_played":"-6102954792669648976","potions_obtained":[{"floor":1,"key":"SpeedPotion"},{"floor":5,"key":"PowerPotion"},{"floor":6,"key":"SpeedPotion"},{"floor":12,"key":"PowerPotion"},{"floor":31,"key":"Ancient Potion"}],"is_trial":false,"path_per_floor":["M","M","?","M","M","E","M","R","T","$","R","M","M","E","R","B",null,"M","?","$","M","$","E","?","?","T","R","E","?","R","M","R","B"],"character_chosen":"DEFECT","items_purchased":["Replay:Sssssssssshield","Fire Potion","Guide Book","Cold Snap+1"],"campfire_rested":3,"item_purchase_floors":[10,10,20,22],"current_hp_per_floor":[68,68,68,68,40,14,12,43,43,43,52,51,51,16,28,5,58,57,39,39,37,37,23,23,7,7,44,26,12,51,43,61,0,0],"gold":189,"neow_bonus":"UPGRADE_CARD","is_daily":false,"chose_seed":false,"campfire_upgraded":3,"win_rate":0.0,"timestamp":1609323050,"path_taken":["M","?","?","M","M","E","M","R","T","$","R","M","?","E","R","BOSS","M","?","?","M","$","E","?","?","T","R","E","?","R","?","R","BOSS"],"items_purchased_type":["Card","Potion","Relic","Card"],"build_version":"2020-12-13","purchased_purges":1,"victory":false,"max_hp_per_floor":[75,75,75,75,75,75,75,75,75,75,75,75,75,75,75,75,75,75,75,75,75,75,75,75,75,75,75,75,80,80,80,80,80,80],"card_choices":[{"not_picked":["Cold Snap","Defragment"],"picked":"Sweeping Beam","floor":1},{"not_picked":["Redo","Leap"],"picked":"Go for the Eyes","floor":2},{"not_picked":["Sweeping Beam","Steam Power"],"picked":"BasicCrystalCard","floor":4},{"not_picked":["Barrage","Consume"],"picked":"Double Energy","floor":5},{"not_picked":["ReplayTheSpireMod:System Scan","Leap"],"picked":"Sunder","floor":6},{"not_picked":["Turbo","Cold Snap"],"picked":"FIFO Queue","floor":7},{"not_picked":["Conserve Battery","Hyperbeam"],"picked":"Consume","floor":12},{"not_picked":["Hologram","Beam Cell"],"picked":"Reinforced Body","floor":13},{"not_picked":["Blizzard","Double Energy"],"picked":"Ball Lightning","floor":14},{"not_picked":["Mirror Shield","Thunder Strike"],"picked":"Core Surge","floor":16},{"not_picked":["Stack","Sunder"],"picked":"Rebound","floor":18},{"not_picked":["Conserve Battery","Ball Lightning"],"picked":"Heatsinks","floor":19},{"not_picked":["ReplayTheSpireMod:GoodbyeWorld","ReplaySort"],"picked":"Time Bomb","floor":19},{"not_picked":["Force Field","Steam"],"picked":"Time Bomb","floor":19},{"not_picked":["Leap+1","Coolheaded","Static Discharge"],"picked":"SKIP","floor":21},{"not_picked":["Steam Power","ReplayTheSpireMod:Calculation Training"],"picked":"Leap+1","floor":23},{"not_picked":["Ball Lightning","Skim"],"picked":"Thunder Strike","floor":28},{"not_picked":["Compile Driver","Steam Power"],"picked":"Panic Button","floor":31}],"player_experience":393369,"relics_obtained":[{"floor":6,"key":"Eternal Feather"},{"floor":9,"key":"Pen Nib"},{"floor":14,"key":"Art of War"},{"floor":23,"key":"Mirror"},{"floor":25,"key":"Necronomicon"},{"floor":26,"key":"Replay:Bandana"},{"floor":28,"key":"Mercury Hourglass"}],"event_choices":[{"damage_healed":0,"gold_gain":0,"player_choice":"Bought 0 Potions","damage_taken":0,"max_hp_gain":0,"max_hp_loss":0,"event_name":"The Woman in Blue","floor":3,"gold_loss":0},{"damage_healed":0,"gold_gain":0,"player_choice":"Ignored","damage_taken":0,"max_hp_gain":0,"max_hp_loss":0,"event_name":"Ghosts","floor":24,"gold_loss":0},{"damage_healed":0,"gold_gain":0,"player_choice":"Obtained Book","damage_taken":16,"max_hp_gain":0,"max_hp_loss":0,"event_name":"Cursed Tome","floor":25,"gold_loss":0},{"damage_healed":0,"gold_gain":0,"player_choice":"Shed Blood","damage_taken":19,"max_hp_gain":5,"max_hp_loss":0,"event_name":"Forgotten Altar","floor":29,"gold_loss":0}],"is_beta":false,"boss_relics":[{"not_picked":["Empty Cage","Fusion Hammer"],"picked":"Astrolabe"}],"items_purged_floors":[22],"is_endless":false,"potions_floor_spawned":[1,5,6,12,31],"killed_by":"Champ","ascension_level":10}}