{"host":"zxkjcgzis4pm3za5","time":1609348740,"event":{"mods":["AchievementEnabler","BaseMod","Colored Map","Colored Powertips","Minty Spire (QoL Compilation)","Quick Restart","RNG Fix","Random Character Button","StSLib"],"gold_per_floor":[112,62,62,77,96,96,121,121,121,151,326,215,241,251,251,348,348,387,402,412,426,440,440,475,491,491,491,491,491,544,562,562,657,657,672,724,737,787,787,787,817,817,864,879,879,682,696,709,709,709,709,709,70,102,102],"floor_reached":56,"playtime":2787,"items_purged":["Doubt","Strike_P","Strike_P"],"score":1789,"play_id":"8cb7e80f-bc7a-45ac-8dd8-5ccf3be72694","local_time":"20201230224900","is_ascension_mode":true,"campfire_choices":[{"floor":6.0,"key":"DIG"},{"floor":8.0,"key":"DIG"},{"floor":15.0,"key":"REST"},{"floor":23.0,"key":"DIG"},{"floor":27.0,"key":"DIG"},{"floor":29.0,"key":"REST"},{"floor":32.0,"key":"DIG"},{"floor":40.0,"key":"REST"},{"floor":42.0,"key":"DIG"},{"floor":49,"key":"RECALL"},{"floor":52,"key":"DIG"}],"circlet_count":0,"master_deck":["AscendersBane","Strike_P","Strike_P","Defend_P","Defend_P","Defend_P","Defend_P","Eruption","Vigilance","ThirdEye","SandsOfTime","FearNoEvil","LikeWater","Tantrum","DevaForm","Meditate","Wish","WaveOfTheHand+1","Protect","Worship","Vault","MentalFortress","SandsOfTime","LikeWater+1","The Bomb","Magnetism","TalkToTheHand+1","Protect+1"],"relics":["PureWater","Shovel","Dream Catcher","Turnip","Lantern","Regal Pillow","Yang","Snecko Eye","Boot","Gremlin Horn","Matryoshka","Strawberry","Unceasing Top","Ancient Tea Set","Philosopher\u0027s Stone","TungstenRod","Du-Vu Doll","Happy Flower","Letter Opener","Smiling Mask","Oddly Smooth Stone","Lee\u0027s Waffle","Shuriken","Kunai","Bronze Scales","Melange","Mummified Hand"],"acts_visited":["Exordium","TheCity","TheBeyond","TheEnding"],"potions_floor_usage":[55],"damage_taken":[{"damage":0.0,"enemies":"Small Slimes","floor":1.0,"turns":2.0},{"damage":0.0,"enemies":"Jaw Worm","floor":4.0,"turns":5.0},{"damage":0.0,"enemies":"Cultist","floor":5.0,"turns":3.0},{"damage":27.0,"enemies":"Lagavulin","floor":7.0,"turns":8.0},{"damage":33.0,"enemies":"Gremlin Nob","floor":10.0,"turns":4.0},{"damage":13.0,"enemies":"Lagavulin","floor":13.0,"turns":5.0},{"damage":3.0,"enemies":"Exordium Wildlife","floor":14.0,"turns":3.0},{"damage":42.0,"enemies":"The Guardian","floor":16.0,"turns":13.0},{"damage":9.0,"enemies":"3 Byrds","floor":18.0,"turns":5.0},{"damage":0.0,"enemies":"Spheric Guardian","floor":19.0,"turns":2.0},{"damage":9.0,"enemies":"Snake Plant","floor":20.0,"turns":4.0},{"damage":6.0,"enemies":"Cultist and Chosen","floor":21.0,"turns":4.0},{"damage":0.0,"enemies":"Centurion and Healer","floor":22.0,"turns":5.0},{"damage":4.0,"enemies":"Book of Stabbing","floor":24.0,"turns":6.0},{"damage":6.0,"enemies":"Chosen and Byrds","floor":25.0,"turns":7.0},{"damage":20.0,"enemies":"Gremlin Leader","floor":30.0,"turns":5.0},{"damage":0.0,"enemies":"Cultist and Chosen","floor":31.0,"turns":4.0},{"damage":17.0,"enemies":"Champ","floor":33.0,"turns":10.0},{"damage":7.0,"enemies":"3 Shapes","floor":35.0,"turns":6.0},{"damage":20.0,"enemies":"2 Orb Walkers","floor":36.0,"turns":4.0},{"damage":0.0,"enemies":"3 Darklings","floor":37.0,"turns":5.0},{"damage":0.0,"enemies":"Mind Bloom Boss Battle","floor":38.0,"turns":4.0},{"damage":27.0,"enemies":"Giant Head","floor":41.0,"turns":9.0},{"damage":11.0,"enemies":"4 Shapes","floor":44.0,"turns":5.0},{"damage":27.0,"enemies":"Writhing Mass","floor":47.0,"turns":6.0},{"damage":0.0,"enemies":"Maw","floor":48.0,"turns":7.0},{"damage":24,"enemies":"Donu and Deca","floor":50,"turns":9},{"damage":14,"enemies":"Shield and Spear","floor":54,"turns":8},{"damage":56,"enemies":"The Heart","floor":55,"turns":10}],"seed_played":"-1422926797981684479","potions_obtained":[{"floor":5.0,"key":"Swift Potion"},{"floor":10.0,"key":"Regen Potion"},{"floor":13.0,"key":"GamblersBrew"},{"floor":18.0,"key":"Explosive Potion"},{"floor":20.0,"key":"Weak Potion"},{"floor":21.0,"key":"Swift Potion"},{"floor":30.0,"key":"FairyPotion"},{"floor":33.0,"key":"BlessingOfTheForge"},{"floor":36.0,"key":"StancePotion"},{"floor":38.0,"key":"Explosive Potion"},{"floor":44.0,"key":"Fire Potion"}],"is_trial":false,"path_per_floor":["M","?","?","M","M","R","E","R","T","E","?","$","E","M","R","B",null,"M","M","M","M","M","R","E","M","T","R","?","R","E","M","R","B",null,"M","?","M","?","?","R","E","R","T","M","?","$","M","M","R","B",null,"R","$","E","B",null],"character_chosen":"WATCHER","items_purchased":["Tantrum","Lee\u0027s Waffle","Kunai","Bronze Scales","Melange","Swift Potion"],"campfire_rested":3,"item_purchase_floors":[12,46,53,53,53,53],"current_hp_per_floor":[65,65,70,70,70,70,43,43,43,10,10,10,11,8,46,4,59,50,50,41,35,35,35,31,25,25,32,32,72,52,52,52,35,72,65,45,45,45,45,84,57,57,57,46,37,91,64,64,64,40,78,78,78,64,8],"gold":102,"neow_bonus":"ONE_RARE_RELIC","is_daily":false,"chose_seed":false,"campfire_upgraded":0,"win_rate":0.0,"timestamp":1609348740,"path_taken":["M","?","?","?","M","R","E","R","T","E","?","$","E","M","R","BOSS","M","?","M","M","M","R","E","?","T","R","?","R","E","M","R","BOSS","M","?","M","?","?","R","E","R","T","M","?","$","?","M","R","BOSS","R","$","E","BOSS"],"items_purchased_type":["Card","Relic","Relic","Relic","Relic","Potion"],"build_version":"2020-12-22","purchased_purges":3,"victory":true,"max_hp_per_floor":[72,72,77,77,77,77,77,77,77,77,77,77,77,77,77,77,77,77,77,77,77,77,77,77,77,77,84,84,84,84,84,84,84,84,84,84,84,84,84,84,84,84,84,84,84,91,91,91,91,91,91,91,91,91,91],"card_choices":[{"not_picked":["EmptyBody","CrushJoints"],"picked":"ThirdEye","floor":1.0},{"not_picked":["EmptyFist","PathToVictory"],"picked":"SandsOfTime","floor":4.0},{"not_picked":["Vengeance","Halt"],"picked":"FearNoEvil","floor":5.0},{"not_picked":["FollowUp","Wallop"],"picked":"LikeWater","floor":7.0},{"not_picked":["CutThroughFate","FlyingSleeves","SashWhip"],"picked":"SKIP","floor":10.0},{"not_picked":["FlyingSleeves","CutThroughFate"],"picked":"DevaForm","floor":13.0},{"not_picked":["BowlingBash","ClearTheMind"],"picked":"Consecrate","floor":14.0},{"not_picked":["ThirdEye","EmptyFist"],"picked":"Meditate","floor":15.0},{"not_picked":["Ragnarok","MasterReality"],"picked":"Wish","floor":16.0},{"not_picked":["SandsOfTime","Consecrate+1"],"picked":"WaveOfTheHand+1","floor":18.0},{"not_picked":["CarveReality","SashWhip","ThirdEye"],"picked":"SKIP","floor":19.0},{"not_picked":["FlurryOfBlows","Halt+1"],"picked":"ReachHeaven+1","floor":20.0},{"not_picked":["WindmillStrike","Brilliance","Tantrum+1"],"picked":"SKIP","floor":21.0},{"not_picked":["EmptyMind","CutThroughFate"],"picked":"Protect","floor":22.0},{"not_picked":["EmptyMind","CutThroughFate","SashWhip"],"picked":"SKIP","floor":24.0},{"not_picked":["PathToVictory","Conclude"],"picked":"Worship","floor":25.0},{"not_picked":["EmptyBody+1","Weave","ClearTheMind+1"],"picked":"SKIP","floor":30.0},{"not_picked":["FearNoEvil+1","Brilliance","CutThroughFate"],"picked":"SKIP","floor":31.0},{"not_picked":["Establishment","MasterReality"],"picked":"Vault","floor":33.0},{"not_picked":["JustLucky","Halt","CarveReality"],"picked":"SKIP","floor":35.0},{"not_picked":["FearNoEvil","Vengeance","FlyingSleeves"],"picked":"SKIP","floor":37.0},{"not_picked":["CrushJoints+1","Wireheading"],"picked":"MentalFortress","floor":38.0},{"not_picked":["EmptyFist+1","DeceiveReality"],"picked":"SandsOfTime","floor":41.0},{"not_picked":["EmptyFist+1","Consecrate+1"],"picked":"LikeWater+1","floor":44.0},{"not_picked":["Forethought","Bandage Up"],"picked":"The Bomb","floor":45.0},{"not_picked":["Secret Weapon","Panacea"],"picked":"Magnetism","floor":45.0},{"not_picked":["JustLucky+1","EmptyBody+1"],"picked":"TalkToTheHand+1","floor":47.0},{"not_picked":["EmptyBody","Indignation+1","CrushJoints+1"],"picked":"SKIP","floor":48.0},{"not_picked":["Weave+1","Indignation+1"],"picked":"Protect+1","floor":54}],"player_experience":164899,"relics_obtained":[{"floor":6.0,"key":"Dream Catcher"},{"floor":7.0,"key":"Turnip"},{"floor":8.0,"key":"Lantern"},{"floor":10.0,"key":"Regal Pillow"},{"floor":13.0,"key":"Yang"},{"floor":23.0,"key":"Boot"},{"floor":24.0,"key":"Gremlin Horn"},{"floor":26.0,"key":"Matryoshka"},{"floor":27.0,"key":"Strawberry"},{"floor":30.0,"key":"Unceasing Top"},{"floor":32.0,"key":"Ancient Tea Set"},{"floor":36.0,"key":"TungstenRod"},{"floor":38.0,"key":"Du-Vu Doll"},{"floor":41.0,"key":"Happy Flower"},{"floor":42.0,"key":"Letter Opener"},{"floor":43.0,"key":"Smiling Mask"},{"floor":43.0,"key":"Oddly Smooth Stone"},{"floor":52,"key":"Shuriken"},{"floor":54,"key":"Mummified Hand"}],"event_choices":[{"cards_removed":["Doubt"],"damage_healed":0.0,"max_hp_gain":0.0,"max_hp_loss":0.0,"gold_gain":0.0,"event_name":"The Cleric","player_choice":"Card Removal","floor":2.0,"gold_loss":50.0,"damage_taken":0.0},{"damage_healed":0.0,"max_hp_gain":5.0,"max_hp_loss":0.0,"gold_gain":0.0,"event_name":"Big Fish","player_choice":"Donut","floor":3.0,"gold_loss":0.0,"damage_taken":0.0},{"damage_healed":0.0,"max_hp_gain":0.0,"max_hp_loss":0.0,"gold_gain":175.0,"event_name":"Liars Game","player_choice":"AGREE","floor":11.0,"gold_loss":0.0,"damage_taken":0.0,"cards_obtained":["Doubt"]},{"cards_removed":["ReachHeaven"],"damage_healed":0.0,"max_hp_gain":0.0,"max_hp_loss":0.0,"gold_gain":0.0,"event_name":"Purifier","player_choice":"Purged","floor":28.0,"gold_loss":0.0,"damage_taken":0.0},{"damage_healed":0.0,"max_hp_gain":0.0,"max_hp_loss":0.0,"gold_gain":0.0,"event_name":"Mysterious Sphere","player_choice":"Fight","floor":36.0,"gold_loss":0.0,"damage_taken":0.0},{"damage_healed":0.0,"max_hp_gain":0.0,"max_hp_loss":0.0,"gold_gain":0.0,"event_name":"MindBloom","player_choice":"Fight","floor":38.0,"gold_loss":0.0,"damage_taken":0.0},{"cards_removed":["Consecrate"],"damage_healed":0.0,"max_hp_gain":0.0,"max_hp_loss":0.0,"gold_gain":0.0,"event_name":"Falling","player_choice":"Removed Attack","floor":39.0,"gold_loss":0.0,"damage_taken":0.0},{"damage_healed":0.0,"max_hp_gain":0.0,"max_hp_loss":0.0,"gold_gain":0.0,"event_name":"SensoryStone","player_choice":"Memory 3","floor":45.0,"gold_loss":0.0,"damage_taken":10.0}],"is_beta":false,"boss_relics":[{"not_picked":["Cursed Key","SacredBark"],"picked":"Snecko Eye"},{"not_picked":["Tiny House","Runic Dome"],"picked":"Philosopher\u0027s Stone"}],"items_purged_floors":[12,46,53],"is_endless":false,"potions_floor_spawned":[5,10,13,18,20,21,30,33,36,38,44,47],"ascension_level":11}}