{"host":"55yei7x27djrlaep","time":1609354447,"event":{"mods":["Act Like it!","Aspiration","BaseMod","Better Altar","Better Match","Better Note","Better Sensory Stone","Better Skull","Better Third Choice","BetterRewards","Colored Map","Conspire","Friendly Minions","GifTheSpireLib","Gremlin Mod","Halation","Hermit","Hubris","Marisa????????","Minty Spire (QoL Compilation)","Pale of the Ancients","Replay The Spire","StSLib","Stuff the Spire"],"gold_per_floor":[114,132,147,185,195,195,220,232,255,255,8,8,37,48,48,146,146,162,178,192,212,63,63,63],"floor_reached":23,"playtime":1705,"items_purged":["Strike_G"],"score":256,"play_id":"7052f239-4acf-4476-825c-4a82a426ae97","local_time":"20201230215407","is_ascension_mode":true,"campfire_choices":[{"data":"Caltrops","floor":6,"key":"SMITH"},{"data":"Neutralize","floor":10,"key":"SMITH"},{"floor":12,"key":"REST"},{"floor":15,"key":"REST"}],"circlet_count":0,"master_deck":["Strike_G","Strike_G","Strike_G","Strike_G","Defend_G","Defend_G","Defend_G","Defend_G","Defend_G","Survivor","Neutralize+1","PiercingWail","Caltrops+1","Dagger Spray","StuffTheSpire:MirrorStance","Blade Dance","Toxin Wave","hubris:Sniper","Malaise","Backflip","aspiration:Lunge","Acrobatics+1","Blade Dance","Prepared","Prepared","Replay:Bootleg Shield Generator+1","Infinite Blades"],"relics":["hubris:HollowSoul","Blue Doll","Potion Belt","Nunchaku","Shuriken","StuffTheSpire:Tea","HoveringKite"],"acts_visited":["Exordium","TheCity"],"potions_floor_usage":[4,7,13,14,23,23],"damage_taken":[{"damage":9,"enemies":"Cultist","floor":1,"turns":6},{"damage":0,"enemies":"conspire:RoseBush","floor":2,"turns":5},{"damage":0,"enemies":"2 Louse","floor":3,"turns":4},{"damage":23,"enemies":"conspire:MimicChest","floor":4,"turns":7},{"damage":2,"enemies":"Exordium Wildlife","floor":5,"turns":5},{"damage":21,"enemies":"3 Sentries","floor":7,"turns":6},{"damage":8,"enemies":"3 Louse","floor":8,"turns":2},{"damage":17,"enemies":"Lagavulin","floor":13,"turns":7},{"damage":19,"enemies":"Exordium Thugs","floor":14,"turns":4},{"damage":21,"enemies":"Slime Boss","floor":16,"turns":9},{"damage":2,"enemies":"Shell Parasite","floor":18,"turns":5},{"damage":14,"enemies":"Spheric Guardian","floor":19,"turns":3},{"damage":13,"enemies":"Centurion and Healer","floor":20,"turns":5},{"damage":12,"enemies":"Snake Plant","floor":21,"turns":4},{"damage":16,"enemies":"Slavers","floor":23,"turns":1}],"seed_played":"-3880337485859919143","potions_obtained":[{"floor":1,"key":"ColorlessPotion"},{"floor":4,"key":"Energy Potion"},{"floor":8,"key":"AttackPotion"},{"floor":13,"key":"ColorlessPotion"},{"floor":18,"key":"FearPotion"},{"floor":21,"key":"Swift Potion"}],"is_trial":false,"path_per_floor":["M","M","M","?","M","R","E","M","T","R","$","R","E","M","R","B",null,"M","M","M","M","$","E"],"character_chosen":"THE_SILENT","items_purchased":["Shuriken","Replay:Bootleg Shield Generator+1","Infinite Blades"],"campfire_rested":2,"item_purchase_floors":[11,22,22],"current_hp_per_floor":[61,61,61,38,36,36,15,35,35,35,35,56,39,20,41,20,58,56,42,29,17,17,0,0],"gold":63,"neow_bonus":"BOSS_RELIC","is_daily":false,"chose_seed":false,"campfire_upgraded":2,"win_rate":0.0,"timestamp":1609354447,"path_taken":["M","M","?","?","M","R","E","M","T","R","$","R","E","M","R","BOSS","M","?","M","M","$","E"],"items_purchased_type":["Relic","Card","Card"],"build_version":"2020-12-22","purchased_purges":1,"victory":false,"max_hp_per_floor":[70,70,70,70,70,70,70,70,70,70,70,70,70,70,70,70,70,70,70,70,70,70,70,70],"card_choices":[{"not_picked":["hubris:Counter","Flying Knee"],"picked":"PiercingWail","floor":1},{"not_picked":["Cloak And Dagger","Expertise"],"picked":"Caltrops","floor":2},{"not_picked":["Distraction","Underhanded Strike"],"picked":"Dagger Spray","floor":3},{"not_picked":["Distraction","Outmaneuver"],"picked":"StuffTheSpire:MirrorStance","floor":4},{"not_picked":["Hidden Blade","Prepared"],"picked":"Blade Dance","floor":5},{"not_picked":["Accuracy","Reflex"],"picked":"Toxin Wave","floor":7},{"not_picked":["Quick Slash","Dodge and Roll"],"picked":"hubris:Sniper","floor":8},{"not_picked":["StuffTheSpire:ClusterCrunch","Dagger Throw"],"picked":"Malaise","floor":13},{"not_picked":["Flying Knee","Bane"],"picked":"Backflip","floor":14},{"not_picked":["Atom Bomb","Poison Darts"],"picked":"aspiration:Lunge","floor":16},{"not_picked":["StuffTheSpire:Fury","Bane"],"picked":"Acrobatics+1","floor":18},{"not_picked":["Deflect","PiercingWail"],"picked":"Blade Dance","floor":19},{"not_picked":["Hidden Blade","Deadly Poison"],"picked":"Prepared","floor":20},{"not_picked":["StuffTheSpire:Python","ReplayTheSpireMod:Tripwire"],"picked":"Prepared","floor":21}],"player_experience":364805,"relics_obtained":[{"floor":4,"key":"Blue Doll"},{"floor":7,"key":"Potion Belt"},{"floor":9,"key":"Nunchaku"},{"floor":13,"key":"StuffTheSpire:Tea"}],"event_choices":[],"is_beta":false,"boss_relics":[{"not_picked":["Replay:Grab Bag","hubris:RunicObelisk"],"picked":"HoveringKite"}],"items_purged_floors":[22],"is_endless":false,"potions_floor_spawned":[1,4,8,13,18,21],"killed_by":"Slavers","ascension_level":5}}