{"host":"no9jill7ghs9znhv","time":1609309634,"event":{"mods":["Act Like it!","BaseMod","Beaked The Cultist","Better Match","Colored Powertips","Dota2Spire","Ekko","Elementarium","Gensokyo","Hallownest","Infinite Spire","Menagerie","Minty Spire (QoL Compilation)","Replay The Spire","Robot Space Explorer","StSLib","The Animator","The Fake Hero","The Hierophant","The Kombatant","The Marked","The Wild Card","WarShipGirlsR/????R mod"],"gold_per_floor":[118,137,8,27,37,66,66,77,125,125,125,144,178,38,38,143,143,155,155,11,11,31,58,91,91,91,91,139,64,64,83,83,181,181,191,205,205,205,205,205,170,170,197,228,247,247,50,62,62,62,62,62,11,11,11],"floor_reached":54,"playtime":3202,"items_purged":["theMarked:Strike","theMarked:Defend","theMarked:Strike","theMarked:Defend"],"score":763,"play_id":"2a228571-f4f8-4e78-b486-eb5242dfcd50","local_time":"20201230062714","is_ascension_mode":false,"campfire_choices":[{"data":"theMarked:RogueSparks","floor":7,"key":"SMITH"},{"data":"theMarked:FavorableWinds","floor":10,"key":"SMITH"},{"floor":15,"key":"REST"},{"data":"theMarked:SoldierOfQuellstein","floor":25,"key":"SMITH"},{"data":"theMarked:SoldierForm","floor":27,"key":"SMITH"},{"floor":32,"key":"REST"},{"data":"theMarked:ThrowWeapon","floor":40,"key":"SMITH"},{"data":"theMarked:FavorableWinds","floor":42,"key":"SMITH"},{"data":"theMarked:ChainLightning","floor":46,"key":"SMITH"},{"floor":49,"key":"RECALL"},{"data":"Replay:Bootleg Shield Generator","floor":52,"key":"SMITH"}],"circlet_count":0,"master_deck":["theMarked:Strike","theMarked:Strike+1","theMarked:SoldierOfQuellstein+1","theMarked:ChainLightning+1","theMarked:RogueSparks+1","theMarked:FavorableWinds+1","theMarked:SoldierForm+1","theMarked:Overcharge+1","theMarked:FavorableWinds+1","theMarked:ThrowWeapon+1","theMarked:ParalyzingBlade+1","Replay:Bootleg Shield Generator+1"],"relics":["theMarked:BronzeBlade","infinitespire:WardingShard","infinitespire:CursedDice","Replay:Mystery Machine","infinitespire:Lychee Nut","Red Mask","Chemical X","WingedGreaves","Dota2Spire:EchoSabre","Dota2Spire:AghanimScepter","theMarked:SpiritSword","SlaversCollar","Regal Pillow","Replay:Bottled Steam"],"acts_visited":["Exordium","Gensokyo:Gensokyo","Hallownest:CityofTears","TheEnding"],"potions_floor_usage":[6,8,16,33,50],"damage_taken":[{"damage":2,"enemies":"Gensokyo:Gryphon","floor":1,"turns":3},{"damage":1,"enemies":"Gensokyo:Python","floor":2,"turns":3},{"damage":4,"enemies":"Gensokyo:2_Kodama","floor":4,"turns":3},{"damage":7,"enemies":"Gensokyo:CorruptedTreant","floor":5,"turns":4},{"damage":0,"enemies":"Gensokyo:Mamizou","floor":6,"turns":8},{"damage":1,"enemies":"Gensokyo:2_Rabbits","floor":8,"turns":4},{"damage":0,"enemies":"Gensokyo:VengefulSpirit","floor":12,"turns":3},{"damage":24,"enemies":"Gensokyo:Aya","floor":13,"turns":5},{"damage":17,"enemies":"Gensokyo:Kokoro","floor":16,"turns":10},{"damage":13,"enemies":"Hallownest:3_Youths","floor":18,"turns":5},{"damage":6,"enemies":"Hallownest:Guard_and_Sentry","floor":22,"turns":4},{"damage":23,"enemies":"Hallownest:eliteSoulWarrior","floor":23,"turns":6},{"damage":12,"enemies":"Hallownest:Nosk","floor":24,"turns":6},{"damage":14,"enemies":"Hallownest:Glutton_and_Coward","floor":28,"turns":4},{"damage":0,"enemies":"Hallownest:monsterShrumalOgre","floor":31,"turns":3},{"damage":38,"enemies":"Hallownest:BossMantisLord","floor":33,"turns":5},{"damage":0,"enemies":"Gensokyo:AncientGuardian","floor":35,"turns":4},{"damage":24,"enemies":"Gensokyo:3_Boulders","floor":36,"turns":5},{"damage":12,"enemies":"Gensokyo:Doremy","floor":44,"turns":4},{"damage":0,"enemies":"Gensokyo:AtlasGolem","floor":45,"turns":2},{"damage":0,"enemies":"Gensokyo:Sharpion","floor":48,"turns":4},{"damage":0,"enemies":"Gensokyo:Shinki","floor":50,"turns":5},{"damage":55,"enemies":"Shield and Spear","floor":54,"turns":3}],"seed_played":"-5244266274104687318","potions_obtained":[{"floor":1,"key":"Energy Potion"},{"floor":2,"key":"SkillPotion"},{"floor":5,"key":"Venom Potion"},{"floor":8,"key":"FearPotion"},{"floor":13,"key":"Toxic Potion"},{"floor":24,"key":"Toxic Potion"},{"floor":33,"key":"FearPotion"},{"floor":44,"key":"DistilledChaos"}],"is_trial":false,"path_per_floor":["M","M","COS","M","M","E","R","M","T","R","?","M","E","?","R","B",null,"M","?","$","?","M","E","E","R","T","R","M","$","AVR","M","R","B",null,"M","M","?","AVR","?","R","COS","R","T","E","M","R","$","M","R","B",null,"R","$","E"],"character_chosen":"THE_DEFAULT","items_purchased":["Chemical X","Replay:Bootleg Shield Generator","SpeedPotion"],"campfire_rested":2,"item_purchase_floors":[20,47,53],"current_hp_per_floor":[47,46,46,42,35,35,35,34,34,34,34,34,10,10,25,14,52,42,42,42,42,42,25,19,19,19,19,11,11,11,16,31,19,52,52,28,28,28,28,28,28,28,28,22,25,25,25,31,31,37,52,52,52,0,0],"gold":11,"neow_bonus":"REMOVE_TWO","is_daily":false,"chose_seed":false,"campfire_upgraded":8,"win_rate":0.0,"timestamp":1609309634,"path_taken":["M","M","COS","M","M","E","R","M","T","R","?","M","E","?","R","BOSS","M","?","$","?","M","E","E","R","T","R","M","?","AVR","?","R","BOSS","M","M","?","AVR","?","R","COS","R","T","E","?","R","$","M","R","BOSS","R","$","E"],"items_purchased_type":["Relic","Card","Potion"],"build_version":"2020-12-22","purchased_purges":4,"victory":false,"max_hp_per_floor":[70,70,70,70,70,70,70,70,70,70,70,70,70,52,52,52,52,52,52,52,52,52,52,52,52,52,52,52,52,52,52,52,52,52,52,52,52,52,52,52,52,52,52,52,52,52,52,52,52,52,52,52,52,52,52],"card_choices":[{"not_picked":["theMarked:DeterminationOfTheMarked","theMarked:Frustration"],"picked":"theMarked:ChainLightning","floor":1},{"not_picked":["theMarked:Improvise","theMarked:ResourceFulStrike"],"picked":"theMarked:RogueSparks","floor":2},{"not_picked":["theMarked:EnhancedHearing","theMarked:SwordAndMagic","theMarked:TakeOffHeels"],"picked":"SKIP","floor":4},{"not_picked":["theMarked:RepellingDischarge","theMarked:ResourceFulStrike","theMarked:BanishingStrike"],"picked":"SKIP","floor":5},{"not_picked":["theMarked:ChannelForce","theMarked:ThrowWeapon"],"picked":"theMarked:FavorableWinds","floor":6},{"not_picked":["theMarked:WastefulAttack","theMarked:Frustration","theMarked:Levitate"],"picked":"SKIP","floor":6},{"not_picked":["theMarked:BanishingStrike","theMarked:ElectricStrings","theMarked:SwordAndMagic"],"picked":"SKIP","floor":8},{"not_picked":["theMarked:HeightenedSenses","theMarked:Electrify","theMarked:PowerFlow"],"picked":"SKIP","floor":12},{"not_picked":["theMarked:Electrocute","theMarked:StartUp","theMarked:BanishingStrike"],"picked":"SKIP","floor":13},{"not_picked":["theMarked:EternalStudent","theMarked:Challenge"],"picked":"theMarked:SoldierForm","floor":16},{"not_picked":["theMarked:BanishingStrike","theMarked:TwofoldDefense","theMarked:EnhancedHearing"],"picked":"SKIP","floor":18},{"not_picked":["theMarked:Parkour","theMarked:Electrocute","theMarked:StartUp+1"],"picked":"SKIP","floor":22},{"not_picked":["theMarked:Reabsorb","theMarked:ShockingTouch+1"],"picked":"theMarked:Overcharge+1","floor":23},{"not_picked":["theMarked:Frustration","theMarked:MagicAdept+1","theMarked:WastefulAttack+1"],"picked":"SKIP","floor":24},{"not_picked":["theMarked:WastefulAttack","theMarked:Electrify","theMarked:HeightenedSenses+1"],"picked":"SKIP","floor":28},{"not_picked":["theMarked:Opportunist","theMarked:BanishingStrike+1","theMarked:Overthink"],"picked":"SKIP","floor":31},{"not_picked":["theMarked:Levitate","theMarked:TakeOffHeels"],"picked":"theMarked:FavorableWinds","floor":33},{"not_picked":["theMarked:TakeCover","theMarked:WardOff","theMarked:Polarize"],"picked":"SKIP","floor":35},{"not_picked":["theMarked:ElectricStrings+1","theMarked:HeightenedSenses+1","theMarked:WastefulAttack+1"],"picked":"SKIP","floor":36},{"not_picked":["theMarked:SwordAndMagic+1","theMarked:Indomitable+1"],"picked":"theMarked:ParalyzingBlade+1","floor":44},{"not_picked":["theMarked:Parkour+1","theMarked:SelfDefenseTraining+1","theMarked:Seal+1"],"picked":"SKIP","floor":44},{"not_picked":["theMarked:WardOff","theMarked:TwofoldDefense","theMarked:Generate+1"],"picked":"SKIP","floor":45},{"not_picked":["theMarked:WastefulAttack+1","theMarked:RepellingDischarge","theMarked:Frustration+1"],"picked":"SKIP","floor":48}],"player_experience":240624,"relics_obtained":[{"floor":6,"key":"infinitespire:WardingShard"},{"floor":13,"key":"Replay:Mystery Machine"},{"floor":23,"key":"WingedGreaves"},{"floor":24,"key":"Dota2Spire:EchoSabre"},{"floor":26,"key":"Dota2Spire:AghanimScepter"},{"floor":43,"key":"Regal Pillow"},{"floor":44,"key":"Replay:Bottled Steam"}],"event_choices":[],"is_beta":false,"boss_relics":[{"not_picked":["theMarked:Eyepatch","ChewingGum"],"picked":"theMarked:BronzeBlade"},{"not_picked":["Replay:Drink Me","Replay:Ancient Bell"],"picked":"SlaversCollar"}],"items_purged_floors":[29,30,38,47],"is_endless":false,"potions_floor_spawned":[1,2,5,8,13,24,33,44],"killed_by":"Shield and Spear","ascension_level":0}}