{"host":"2o3sockympbxxanu","time":1609321753,"event":{"mods":["AchievementEnabler","BaseMod","Colored Map","Colored Powertips","Marisa£®ÏF”Í°°ƒß¿Ì…≥£©","Minty Spire (QoL Compilation)","StSLib"],"gold_per_floor":[114,114,289,71,71,99,99,118,118,143,143,157,169,169,169,270,270,282,301,301,301,6,6,35,51,97,108,118,68,79,79,79,182,182,193,193,39,51,71,71,71,86,155,155,174,174,188,188,188],"floor_reached":48,"playtime":3015,"items_purged":["Regret","Strike_G","Defend_G"],"score":531,"play_id":"e79b74ac-2058-4551-a9c8-0f9dea53170e","local_time":"20201230174913","is_ascension_mode":true,"campfire_choices":[{"floor":7.0,"key":"REST"},{"data":"Footwork","floor":11.0,"key":"SMITH"},{"floor":15.0,"key":"REST"},{"data":"Bouncing Flask","floor":23.0,"key":"SMITH"},{"floor":32.0,"key":"REST"},{"data":"Riddle With Holes","floor":40.0,"key":"SMITH"},{"floor":44,"key":"REST"},{"floor":46,"key":"REST"}],"circlet_count":0,"master_deck":["Strike_G","Strike_G","Defend_G","Defend_G","Defend_G","Survivor","Neutralize","PiercingWail","Footwork+1","Deflect","Bouncing Flask+1","Cloak And Dagger","Accuracy","Adrenaline","Dagger Spray+1","Necronomicurse","Bouncing Flask","Noxious Fumes+1","Deadly Poison","Bane","Blade Dance+1","Tools of the Trade","Burst","PiercingWail+1","Riddle With Holes+1","Deflect+1","Parasite","Unload"],"relics":["Ring of the Snake","PreservedInsect","Ninja Scroll","Happy Flower","MealTicket","Incense Burner","Smiling Mask","Toy Ornithopter","Runic Pyramid","Necronomicon","Oddly Smooth Stone","Ice Cream","Pen Nib","Dream Catcher","Empty Cage"],"acts_visited":["Exordium","TheCity","TheBeyond"],"potions_floor_usage":[42,42,45],"damage_taken":[{"damage":1.0,"enemies":"Small Slimes","floor":1.0,"turns":4.0},{"damage":14.0,"enemies":"Gremlin Nob","floor":6.0,"turns":4.0},{"damage":0.0,"enemies":"2 Louse","floor":8.0,"turns":4.0},{"damage":19.0,"enemies":"3 Sentries","floor":10.0,"turns":18.0},{"damage":0.0,"enemies":"Jaw Worm","floor":12.0,"turns":3.0},{"damage":1.0,"enemies":"3 Louse","floor":13.0,"turns":5.0},{"damage":17.0,"enemies":"The Guardian","floor":16.0,"turns":12.0},{"damage":9.0,"enemies":"Spheric Guardian","floor":18.0,"turns":7.0},{"damage":0.0,"enemies":"Chosen","floor":19.0,"turns":5.0},{"damage":9.0,"enemies":"Gremlin Leader","floor":24.0,"turns":8.0},{"damage":22.0,"enemies":"Snake Plant","floor":25.0,"turns":6.0},{"damage":6.0,"enemies":"3 Cultists","floor":27.0,"turns":6.0},{"damage":19.0,"enemies":"Shelled Parasite and Fungi","floor":28.0,"turns":5.0},{"damage":7.0,"enemies":"Centurion and Healer","floor":30.0,"turns":5.0},{"damage":36.0,"enemies":"Champ","floor":33.0,"turns":11.0},{"damage":0.0,"enemies":"3 Shapes","floor":35.0,"turns":7.0},{"damage":11.0,"enemies":"Orb Walker","floor":38.0,"turns":3.0},{"damage":31.0,"enemies":"Maw","floor":39.0,"turns":9.0},{"damage":31,"enemies":"Writhing Mass","floor":42,"turns":6},{"damage":31,"enemies":"4 Shapes","floor":45,"turns":4},{"damage":29,"enemies":"Jaw Worm Horde","floor":47,"turns":5},{"damage":18,"enemies":"Writhing Mass","floor":48,"turns":1}],"seed_played":"2819145764549470303","potions_obtained":[{"floor":1.0,"key":"Swift Potion"},{"floor":6.0,"key":"EssenceOfSteel"},{"floor":8.0,"key":"Weak Potion"},{"floor":10.0,"key":"DuplicationPotion"},{"floor":18.0,"key":"Weak Potion"},{"floor":25.0,"key":"Fire Potion"},{"floor":28.0,"key":"SpeedPotion"},{"floor":30.0,"key":"Regen Potion"},{"floor":41,"key":"CunningPotion"},{"floor":41,"key":"Explosive Potion"},{"floor":42,"key":"SkillPotion"}],"is_trial":false,"path_per_floor":["M","?","?","$","?","E","R","M","T","E","R","M","M","?","R","B",null,"M","M","?","?","$","R","E","M","T","M","M","$","M","?","R","B",null,"M","?","$","M","M","R","?","M","T","R","M","R","M","M"],"character_chosen":"THE_SILENT","items_purchased":["Happy Flower","Ice Cream","Fruit Juice"],"campfire_rested":5,"item_purchase_floors":[4,22,37],"current_hp_per_floor":[69,69,69,69,44,30,51,51,51,32,32,37,36,29,50,33,70,61,61,45,45,60,60,56,34,34,33,14,29,22,22,43,17,70,70,70,75,64,33,33,33,26,26,48,22,44,15,0,0],"gold":188,"neow_bonus":"RANDOM_COMMON_RELIC","is_daily":false,"chose_seed":false,"campfire_upgraded":3,"win_rate":0.0,"timestamp":1609321753,"path_taken":["M","?","?","$","?","E","R","M","T","E","R","M","M","?","R","BOSS","M","M","?","?","$","R","E","M","T","M","?","$","M","?","R","BOSS","M","?","$","?","M","R","?","M","T","R","M","R","M","M"],"items_purchased_type":["Relic","Relic","Potion"],"build_version":"2020-12-22","purchased_purges":3,"victory":false,"max_hp_per_floor":[70,70,70,70,70,70,70,70,70,70,70,70,70,70,70,70,70,70,70,70,70,70,70,70,70,70,70,70,70,70,70,70,70,70,70,70,75,75,75,75,75,75,75,75,75,75,75,75,75],"card_choices":[{"not_picked":["Endless Agony","Choke"],"picked":"PiercingWail","floor":1.0},{"not_picked":["Adrenaline","Skewer"],"picked":"Footwork","floor":6.0},{"not_picked":["PiercingWail","Flying Knee"],"picked":"Deflect","floor":8.0},{"not_picked":["Backflip","Setup"],"picked":"Bouncing Flask","floor":10.0},{"not_picked":["Sucker Punch","Masterful Stab"],"picked":"Cloak And Dagger","floor":12.0},{"not_picked":["Blur","Footwork"],"picked":"Accuracy","floor":13.0},{"not_picked":["Glass Knife","Storm of Steel"],"picked":"Adrenaline","floor":16.0},{"not_picked":["Escape Plan+1","Dagger Throw","Footwork"],"picked":"SKIP","floor":18.0},{"not_picked":["Slice+1","Quick Slash"],"picked":"Dagger Spray+1","floor":19.0},{"not_picked":["Reflex","PiercingWail"],"picked":"Bouncing Flask","floor":24.0},{"not_picked":["Masterful Stab+1","Predator"],"picked":"Noxious Fumes+1","floor":25.0},{"not_picked":["Masterful Stab","Setup"],"picked":"Deadly Poison","floor":27.0},{"not_picked":["Cloak And Dagger+1","Noxious Fumes"],"picked":"Bane","floor":28.0},{"not_picked":["Bane","Dagger Spray"],"picked":"Blade Dance+1","floor":30.0},{"not_picked":["Poisoned Stab","Underhanded Strike"],"picked":"Tools of the Trade","floor":32.0},{"not_picked":["Doppelganger","Grand Finale"],"picked":"Burst","floor":33.0},{"not_picked":["Deadly Poison+1","Acrobatics"],"picked":"PiercingWail+1","floor":35.0},{"not_picked":["Flechettes+1","Bane"],"picked":"Deflect+1","floor":38.0},{"not_picked":["Crippling Poison+1","Escape Plan","Sucker Punch"],"picked":"SKIP","floor":39.0},{"not_picked":["Setup+1","Tactician","Prepared"],"picked":"SKIP","floor":42},{"not_picked":["PiercingWail+1","Dagger Spray","Dagger Throw+1"],"picked":"SKIP","floor":45},{"not_picked":["Flying Knee","Underhanded Strike+1"],"picked":"Unload","floor":47}],"player_experience":284892,"relics_obtained":[{"floor":6.0,"key":"Incense Burner"},{"floor":9.0,"key":"Smiling Mask"},{"floor":10.0,"key":"Toy Ornithopter"},{"floor":20.0,"key":"Necronomicon"},{"floor":21.0,"key":"Oddly Smooth Stone"},{"floor":24.0,"key":"Pen Nib"},{"floor":26.0,"key":"Dream Catcher"}],"event_choices":[{"damage_healed":0.0,"max_hp_gain":0.0,"max_hp_loss":0.0,"gold_gain":0.0,"event_name":"Big Fish","player_choice":"Box","floor":2.0,"gold_loss":0.0,"damage_taken":0.0,"relics_obtained":["Ninja Scroll"],"cards_obtained":["Regret"]},{"damage_healed":0.0,"max_hp_gain":0.0,"max_hp_loss":0.0,"gold_gain":175.0,"event_name":"Liars Game","player_choice":"AGREE","floor":3.0,"gold_loss":0.0,"damage_taken":0.0,"cards_obtained":["Doubt"]},{"damage_healed":0.0,"max_hp_gain":0.0,"max_hp_loss":0.0,"gold_gain":0.0,"event_name":"Scrap Ooze","player_choice":"Success","floor":5.0,"gold_loss":0.0,"damage_taken":25.0,"relics_obtained":["MealTicket"]},{"cards_removed":["Doubt"],"damage_healed":0.0,"max_hp_gain":0.0,"max_hp_loss":0.0,"gold_gain":0.0,"event_name":"Golden Wing","player_choice":"Card Removal","floor":14.0,"gold_loss":0.0,"damage_taken":7.0},{"damage_healed":0.0,"max_hp_gain":0.0,"max_hp_loss":0.0,"gold_gain":0.0,"event_name":"Cursed Tome","player_choice":"Obtained Book","floor":20.0,"gold_loss":0.0,"damage_taken":16.0},{"damage_healed":0.0,"max_hp_gain":0.0,"max_hp_loss":0.0,"gold_gain":0.0,"event_name":"Wheel of Change","player_choice":"Relic","floor":21.0,"gold_loss":0.0,"damage_taken":0.0},{"damage_healed":0.0,"max_hp_gain":0.0,"max_hp_loss":0.0,"gold_gain":0.0,"event_name":"Vampires","player_choice":"Ignored","floor":31.0,"gold_loss":0.0,"damage_taken":0.0},{"damage_healed":0.0,"max_hp_gain":0.0,"max_hp_loss":0.0,"gold_gain":0.0,"cards_transformed":["Strike_G"],"event_name":"Transmorgrifier","player_choice":"Transformed","floor":36.0,"gold_loss":0.0,"damage_taken":0.0,"cards_obtained":["Riddle With Holes"]},{"damage_healed":0,"gold_gain":0,"player_choice":"Got Potions","damage_taken":0,"max_hp_gain":0,"max_hp_loss":0,"event_name":"Lab","floor":41,"gold_loss":0}],"is_beta":false,"boss_relics":[{"not_picked":["Tiny House","SacredBark"],"picked":"Runic Pyramid"},{"not_picked":["Calling Bell","Snecko Eye"],"picked":"Empty Cage"}],"items_purged_floors":[4,29,37],"is_endless":false,"potions_floor_spawned":[1,6,8,10,18,25,28,30,42],"killed_by":"Writhing Mass","ascension_level":3}}