{"host":"2820e8i2y38gm4bp","time":1609296097,"event":{"mods":["2.2 Compatiblity","Act Like it!","BaseMod","Better Note","BetterRewards","Downfall","Elementarium","Gensokyo","GungeonMod","Hallownest","Hubris","Marisa????????","Minty Spire (QoL Compilation)","Potionbrewer","Rare Cards Sparkle","Replay The Spire","Shop Mod","StSLib","The Bug Knight","The Jungle"],"gold_per_floor":[99,118,132,150,250,39,39,53,53,65,65,92,92,105,116,220,220,145,161,181,197,28,39,39,39,39,39,39,39,39,39],"floor_reached":29,"playtime":1595,"items_purged":[],"score":217,"play_id":"37b06503-d934-4054-970e-a49caef41f0d","local_time":"20201229214137","is_ascension_mode":false,"campfire_choices":[{"data":"Slimebound:Split","floor":1,"key":"SMITH"},{"data":"Slimebound:AcidTongue","floor":9,"key":"SMITH"},{"data":"Slimebound:SlimeSlap","floor":11,"key":"SMITH"},{"floor":13,"key":"RECALL"},{"floor":18,"key":"DIG"},{"data":"Slimebound:PrepareCrush","floor":25,"key":"SMITH"},{"data":"Slimebound:PrepareCrush","floor":28,"key":"SMITH"}],"circlet_count":0,"master_deck":["Slimebound:Strike_Slimebound","Slimebound:Strike_Slimebound","Slimebound:Strike_Slimebound","Slimebound:Tackle","Slimebound:Defend_Slimebound","Slimebound:Defend_Slimebound","Slimebound:Defend_Slimebound","Slimebound:Defend_Slimebound","Slimebound:Split+1","Slimebound:CorrosiveSpit","Slimebound:MassRepurpose","Slimebound:SplitAcid","Slimebound:Schlurp","Slimebound:LeechEnergy","Slimebound:SlimeSlap+1","Slimebound:SplitMire","Slimebound:AcidTongue+1","Slimebound:Repurpose","Slimebound:RainOfGoop","Slimebound:SamplingLick","Slimebound:PrepareCrush+1","Slimebound:ViciousTackle","Slimebound:Nibble","Slimebound:Nibble+1","Slimebound:SplitLeeching+1","Slimebound:PrepareCrush+1"],"relics":["Slimebound:AbsorbEndCombat","hubris:Potato","hubris:OldNail","potionbrewer:BhaskarasWheel","downfall:HeartBlessingRed","Centennial Puzzle","DemoMod:MeatBun","DemoMod:GlassGuonStoneRelic","hubris:BottledRain","hubris:Towel"],"acts_visited":["Exordium","TheCity"],"potions_floor_usage":[16,16,21],"damage_taken":[{"damage":9,"enemies":"Cultist","floor":2,"turns":4},{"damage":14,"enemies":"Small Slimes","floor":3,"turns":4},{"damage":21,"enemies":"Jaw Worm","floor":4,"turns":3},{"damage":16,"enemies":"downfall:FleeingMerchant","floor":6,"turns":4},{"damage":10,"enemies":"Exordium Thugs","floor":8,"turns":4},{"damage":8,"enemies":"Red Slaver","floor":10,"turns":2},{"damage":8,"enemies":"Exordium Wildlife","floor":14,"turns":3},{"damage":2,"enemies":"3 Louse","floor":15,"turns":2},{"damage":36,"enemies":"downfall:Watcher","floor":16,"turns":6},{"damage":28,"enemies":"Shell Parasite","floor":19,"turns":3},{"damage":30,"enemies":"3 Byrds","floor":20,"turns":5},{"damage":34,"enemies":"Cultist and Chosen","floor":21,"turns":6},{"damage":11,"enemies":"downfall:FleeingMerchant","floor":22,"turns":4},{"damage":25,"enemies":"Shelled Parasite and Fungi","floor":23,"turns":4},{"damage":0,"enemies":"Sentry and Sphere","floor":29,"turns":1}],"seed_played":"-4508732036548534064","potions_obtained":[{"floor":3,"key":"Explosive Potion"},{"floor":10,"key":"SpeedPotion"},{"floor":14,"key":"Explosive Potion"},{"floor":20,"key":"Elixir"}],"is_trial":false,"path_per_floor":["R","M","M","M","?","$","T","M","R","M","R","T","R","M","M","B",null,"R","M","M","M","$","M","T","R","?","?","R","M"],"character_chosen":"SLIMEBOUND","items_purchased":["Slimebound:SplitMire","Slimebound:AcidTongue","Slimebound:Repurpose","DemoMod:MeatBun"],"campfire_rested":0,"item_purchase_floors":[6,6,6,22],"current_hp_per_floor":[60,60,58,54,54,60,60,60,60,60,60,60,60,60,60,40,60,60,60,56,39,60,56,56,56,56,56,56,56,56,56],"gold":39,"neow_bonus":"ONE_RANDOM_RARE_CARD","is_daily":false,"chose_seed":false,"campfire_upgraded":5,"win_rate":0.0,"timestamp":1609296097,"path_taken":["R","M","?","M","?","$","T","M","R","?","R","?","R","M","M","BOSS","R","M","M","M","$","M","T","R","?","?","R","M"],"items_purchased_type":["Card","Card","Card","Relic"],"build_version":"2020-12-22","purchased_purges":0,"victory":false,"max_hp_per_floor":[60,60,60,60,60,60,60,60,60,60,60,60,60,60,60,60,60,60,60,60,60,60,60,60,60,60,60,60,60,60,60],"card_choices":[{"not_picked":["Slimebound:Gluttony","Slimebound:FlameTackle"],"picked":"Slimebound:SplitAcid","floor":2},{"not_picked":["Slimebound:SlimeBarrage","Slimebound:RollThrough"],"picked":"Slimebound:Schlurp","floor":3},{"not_picked":["Slimebound:LeechingTouch","Slimebound:AcidTongue"],"picked":"Slimebound:LeechEnergy","floor":4},{"not_picked":["Slimebound:SlimeBrawl","Slimebound:TongueLash"],"picked":"Slimebound:SlimeSlap","floor":6},{"not_picked":["Slimebound:LeechingTouch","Slimebound:SplitAcid"],"picked":"Slimebound:RainOfGoop","floor":8},{"not_picked":["Slimebound:GoopSpray","Slimebound:SlimeSpikes","Slimebound:LeechingTouch"],"picked":"SKIP","floor":10},{"not_picked":["Slimebound:PressTheAttack","Slimebound:SlimeSpikes","Slimebound:Schlurp"],"picked":"SKIP","floor":14},{"not_picked":["Slimebound:TongueLash","Slimebound:RejuvenatingLick"],"picked":"Slimebound:SamplingLick","floor":15},{"not_picked":["Slimebound:OneTwoCombo","Slimebound:Teamwork"],"picked":"Slimebound:PrepareCrush","floor":16},{"not_picked":["Slimebound:SamplingLick","Slimebound:SlimeBrawl+1"],"picked":"Slimebound:ViciousTackle","floor":19},{"not_picked":["Slimebound:SpikyOuterGoop","Slimebound:RollThrough"],"picked":"Slimebound:Nibble","floor":20},{"not_picked":["Slimebound:RollThrough+1","Slimebound:GrowthPunch"],"picked":"Slimebound:Nibble+1","floor":21},{"not_picked":["Slimebound:SplitMire","Slimebound:FlameTackle"],"picked":"Slimebound:SplitLeeching+1","floor":22},{"not_picked":["Slimebound:Gluttony","Slimebound:SpikyOuterGoop"],"picked":"Slimebound:PrepareCrush","floor":23}],"player_experience":496591,"relics_obtained":[{"floor":7,"key":"hubris:Potato"},{"floor":12,"key":"hubris:OldNail"},{"floor":18,"key":"Centennial Puzzle"},{"floor":24,"key":"hubris:BottledRain"}],"event_choices":[{"cards_removed":["Slimebound:PrepareCrush"],"damage_healed":0,"gold_gain":0,"player_choice":"Give","damage_taken":0,"max_hp_gain":0,"max_hp_loss":0,"event_name":"betterNote:BetterNote","floor":26,"gold_loss":0,"cards_obtained":["Ball Lightning"]}],"is_beta":false,"boss_relics":[{"not_picked":["hubris:RunicObelisk","Philosopher\u0027s Stone"],"picked":"potionbrewer:BhaskarasWheel"}],"items_purged_floors":[],"is_endless":false,"potions_floor_spawned":[3,10,14,20],"killed_by":"Sentry and Sphere","ascension_level":0}}