{"host":"dwyzfvnzfcqffr30","time":1609360479,"event":{"mods":["2.2 Compatiblity","Act Like it!","BaseMod","Beaked The Cultist","Better Altar","Better Match","Better Note","Better Sensory Stone","Better Skull","Better Third Choice","Clockwork Mod","Colored Map","Colored Powertips","Conspire","Downfall","Elementarium","GifTheSpireLib","Halation","Hermit","Hubris","Infinite Spire","Ironclad Rager","Jedi Mod","Menagerie","Mimic Mod","Minty Spire (QoL Compilation)","Permanent Neow","Random Character Button","Replay The Spire","Spicy Shops","StSLib","Stuff the Spire","The Construct","The Disciple","The Druid","The Marked","TheFirefly","Trackpad","vexMod"],"gold_per_floor":[444,444,11,11,11,11,40,40,40,40,78,78,98,132,132,239,239,275,275,275,275,138,178,178,222,275,328,70,83,83,106,106,214,214,248,298,298,99,116,150,150,194,194,194,239,268,268,268,268,268,268,268,0,29,29],"floor_reached":56,"playtime":8015,"items_purged":["Delirium","Delirium","hubris:SlightOfHand+1","StuffTheSpire:Brawn+1"],"score":2269,"play_id":"5628f09b-a7d7-4ad9-bf7a-405d6012b1c2","local_time":"20201230123439","is_ascension_mode":true,"campfire_choices":[{"floor":6,"key":"REST"},{"floor":8,"key":"REST"},{"floor":12,"key":"REST"},{"floor":15,"key":"RECALL"},{"floor":24,"key":"REST"},{"data":"StuffTheSpire:Brawn","floor":30,"key":"SMITH"},{"floor":32,"key":"DIG"},{"floor":41,"key":"DIG"},{"floor":44,"key":"DIG"},{"floor":49,"key":"REST"},{"floor":52,"key":"DIG"}],"circlet_count":0,"master_deck":["AscendersBane","beaked:CrazyRituals+1","Survivor+1","Neutralize+1","Poisoned Stab+1","Poisoned Stab+1","Poisoned Stab+1","Poisoned Stab+1","Poisoned Stab+1","Dodge and Roll+1","Dodge and Roll+1","Dodge and Roll+1","Dodge and Roll+1","Dodge and Roll+1","MasterReality+1","Toxin Wave+1","jedi:poisonivy+1","StuffTheSpire:Shiver+1","infinitespire:Neurotoxin+1","Accuracy+1","Adrenaline+1","Envenom+1","ReplayTheSpireMod:Black Plague+1","StuffTheSpire:Sprint+1","Caltrops+1","After Image+1","jedi:studypoison+1","Distraction+1","Accuracy+1","Panacea+1","jedi:studyshivs+1","Fluid Movement+1"],"relics":["Ring of the Snake","infinitespire:EvilPickle","Bottled Tornado","Juzu Bracelet","Smiling Mask","jedi:cryingmask","Quantum Egg","Frozen Egg 2","Molten Egg 2","Toxic Egg 2","hubris:EvacipatedBox","Menagerie:ShiftingBlessing","Medical Kit","Potion Belt","Ring of Panic","Ring of Misfortune","trackpad:Mousetrap","Mummified Hand","hubris:TenFootPole","jedi:archwizardhat","MealTicket","hubris:Backtick","Snake Skull","trackpad:ByrdBGone","Shuriken","Shovel","vexMod:BarristanHead","Bag of Marbles","Replay:Bottled Snecko","beaked:SacredDeck","halation:PenCase","sneckomod:BlankCard","Snack Pack","Strawberry","jedi:firstaidkit","infinitespire:WardingShard","Replay:Rubber Ducky","Eternal Feather","vexMod:FocusSash","trackpad:SappingStone"],"acts_visited":["Menagerie:Menagerie","TheCity","TheBeyond","TheEnding"],"potions_floor_usage":[16,18,23,23,33,35,46,50,54,55],"damage_taken":[{"damage":0,"enemies":"Menagerie:MonstrousExperiment","floor":1,"turns":3},{"damage":0,"enemies":"Menagerie:MaskedSummoner","floor":7,"turns":5},{"damage":9,"enemies":"Menagerie:VoidReaper","floor":11,"turns":1},{"damage":0,"enemies":"Menagerie:2_RABBITS","floor":13,"turns":2},{"damage":0,"enemies":"Menagerie:MaskedSummoner","floor":14,"turns":4},{"damage":1,"enemies":"Menagerie:Chimera","floor":16,"turns":4},{"damage":0,"enemies":"3 Byrds","floor":18,"turns":2},{"damage":11,"enemies":"Slavers","floor":23,"turns":4},{"damage":0,"enemies":"Gremlin Leader","floor":25,"turns":4},{"damage":5,"enemies":"Book of Stabbing","floor":27,"turns":2},{"damage":10,"enemies":"2 Thieves","floor":29,"turns":2},{"damage":6,"enemies":"Centurion and Healer","floor":31,"turns":3},{"damage":0,"enemies":"Collector","floor":33,"turns":4},{"damage":9,"enemies":"3 Shapes","floor":35,"turns":4},{"damage":0,"enemies":"Mind Bloom Boss Battle","floor":36,"turns":4},{"damage":3,"enemies":"Orb Walker","floor":39,"turns":2},{"damage":0,"enemies":"Nemesis","floor":40,"turns":3},{"damage":0,"enemies":"Giant Head","floor":42,"turns":4},{"damage":0,"enemies":"Nemesis","floor":45,"turns":3},{"damage":8,"enemies":"3 Darklings","floor":46,"turns":2},{"damage":42,"enemies":"Awakened One","floor":50,"turns":9},{"damage":0,"enemies":"Shield and Spear","floor":54,"turns":3},{"damage":81,"enemies":"The Heart","floor":55,"turns":6}],"seed_played":"-9082810180156195967","potions_obtained":[{"floor":11,"key":"FearPotion"},{"floor":16,"key":"Dexterity Potion"},{"floor":18,"key":"PowerPotion"},{"floor":33,"key":"Weak Potion"},{"floor":35,"key":"LiquidBronze"}],"is_trial":false,"path_per_floor":["M","?","$","?","?","R","E","R","T","?","E","R","M","E","R","B",null,"M","?","?","?","?","E","R","E","T","E","$","M","R","M","R_BF","B",null,"M","?","?","$","M","E","R","E","T","R","E","M","?","AVR","R","B",null,"R","$","E","B",null],"character_chosen":"THE_SILENT","items_purchased":["jedi:poisonivy+1","Medical Kit","Potion Belt","Bag of Marbles","Elixir","Dexterity Potion","Accuracy+1","Panacea+1","Fluid Movement+1","vexMod:FocusSash","jedi:StrikingPotion"],"campfire_rested":5,"item_purchase_floors":[3,3,3,28,28,28,38,38,53,53,53],"current_hp_per_floor":[45,36,36,36,36,54,54,63,63,49,40,58,58,58,58,57,62,62,62,55,55,55,44,62,62,62,57,68,58,58,52,52,52,64,55,55,48,63,60,60,67,71,71,71,71,67,67,67,75,75,75,75,75,75,19],"gold":29,"neow_bonus":"SILENT_ASSASSIN","is_daily":false,"chose_seed":false,"campfire_upgraded":1,"win_rate":0.0,"timestamp":1609360479,"path_taken":["M","?","$","?","?","R","E","R","T","?","E","R","M","E","R","BOSS","M","?","?","?","?","E","R","E","T","E","$","M","R","M","R_BF","BOSS","M","?","?","$","M","E","R","E","T","R","E","M","?","AVR","R","BOSS","R","$","E","BOSS"],"items_purchased_type":["Card","Relic","Relic","Relic","Potion","Potion","Card","Card","Card","Relic","Potion"],"build_version":"2020-12-22","purchased_purges":4,"victory":true,"max_hp_per_floor":[63,63,63,63,63,63,63,63,63,63,63,63,63,63,63,63,63,63,63,63,63,63,63,63,63,63,63,68,68,68,68,68,68,68,68,68,68,68,68,68,75,75,75,75,75,75,75,75,75,75,75,75,75,75,75],"card_choices":[{"not_picked":["hubris:Counter+1","Terror+1"],"picked":"Toxin Wave+1","floor":1},{"not_picked":["Concentrate+1","jedi:poisonivy+1"],"picked":"infinitespire:Neurotoxin+1","floor":7},{"not_picked":["Poisoned Stab+1","StuffTheSpire:ClusterCrunch+1"],"picked":"Accuracy+1","floor":11},{"not_picked":["Dash+1","StuffTheSpire:Incursion+1"],"picked":"Adrenaline+1","floor":13},{"not_picked":["Prepared+1","StuffTheSpire:ReptileScales+1"],"picked":"hubris:SlightOfHand+1","floor":14},{"not_picked":["Night Terror+1","Burst+1"],"picked":"Envenom+1","floor":16},{"not_picked":["StuffTheSpire:ClusterCrunch+1","Riddle With Holes+1","hubris:Counter+1"],"picked":"SKIP","floor":18},{"not_picked":["infinitespire:UltimateForm","ReplayTheSpireMod:??????????????????????"],"picked":"ReplayTheSpireMod:Black Plague","floor":20},{"not_picked":["Heel Hook+1","Poisoned Stab+1","Backflip+1"],"picked":"SKIP","floor":23},{"not_picked":["Tactician+1","hubris:TrickCloak+1","Acrobatics+1"],"picked":"SKIP","floor":25},{"not_picked":["Deflect+1","Cloak And Dagger+1"],"picked":"StuffTheSpire:Sprint+1","floor":27},{"not_picked":["Outmaneuver+1","Escape Plan+1"],"picked":"Caltrops+1","floor":29},{"not_picked":["Outmaneuver+1","PiercingWail+1","Bane+1"],"picked":"SKIP","floor":31},{"not_picked":["StuffTheSpire:FinalStruggle+1","Bullet Time+1"],"picked":"After Image+1","floor":33},{"not_picked":["Hidden Blade+1","Dash+1","Dodge and Roll+1"],"picked":"SKIP","floor":35},{"not_picked":["Quick Slash+1","Slice+1"],"picked":"Distraction+1","floor":36},{"not_picked":["Backflip+1","Blade Dance+1","StuffTheSpire:Repulse+1"],"picked":"SKIP","floor":39},{"not_picked":["StuffTheSpire:BrimstoneBlast+1","Hidden Blade+1"],"picked":"jedi:studyshivs+1","floor":40},{"not_picked":["Poisoned Stab+1","Quick Slash+1","Sneak Up+1"],"picked":"SKIP","floor":42},{"not_picked":["Underhanded Strike+1","Infinite Blades+1","hubris:SlightOfHand+1"],"picked":"SKIP","floor":45},{"not_picked":["Deadly Poison+1","Deflect+1","Prepared+1"],"picked":"SKIP","floor":46},{"not_picked":["jedi:pocketpoison+1","Flechettes+1","Underhanded Strike+1"],"picked":"SKIP","floor":54}],"player_experience":2547962,"relics_obtained":[{"floor":5,"key":"Ring of Panic"},{"floor":5,"key":"Ring of Misfortune"},{"floor":7,"key":"trackpad:Mousetrap"},{"floor":9,"key":"Mummified Hand"},{"floor":11,"key":"jedi:archwizardhat"},{"floor":14,"key":"MealTicket"},{"floor":23,"key":"Shuriken"},{"floor":25,"key":"Shovel"},{"floor":27,"key":"vexMod:BarristanHead"},{"floor":32,"key":"Replay:Bottled Snecko"},{"floor":36,"key":"halation:PenCase"},{"floor":40,"key":"Snack Pack"},{"floor":41,"key":"Strawberry"},{"floor":42,"key":"jedi:firstaidkit"},{"floor":44,"key":"infinitespire:WardingShard"},{"floor":52,"key":"Eternal Feather"},{"floor":54,"key":"trackpad:SappingStone"}],"event_choices":[{"damage_healed":0,"gold_gain":0,"player_choice":"Simplicity","damage_taken":0,"max_hp_gain":0,"max_hp_loss":10,"event_name":"betterThird:BetterWriting","floor":0,"gold_loss":0},{"damage_healed":0,"gold_gain":0,"player_choice":"Touch","damage_taken":9,"relics_obtained":["Menagerie:ShiftingBlessing"],"max_hp_gain":0,"max_hp_loss":0,"event_name":"Menagerie:LunarGift","floor":2,"gold_loss":0},{"damage_healed":0,"gold_gain":0,"player_choice":"RE ","damage_taken":17,"relics_obtained":["hubris:TenFootPole"],"max_hp_gain":0,"max_hp_loss":0,"event_name":"betterSkull:BetterSkull","floor":10,"gold_loss":0,"cards_upgraded":[]},{"damage_healed":0,"gold_gain":0,"player_choice":"Fight","damage_taken":0,"max_hp_gain":0,"max_hp_loss":0,"event_name":"MindBloom","floor":36,"gold_loss":0},{"damage_healed":0,"gold_gain":0,"player_choice":"Ignored","damage_taken":0,"max_hp_gain":0,"max_hp_loss":0,"event_name":"Purifier","floor":47,"gold_loss":0}],"is_beta":false,"boss_relics":[{"not_picked":["Kintsugi","halation:SmartPhone","conspire:SlowCooker"],"picked":"hubris:Backtick"},{"not_picked":["halation:Risk","vexMod:BigBerry","halation:LoveArrow"],"picked":"beaked:SacredDeck"}],"items_purged_floors":[3,28,28,38],"is_endless":false,"potions_floor_spawned":[11,16,18,31,33,35,39,40,42],"ascension_level":12}}