{"host":"sav7uxregyirlf69","time":1609308603,"event":{"mods":["AchievementEnabler","BaseMod","Colored Map","DeckTracker","Keyboard Shortcuts","Minty Spire (QoL Compilation)","READ ME - Guardian Mod","StSLib","SuperFastMode"],"gold_per_floor":[115,190,203,214,228,259,272,272,348,195,221,231,231,243,243,243,243],"floor_reached":16,"playtime":330,"items_purged":["Strike_G"],"score":228,"play_id":"979fc223-67f4-45ed-b80d-031466c16443","local_time":"20201230151003","is_ascension_mode":true,"campfire_choices":[{"floor":8,"key":"REST"},{"data":"Poisoned Stab","floor":15,"key":"SMITH"}],"circlet_count":0,"master_deck":["AscendersBane","Strike_G","Strike_G","Strike_G","Defend_G","Defend_G","Defend_G","Defend_G","Defend_G","Survivor","Neutralize","Poisoned Stab","Crippling Poison","Dagger Throw","Footwork","Poisoned Stab+1","Heel Hook","PiercingWail","Backstab"],"relics":["Ring of the Snake","PreservedInsect","Happy Flower","Thread and Needle"],"acts_visited":["Exordium"],"potions_floor_usage":[6,11,14,16],"damage_taken":[{"damage":6,"enemies":"Jaw Worm","floor":1,"turns":6},{"damage":8,"enemies":"Small Slimes","floor":3,"turns":4},{"damage":1,"enemies":"2 Louse","floor":4,"turns":4},{"damage":0,"enemies":"Looter","floor":5,"turns":4},{"damage":22,"enemies":"Lagavulin","floor":6,"turns":9},{"damage":3,"enemies":"3 Louse","floor":7,"turns":3},{"damage":7,"enemies":"3 Sentries","floor":11,"turns":6},{"damage":0,"enemies":"Blue Slaver","floor":12,"turns":3},{"damage":3,"enemies":"Large Slime","floor":14,"turns":6},{"damage":16,"enemies":"Hexaghost","floor":16,"turns":10}],"seed_played":"-8101651033149855606","potions_obtained":[{"floor":3,"key":"Dexterity Potion"},{"floor":5,"key":"EssenceOfSteel"},{"floor":6,"key":"Fire Potion"},{"floor":14,"key":"Fruit Juice"}],"is_trial":false,"path_per_floor":["M","?","M","M","M","E","M","R","T","$","E","M","?","M","R","B"],"character_chosen":"THE_SILENT","items_purchased":["Heel Hook"],"campfire_rested":1,"item_purchase_floors":[10],"current_hp_per_floor":[53,42,34,33,33,11,8,27,27,27,20,20,13,10,10,0,0],"gold":243,"neow_bonus":"RANDOM_COMMON_RELIC","is_daily":false,"chose_seed":false,"campfire_upgraded":1,"win_rate":0.0,"timestamp":1609308603,"path_taken":["M","?","M","M","M","E","M","R","T","$","E","M","?","M","R","BOSS"],"items_purchased_type":["Card"],"build_version":"2020-12-22","purchased_purges":1,"victory":false,"max_hp_per_floor":[66,66,66,66,66,66,66,66,66,66,66,66,66,66,66,71,71],"card_choices":[{"not_picked":["Prepared","Sucker Punch","Outmaneuver"],"picked":"SKIP","floor":1},{"not_picked":["PiercingWail","Bane"],"picked":"Poisoned Stab","floor":3},{"not_picked":["Flying Knee","Heel Hook"],"picked":"Crippling Poison","floor":4},{"not_picked":["Quick Slash","Footwork"],"picked":"Dagger Throw","floor":5},{"not_picked":["Expertise","Cloak And Dagger"],"picked":"Footwork","floor":6},{"not_picked":["Prepared","Quick Slash"],"picked":"Poisoned Stab","floor":7},{"not_picked":["Grand Finale","Masterful Stab"],"picked":"PiercingWail","floor":11},{"not_picked":["Eviscerate","Choke","Deflect"],"picked":"SKIP","floor":12},{"not_picked":["Acrobatics","Slice"],"picked":"Backstab","floor":14}],"player_experience":1066274,"relics_obtained":[{"floor":6,"key":"Happy Flower"},{"floor":11,"key":"Thread and Needle"}],"event_choices":[{"damage_healed":0,"gold_gain":75,"player_choice":"Gather Gold","damage_taken":11,"max_hp_gain":0,"max_hp_loss":0,"event_name":"World of Goop","floor":2,"gold_loss":0},{"cards_removed":["Strike_G"],"damage_healed":0,"gold_gain":0,"player_choice":"Card Removal","damage_taken":7,"max_hp_gain":0,"max_hp_loss":0,"event_name":"Golden Wing","floor":13,"gold_loss":0}],"is_beta":false,"boss_relics":[],"items_purged_floors":[10],"is_endless":false,"potions_floor_spawned":[3,5,6,14],"killed_by":"Hexaghost","ascension_level":20}}