{"host":"ixqzyafodex1tsi5","time":1609321123,"event":{"mods":["AchievementEnabler","Act Like it!","BaseMod","Downfall","Gensokyo","GifTheSpireLib","Lobotomy","LobotomyExtend","Minty Spire (QoL Compilation)","Relic Stats","Replay The Spire","RumiaBox-露米娅的神秘盒子","Spicy Shops","StSLib","【功能Mod】混沌之环修复补丁"],"gold_per_floor":[119,129,146,161,177,212,222,222,270,270,282,282,298,333,333,438,438,456,476,476,490,510,510,522,535,590,604,618,72,792,826,826,922,922,933,27,27,27,37,37,69,69,122,161,187,224,224,274,274,316],"floor_reached":51,"playtime":2772,"items_purged":["TrainingCode","ExtractionCode","SpecialBullet"],"score":1109,"play_id":"44fd3ea8-3f95-4b1b-b2cb-2c3b4dbb084d","local_time":"20201230173843","is_ascension_mode":true,"campfire_choices":[{"data":"InformationCode","floor":15.0,"key":"PURGE"},{"floor":23.0,"key":"RECALL"},{"floor":49.0,"key":"REST"}],"circlet_count":0,"master_deck":["DespairKnight","Mercenary","SpecialBullet","SpecialBullet","SpecialBullet","SpecialBullet","SpecialBullet","SpecialBullet","SpecialBullet","SecurityCode","CENSORED_ego+1","Woodsman","BlueStar","Lamp+20","GoldRush+1","GreenStem+1","LifeForTheDareDevil+1","FeatherOfHonor+1","CrumblingArmor","Mimicry+1","RedShoes","Twilight+1","BigBird","BlueStar","MagicBullet+1","GoldRush+1","LongBird","Twilight+1","DisciplinaryCode","Moonlight+1","GoldRush+1"],"relics":["CogitoBucket","LetterFromLob","Mummified Hand","LuminousBracelet","Replay:Baseball","Abe\u0027s Treasure","SkinProphecy","AtMidnight","AdjustmentMirror","DollysMirror","Calipers","Toxic Egg 2","ReplayTheSpireMod:DimensionalGlitch","Strange Spoon","Bag of Preparation","Ornamental Fan","Sling","Ring of Fangs","Ring of Searing","WantedRequest","CrimsonScar_r","SwordSharpenedByTears_r","SSSystem","Replay:Bandana","Replay:Bottled Steam"],"acts_visited":["Exordium","TheCity","TheBeyond"],"potions_floor_usage":[50,50,51],"damage_taken":[{"damage":12.0,"enemies":"Jaw Worm","floor":1.0,"turns":2.0},{"damage":12.0,"enemies":"2 Louse","floor":2.0,"turns":3.0},{"damage":6.0,"enemies":"Cultist","floor":3.0,"turns":3.0},{"damage":14.0,"enemies":"Gremlin Gang","floor":4.0,"turns":4.0},{"damage":12.0,"enemies":"Looter","floor":5.0,"turns":3.0},{"damage":40.0,"enemies":"Lagavulin","floor":6.0,"turns":4.0},{"damage":42.0,"enemies":"Lots of Slimes","floor":7.0,"turns":3.0},{"damage":3.0,"enemies":"Exordium Wildlife","floor":11.0,"turns":2.0},{"damage":41.0,"enemies":"Red Slaver","floor":13.0,"turns":4.0},{"damage":18.0,"enemies":"3 Sentries","floor":14.0,"turns":4.0},{"damage":0.0,"enemies":"Slime Boss","floor":16.0,"turns":2.0},{"damage":0.0,"enemies":"Spheric Guardian","floor":18.0,"turns":3.0},{"damage":44.0,"enemies":"3 Byrds","floor":19.0,"turns":4.0},{"damage":16.0,"enemies":"Snake Plant","floor":21.0,"turns":2.0},{"damage":6.0,"enemies":"Centurion and Healer","floor":22.0,"turns":7.0},{"damage":10.0,"enemies":"Chosen and Byrds","floor":24.0,"turns":4.0},{"damage":20.0,"enemies":"Snecko","floor":25.0,"turns":6.0},{"damage":4.0,"enemies":"Cultist and Chosen","floor":27.0,"turns":3.0},{"damage":12.0,"enemies":"Sentry and Sphere","floor":28.0,"turns":3.0},{"damage":0.0,"enemies":"Book of Stabbing","floor":31.0,"turns":1.0},{"damage":0.0,"enemies":"Champ","floor":33.0,"turns":3.0},{"damage":11.0,"enemies":"3 Shapes","floor":35.0,"turns":3.0},{"damage":9.0,"enemies":"Orb Walker","floor":39.0,"turns":2.0},{"damage":120.0,"enemies":"Reptomancer","floor":41.0,"turns":6.0},{"damage":6.0,"enemies":"Spire Growth","floor":44.0,"turns":2.0},{"damage":10.0,"enemies":"Writhing Mass","floor":45.0,"turns":1.0},{"damage":0.0,"enemies":"Nemesis","floor":46.0,"turns":1.0},{"damage":6.0,"enemies":"Transient","floor":48.0,"turns":3.0},{"damage":8,"enemies":"Replay:Hell Engine","floor":50,"turns":2},{"damage":14,"enemies":"Malkuth","floor":51,"turns":3},{"damage":20,"enemies":"Yesod","floor":51,"turns":3},{"damage":50,"enemies":"Chesed","floor":51,"turns":3},{"damage":147,"enemies":"Binah","floor":51,"turns":8},{"damage":62,"enemies":"Angela","floor":51,"turns":4}],"seed_played":"-8696014570892439285","potions_obtained":[{"floor":16.0,"key":"Fire Potion"},{"floor":28.0,"key":"SteroidPotion"},{"floor":33.0,"key":"Energy Potion"},{"floor":44.0,"key":"Toxic Potion"},{"floor":48.0,"key":"SteroidPotion"}],"is_trial":false,"path_per_floor":["M","M","M","M","M","E","M","R","T","R","M","R","M","E","R","B",null,"M","M","?","M","M","R","M","M","T","M","M","$","?","E","R","B",null,"M","$","?","?","M","R","E","$","T","M","M","E","R","M","R","B",null],"character_chosen":"Angela","items_purchased":["DollysMirror","Calipers","GoldRush+1","Strange Spoon","Bag of Preparation","Ornamental Fan","Sling"],"campfire_rested":1,"item_purchase_floors":[29,29,36,36,36,36,36],"current_hp_per_floor":[45,53,61,70,70,44,49,49,49,49,70,70,49,63,63,73,89,93,95,95,81,86,86,87,108,108,111,108,112,24,30,30,32,125,127,127,127,127,129,129,61,61,61,56,51,50,50,44,86,76],"gold":596,"neow_bonus":"THREE_RARE_CARDS","is_daily":false,"chose_seed":false,"campfire_upgraded":0,"win_rate":0.0,"timestamp":1609321123,"path_taken":["M","M","M","M","M","E","M","R","T","R","M","R","M","E","R","BOSS","M","M","?","?","?","R","M","M","T","M","M","?","?","E","R","BOSS","M","?","?","?","M","R","E","?","T","M","M","E","R","M","R","BOSS"],"items_purchased_type":["Relic","Relic","Card","Relic","Relic","Relic","Relic"],"build_version":"2020-12-22","purchased_purges":3,"victory":true,"max_hp_per_floor":[70,70,70,70,70,70,85,85,85,85,85,85,85,85,85,89,89,93,95,95,97,99,99,101,109,109,111,113,117,117,123,123,125,125,127,127,127,127,133,133,135,135,135,137,139,141,141,143,143,147],"relic_stats":{"Strange Spoon":[1],"counters":[38,115],"Mummified Hand":[57],"Ornamental Fan":[188],"Bag of Preparation":[24],"obtain_stats":[{"Calipers":29,"LuminousBracelet":7,"SSSystem":41,"Bag of Preparation":36,"SkinProphecy":18,"AdjustmentMirror":25,"Sling":36,"Ring of Searing":38,"CogitoBucket":0,"Replay:Bandana":43,"Ring of Fangs":38,"Mummified Hand":6,"DollysMirror":29,"CrimsonScar_r":41,"Toxic Egg 2":31,"WantedRequest":41,"Replay:Bottled Steam":46,"SwordSharpenedByTears_r":41,"Strange Spoon":36,"Replay:Baseball":9,"Ornamental Fan":36,"AtMidnight":25,"LetterFromLob":1,"ReplayTheSpireMod:DimensionalGlitch":34,"Abe\u0027s Treasure":17},{"Calipers":22,"LuminousBracelet":8,"SSSystem":27,"Bag of Preparation":25,"SkinProphecy":14,"AdjustmentMirror":20,"Sling":25,"Ring of Searing":25,"CogitoBucket":0,"Replay:Bandana":27,"Ring of Fangs":25,"Mummified Hand":6,"DollysMirror":22,"CrimsonScar_r":27,"Toxic Egg 2":23,"WantedRequest":27,"Replay:Bottled Steam":30,"SwordSharpenedByTears_r":27,"Strange Spoon":25,"Replay:Baseball":8,"Ornamental Fan":25,"AtMidnight":20,"LetterFromLob":1,"ReplayTheSpireMod:DimensionalGlitch":24,"Abe\u0027s Treasure":12},{"Calipers":69,"LuminousBracelet":23,"SSSystem":84,"Bag of Preparation":76,"SkinProphecy":39,"AdjustmentMirror":63,"Sling":76,"Ring of Searing":76,"CogitoBucket":0,"Replay:Bandana":84,"Ring of Fangs":76,"Mummified Hand":19,"DollysMirror":69,"CrimsonScar_r":83,"Toxic Egg 2":70,"WantedRequest":81,"Replay:Bottled Steam":88,"SwordSharpenedByTears_r":84,"Strange Spoon":76,"Replay:Baseball":23,"Ornamental Fan":76,"AtMidnight":63,"LetterFromLob":2,"ReplayTheSpireMod:DimensionalGlitch":73,"Abe\u0027s Treasure":35}]},"card_choices":[{"not_picked":["Pinks","TheSmile"],"picked":"CENSORED_ego","floor":0.0},{"not_picked":["OldLady","CherryBlossoms"],"picked":"Woodsman","floor":1.0},{"not_picked":["RedEyes","Lantern"],"picked":"SKIP","floor":1.0},{"not_picked":["Penitence","Amita"],"picked":"SKIP","floor":2.0},{"not_picked":["SwordSharpenedByTears","FourthMatchFlame"],"picked":"SKIP","floor":3.0},{"not_picked":["FeatherOfHonor","Discord","BlackSwan_ego"],"picked":"SKIP","floor":4.0},{"not_picked":["LongBird","Murderer"],"picked":"BlueStar","floor":5.0},{"not_picked":["Tough","RedEyes","SomewhereSpear"],"picked":"SKIP","floor":5.0},{"not_picked":["Scarecrow","Porccubus","Freischutz"],"picked":"Singing Bowl","floor":6.0},{"not_picked":["GrinderMk4","Regret_ego","ShedSkin"],"picked":"SKIP","floor":6.0},{"not_picked":["SpiderBud","OldLady","LaLuna"],"picked":"Singing Bowl","floor":7.0},{"not_picked":["Murderer","OSAHOGD"],"picked":"DespairKnight","floor":7.0},{"not_picked":["CherryBlossom","Logging","SomewhereSpear"],"picked":"SKIP","floor":7.0},{"not_picked":["Reverberation","Laetitia_ego","FourthMatchFlame"],"picked":"SKIP","floor":7.0},{"not_picked":["RapturousDream+1","Beak+1"],"picked":"Lamp+1","floor":11.0},{"not_picked":["GreedKing","Mercenary","Murderer"],"picked":"Singing Bowl","floor":11.0},{"not_picked":["Freischutz","WallGazer","PunishingBird"],"picked":"Singing Bowl","floor":13.0},{"not_picked":["FourthMatchFlame+1","GreenStem+1"],"picked":"GoldRush+1","floor":13.0},{"not_picked":["Soda+1","WristCuter+1"],"picked":"GreenStem+1","floor":13.0},{"not_picked":["MeatLantern","PunishingBird","QueenOfHatred"],"picked":"Singing Bowl","floor":14.0},{"not_picked":["SomewhereSpear+1","RedEyes+1"],"picked":"LifeForTheDareDevil+1","floor":14.0},{"not_picked":["Amita+1","TheSmile+1"],"picked":"FeatherOfHonor+1","floor":14.0},{"not_picked":["MeatLantern","OSAHOGD","Alriune"],"picked":"Singing Bowl","floor":16.0},{"not_picked":["OldLady","FieryBird"],"picked":"CrumblingArmor","floor":16.0},{"not_picked":["Pinks+1","TheSmile+1"],"picked":"Mimicry+1","floor":16.0},{"not_picked":["BigBadWolf","Bloodbath","Freischutz"],"picked":"Singing Bowl","floor":18.0},{"not_picked":["WhiteNight","BigBadWolf"],"picked":"RedShoes","floor":18.0},{"not_picked":["Wingbeat+1","SomewhereSpear+1","Noise+1"],"picked":"SKIP","floor":18.0},{"not_picked":["BeautyBeast","WallGazer","OldLady"],"picked":"Singing Bowl","floor":19.0},{"not_picked":["CrimsonScar+1","Soda+1","Wingbeat+1"],"picked":"SKIP","floor":19.0},{"not_picked":["SingingMachine","Laetitia","SpiderBud"],"picked":"Singing Bowl","floor":21.0},{"not_picked":["Christmas+1","Regret_ego+1","Soda+1"],"picked":"SKIP","floor":21.0},{"not_picked":["HappyTeddy","GreedKing","MeatLantern"],"picked":"Singing Bowl","floor":22.0},{"not_picked":["Horn+1","ShedSkin+1"],"picked":"Twilight+1","floor":22.0},{"not_picked":["Freischutz","Scorched","SnowQueen"],"picked":"Singing Bowl","floor":24.0},{"not_picked":["Regret_ego+1","Laetitia_ego+1","Wingbeat+1"],"picked":"SKIP","floor":24.0},{"not_picked":["Wellcheers","PunishingBird","FairyFestival"],"picked":"Singing Bowl","floor":25.0},{"not_picked":["BeautyBeast","VoidDream"],"picked":"BigBird","floor":25.0},{"not_picked":["Regret_ego+1","GreenStem+1","RapturousDream+1"],"picked":"SKIP","floor":25.0},{"not_picked":["UniverseFragment","PunishingBird","Porccubus"],"picked":"Singing Bowl","floor":27.0},{"not_picked":["Noise+1","Laetitia_ego+1","DaCapo+1"],"picked":"SKIP","floor":27.0},{"not_picked":["BigBadWolf","QueenOfHatred","Alriune"],"picked":"Singing Bowl","floor":28.0},{"not_picked":["RapturousDream+1","Noise+1","Penitence+1"],"picked":"SKIP","floor":28.0},{"not_picked":["Porccubus","GreedKing"],"picked":"Mercenary","floor":31.0},{"not_picked":["WristCuter+1","Pinks+1","CENSORED_ego+1"],"picked":"SKIP","floor":31.0},{"not_picked":["HappyTeddy","SilentOrchestra","ShyLook"],"picked":"Singing Bowl","floor":33.0},{"not_picked":["Wingbeat+1","RedEyes+1"],"picked":"MagicBullet+1","floor":35.0},{"not_picked":["HappyTeddy","MeatLantern","Variant"],"picked":"Singing Bowl","floor":35.0},{"not_picked":["CherryBlossoms","PunishingBird"],"picked":"LongBird","floor":39.0},{"not_picked":["BlueScar+1","SomewhereSpear+1"],"picked":"Twilight+1","floor":39.0},{"not_picked":["Yin","LaLuna","HeroicMonk"],"picked":"Singing Bowl","floor":41.0},{"not_picked":["SwordSharpenedByTears+1","Discord+1","Adoration+1"],"picked":"SKIP","floor":41.0},{"not_picked":["Lantern+1","Tough+1"],"picked":"Moonlight+1","floor":44.0},{"not_picked":["Laetitia","Alriune","Murderer"],"picked":"Singing Bowl","floor":44.0},{"not_picked":["WhiteNight","Rudolta","Funeral"],"picked":"Singing Bowl","floor":45.0},{"not_picked":["Discord+1","SomewhereSpear+1"],"picked":"GoldRush+1","floor":45.0},{"not_picked":["Alriune","BlackArmy","NakedNest"],"picked":"Singing Bowl","floor":46.0},{"not_picked":["GrinderMk4+1","BearPaw+1","SwordSharpenedByTears+1"],"picked":"SKIP","floor":46.0},{"not_picked":["FieryBird","BigBadWolf","Freischutz"],"picked":"Singing Bowl","floor":48.0},{"not_picked":["TodaysExpression+1","RapturousDream+1","SomewhereSpear+1"],"picked":"SKIP","floor":48.0}],"player_experience":155852,"relics_obtained":[{"floor":1.0,"key":"LetterFromLob"},{"floor":6.0,"key":"Mummified Hand"},{"floor":9.0,"key":"Replay:Baseball"},{"floor":25.0,"key":"AtMidnight"},{"floor":31.0,"key":"Toxic Egg 2"},{"floor":38.0,"key":"Ring of Fangs"},{"floor":38.0,"key":"Ring of Searing"},{"floor":41.0,"key":"SSSystem"},{"floor":43.0,"key":"Replay:Bandana"},{"floor":46.0,"key":"Replay:Bottled Steam"}],"event_choices":[{"damage_healed":0.0,"max_hp_gain":0.0,"max_hp_loss":0.0,"gold_gain":0.0,"event_name":"Upgrade Shrine","player_choice":"Upgraded","floor":20.0,"gold_loss":0.0,"damage_taken":0.0,"cards_upgraded":["CENSORED_ego"]},{"damage_healed":0.0,"max_hp_gain":0.0,"max_hp_loss":0.0,"gold_gain":720.0,"event_name":"Knowing Skull","player_choice":"GOLD GOLD GOLD GOLD GOLD GOLD GOLD GOLD POTION ","floor":30.0,"potions_obtained":["ColorlessPotion"],"gold_loss":0.0,"damage_taken":88.0,"cards_obtained":[]}],"is_beta":false,"boss_relics":[{"not_picked":["Runic Pyramid","Replay:Bronze Core"],"picked":"Abe\u0027s Treasure"},{"not_picked":["Kintsugi","Replay:Wanted Poster"],"picked":"ReplayTheSpireMod:DimensionalGlitch"}],"items_purged_floors":[29,36,36],"is_endless":false,"potions_floor_spawned":[11,16,21,27,28,33,44,45,48],"ascension_level":2}}