{"host":"8xt6qtpg1rkermdd","time":1609306737,"event":{"mods":["AchievementEnabler","Astrologer","Bard","BaseMod","Colored Powertips","Conspire","Downfall","Hermit","Highlight Path","Hubris","Infinite Spire","Jorbs\u0027s Wanderer Trilogy","Minty Spire (QoL Compilation)","Replay The Spire","Shade Mod","StSLib","The Blackbeard","The Bladedancer","The Bug Knight","The Caster","The Construct","The Cursed","The Disciple","The Gatherer","The Hayseed","The Hierophant","The Marked","The Mystic","The Runesmith","The Servant 0.9.4","TheArtist","TheFirefly","TheVacant"],"gold_per_floor":[111,126,142,142,4,4,23,23,23,21,21,21,40,60,60,60,60],"floor_reached":16,"playtime":1397,"items_purged":[],"score":94,"play_id":"32fa422f-deac-4ab6-b6c1-ae9a55f28afd","local_time":"20201229233857","is_ascension_mode":false,"campfire_choices":[{"data":"hierophant:Determination","floor":6,"key":"SMITH"},{"floor":8,"key":"REST"},{"floor":12,"key":"REST"},{"floor":15,"key":"REST"}],"circlet_count":0,"master_deck":["hierophant:Strike_Hierophant","hierophant:Strike_Hierophant","hierophant:Strike_Hierophant","hierophant:Strike_Hierophant","hierophant:Punish","hierophant:Defend_Hierophant","hierophant:Defend_Hierophant","hierophant:Defend_Hierophant","hierophant:Defend_Hierophant","hierophant:ChurchCoffers","hierophant:ThreeLashes","hierophant:Sermon","hierophant:Encroach","hierophant:Determination+1","hierophant:LocustPlague","hierophant:Encroach","hierophant:Community","hierophant:PassingBell","hierophant:Sermon"],"relics":["hierophant:PropheticMaskRelic","infinitespire:Broken Mirror"],"acts_visited":["Exordium"],"potions_floor_usage":[],"damage_taken":[{"damage":10,"enemies":"Jaw Worm","floor":1,"turns":5},{"damage":15,"enemies":"infinitespire:Voidling","floor":2,"turns":5},{"damage":12,"enemies":"conspire:RoseBush","floor":3,"turns":2},{"damage":15,"enemies":"Large Slime","floor":7,"turns":8},{"damage":4,"enemies":"3 Louse","floor":10,"turns":3},{"damage":14,"enemies":"Red Slaver","floor":13,"turns":3},{"damage":16,"enemies":"Blue Slaver","floor":14,"turns":3},{"damage":75,"enemies":"The Guardian","floor":16,"turns":8}],"seed_played":"3089370375116176589","potions_obtained":[{"floor":2,"key":"SkillPotion"},{"floor":14,"key":"SpeedPotion"}],"is_trial":false,"path_per_floor":["M","M","M","?","$","R","M","R","T","M","?","R","M","M","R","B"],"character_chosen":"HIEROPHANT","items_purchased":["hierophant:LocustPlague"],"campfire_rested":3,"item_purchase_floors":[5],"current_hp_per_floor":[72,61,49,49,49,49,37,61,61,57,57,81,67,51,75,0,0],"gold":60,"neow_bonus":"TEN_PERCENT_HP_BONUS","is_daily":false,"chose_seed":false,"campfire_upgraded":1,"win_rate":0.0,"timestamp":1609306737,"path_taken":["M","M","M","?","$","R","M","R","T","?","?","R","M","M","R","BOSS"],"items_purchased_type":["Card"],"build_version":"2020-12-22","purchased_purges":0,"victory":false,"max_hp_per_floor":[82,82,82,82,82,82,82,82,82,82,82,82,82,82,82,82,82],"card_choices":[{"not_picked":["hierophant:OrnateJavelin","hierophant:MorningPrayer"],"picked":"hierophant:ThreeLashes","floor":1},{"not_picked":["hierophant:OrnateBuckler","hierophant:Alms"],"picked":"hierophant:Sermon","floor":2},{"not_picked":["hierophant:OrnateJavelin","hierophant:ThreeLashes"],"picked":"hierophant:Encroach","floor":3},{"not_picked":["hierophant:Invocation","hierophant:Blessing"],"picked":"hierophant:Encroach","floor":7},{"not_picked":["hierophant:SolarFlare","hierophant:Empathy"],"picked":"hierophant:Community","floor":10},{"not_picked":["hierophant:RepressedViolence","hierophant:Charity"],"picked":"hierophant:PassingBell","floor":13},{"not_picked":["hierophant:PristineSoul","hierophant:Encroach"],"picked":"hierophant:Sermon","floor":14}],"player_experience":42900,"relics_obtained":[{"floor":9,"key":"infinitespire:Broken Mirror"}],"event_choices":[{"damage_healed":0,"gold_gain":0,"player_choice":"1 cards matched","damage_taken":0,"max_hp_gain":0,"max_hp_loss":0,"event_name":"Match and Keep!","floor":4,"gold_loss":0,"cards_obtained":["hierophant:Determination"]}],"is_beta":false,"boss_relics":[],"items_purged_floors":[],"is_endless":false,"potions_floor_spawned":[2,14],"killed_by":"The Guardian","ascension_level":0}}