{"host":"31s8hzukbhz1k6i6","time":1609348801,"event":{"mods":["AchievementEnabler","BaseMod","Colored Map","Filter the Spire","Minty Spire (QoL Compilation)","Relic Stats","UnlockEverythingMod","ojb\u0027s Info Mod"],"gold_per_floor":[111,186,186,261,186,220,220,252,326,326,341,355,385,60,60,159,159,171,191,191,191,209,239,239,148,175,185,202,234,246,246,246],"floor_reached":31,"playtime":1302,"items_purged":["Strike_B"],"score":515,"play_id":"66035da2-70d2-4cac-8992-3087514d098c","local_time":"20201230092001","is_ascension_mode":true,"campfire_choices":[{"data":"Streamline","floor":7,"key":"SMITH"},{"data":"Electrodynamics","floor":10,"key":"SMITH"},{"data":"Loop","floor":15,"key":"SMITH"},{"data":"Biased Cognition","floor":24,"key":"SMITH"}],"circlet_count":0,"master_deck":["AscendersBane","Strike_B","Defend_B","Defend_B","Defend_B","Defend_B+1","Zap","Dualcast+1","Conserve Battery","Streamline+1","Electrodynamics+1","Coolheaded","Cold Snap","Loop+1","Biased Cognition+1","Glacier","Echo Form","Ball Lightning","Panacea","Parasite","Reinforced Body+1","Conserve Battery"],"relics":["Cracked Core","NeowsBlessing","Toy Ornithopter","Art of War","Bottled Flame","Mango","Bottled Tornado","Cursed Key","InkBottle","Regal Pillow"],"acts_visited":["Exordium","TheCity"],"potions_floor_usage":[16,16,18,29,29,30],"damage_taken":[{"damage":0.0,"enemies":"2 Louse","floor":1.0,"turns":1.0},{"damage":0,"enemies":"3 Sentries","floor":6,"turns":2},{"damage":0,"enemies":"Lagavulin","floor":8,"turns":1},{"damage":7,"enemies":"Small Slimes","floor":11,"turns":2},{"damage":0,"enemies":"Cultist","floor":12,"turns":3},{"damage":8,"enemies":"3 Sentries","floor":13,"turns":3},{"damage":16,"enemies":"Slime Boss","floor":16,"turns":8},{"damage":11,"enemies":"2 Thieves","floor":18,"turns":2},{"damage":0,"enemies":"3 Byrds","floor":19,"turns":2},{"damage":1,"enemies":"3 Cultists","floor":22,"turns":3},{"damage":31,"enemies":"Slavers","floor":23,"turns":4},{"damage":13,"enemies":"Chosen and Byrds","floor":27,"turns":4},{"damage":15,"enemies":"Shelled Parasite and Fungi","floor":28,"turns":5},{"damage":5,"enemies":"Book of Stabbing","floor":29,"turns":5},{"damage":17,"enemies":"Snake Plant","floor":30,"turns":4},{"damage":2,"enemies":"Slavers","floor":31,"turns":1}],"seed_played":"-1367138418930349306","potions_obtained":[{"floor":1.0,"key":"Fire Potion"},{"floor":8,"key":"FocusPotion"},{"floor":12,"key":"ColorlessPotion"},{"floor":18,"key":"Fire Potion"},{"floor":19,"key":"Dexterity Potion"},{"floor":22,"key":"Energy Potion"},{"floor":29,"key":"GamblersBrew"},{"floor":30,"key":"EssenceOfDarkness"}],"is_trial":false,"path_per_floor":["M","?","?","?","$","E","R","E","T","R","M","M","E","$","R","B",null,"M","M","?","?","M","E","R","$","T","M","M","E","M","E"],"character_chosen":"DEFECT","items_purchased":["Bottled Tornado","Loop","Panacea"],"campfire_rested":0,"item_purchase_floors":[14,14,25],"current_hp_per_floor":[68,57,42,35,35,35,35,35,35,35,28,28,34,34,34,28,74,68,68,68,68,67,36,36,36,36,23,8,13,1,0,0],"gold":246,"neow_bonus":"THREE_ENEMY_KILL","is_daily":false,"chose_seed":false,"campfire_upgraded":4,"win_rate":0.0,"timestamp":1609348801,"path_taken":["M","?","?","?","$","E","R","E","T","R","M","M","E","$","R","BOSS","M","?","?","?","M","E","R","$","T","M","M","E","M","E"],"items_purchased_type":["Relic","Card","Card"],"build_version":"2020-12-22","purchased_purges":1,"victory":false,"max_hp_per_floor":[75,75,75,75,75,75,75,75,75,75,75,75,89,89,89,89,89,89,89,89,89,89,89,89,89,89,89,89,89,89,89,89],"relic_stats":{"Regal Pillow":0,"counters":[16,48],"Art of War":[10],"Cursed Key":1,"obtain_stats":[{"Bottled Flame":9,"Regal Pillow":29,"NeowsBlessing":0,"Mango":13,"Art of War":8,"Bottled Tornado":14,"Cracked Core":0,"Cursed Key":17,"Toy Ornithopter":6,"InkBottle":23},{"Bottled Flame":3,"Regal Pillow":14,"NeowsBlessing":0,"Mango":6,"Art of War":3,"Bottled Tornado":6,"Cracked Core":0,"Cursed Key":7,"Toy Ornithopter":2,"InkBottle":11},{"Bottled Flame":4,"Regal Pillow":43,"NeowsBlessing":0,"Mango":12,"Art of War":4,"Bottled Tornado":12,"Cracked Core":0,"Cursed Key":19,"Toy Ornithopter":3,"InkBottle":29}],"Toy Ornithopter":30,"InkBottle":[6]},"card_choices":[{"not_picked":["Hologram","Reprogram"],"picked":"Conserve Battery","floor":1.0},{"not_picked":["Hologram","Go for the Eyes"],"picked":"Streamline","floor":6},{"not_picked":["Consume","Hologram"],"picked":"Electrodynamics","floor":8},{"not_picked":["Scrape","White Noise"],"picked":"Coolheaded","floor":11},{"not_picked":["Compile Driver","Fusion","Hologram"],"picked":"SKIP","floor":12},{"not_picked":["Compile Driver","Fusion","Hologram"],"picked":"SKIP","floor":12},{"not_picked":["Force Field","Steam"],"picked":"Cold Snap","floor":13},{"not_picked":["Meteor Strike","Hyperbeam"],"picked":"Biased Cognition","floor":16},{"not_picked":["Rebound+1","Stack","Cold Snap"],"picked":"SKIP","floor":18},{"not_picked":["Gash+1","Beam Cell","Chaos"],"picked":"SKIP","floor":19},{"not_picked":["Rebound+1","Hello World","Hologram"],"picked":"SKIP","floor":22},{"not_picked":["Beam Cell","Static Discharge","Gash"],"picked":"SKIP","floor":23},{"not_picked":["Sweeping Beam","Doom and Gloom","Compile Driver"],"picked":"SKIP","floor":27},{"not_picked":["Chaos","Double Energy"],"picked":"Reinforced Body+1","floor":28},{"not_picked":["Reboot","Genetic Algorithm"],"picked":"Conserve Battery","floor":29},{"not_picked":["Cold Snap","Ball Lightning","Go for the Eyes+1"],"picked":"SKIP","floor":30}],"player_experience":94963,"relics_obtained":[{"floor":6,"key":"Toy Ornithopter"},{"floor":8,"key":"Art of War"},{"floor":9,"key":"Bottled Flame"},{"floor":13,"key":"Mango"},{"floor":23,"key":"InkBottle"},{"floor":29,"key":"Regal Pillow"}],"event_choices":[{"damage_healed":0.0,"max_hp_gain":0.0,"max_hp_loss":0.0,"gold_gain":75.0,"event_name":"World of Goop","player_choice":"Gather Gold","floor":2.0,"gold_loss":0.0,"damage_taken":11.0},{"damage_healed":0.0,"max_hp_gain":0.0,"max_hp_loss":0.0,"gold_gain":0.0,"event_name":"Shining Light","player_choice":"Entered Light","floor":3.0,"gold_loss":0.0,"damage_taken":15.0,"cards_upgraded":["Defend_B","Dualcast"]},{"damage_healed":0,"gold_gain":75,"player_choice":"Touch","damage_taken":7,"max_hp_gain":0,"max_hp_loss":0,"event_name":"FaceTrader","floor":4,"gold_loss":0},{"damage_healed":0,"gold_gain":0,"player_choice":"Read","damage_taken":0,"max_hp_gain":0,"max_hp_loss":0,"event_name":"The Library","floor":20,"gold_loss":0,"cards_obtained":["Glacier"]},{"damage_healed":0,"gold_gain":0,"cards_transformed":["Strike_B","Strike_B"],"player_choice":"Became Test Subject","damage_taken":0,"max_hp_gain":0,"max_hp_loss":0,"event_name":"Drug Dealer","floor":21,"gold_loss":0,"cards_obtained":["Echo Form","Ball Lightning"]}],"is_beta":false,"boss_relics":[{"not_picked":["Runic Dome","SacredBark"],"picked":"Cursed Key"}],"items_purged_floors":[5],"is_endless":false,"potions_floor_spawned":[1,8,12,18,19,22,29,30],"killed_by":"Slavers","ascension_level":10}}