{"host":"byu8oejwd0fdcxn8","time":1609314478,"event":{"mods":["Act Like it!","Arknights The Spire","Aspiration","Astrologer","BaseMod","Colored Map","Lobotomy","LobotomyExtend","Minty Spire (QoL Compilation)","StSLib"],"gold_per_floor":[115,115,190,155,172,172,192,192,192,210,210,224,236,246,246,246,246],"floor_reached":16,"playtime":615,"items_purged":[],"score":94,"play_id":"3e53874a-483c-428b-a994-0551d4c0b534","local_time":"20201230164758","is_ascension_mode":false,"campfire_choices":[{"data":"ats:Assault Order","floor":6,"key":"SMITH"},{"data":"ats:True Silver Slash","floor":8,"key":"SMITH"},{"data":"ats:Childhood Dance","floor":11,"key":"SMITH"},{"data":"ats:Ignite","floor":15,"key":"SMITH"}],"circlet_count":0,"master_deck":["ats:Strike C","ats:Strike G","ats:Strike S","ats:Strike V","ats:Armor Crushing Shot","ats:Defend","ats:Defend","ats:Defend","ats:Defend","ats:Emotion Absorption","ats:Assault Order+1","ats:Poison Spread","ats:True Silver Slash+1","ats:Childhood Dance+1","ats:Spore Proliferation","ats:Ignite+1","ats:Red Shift"],"relics":["ats:Sanity","aspiration:Nostalgia","astrologer:SkyMirror","LetterFromLob","Ornamental Fan"],"acts_visited":["Exordium"],"potions_floor_usage":[16,16,16],"damage_taken":[{"damage":9,"enemies":"Jaw Worm","floor":1,"turns":5},{"damage":2,"enemies":"2 Louse","floor":5,"turns":3},{"damage":1,"enemies":"Small Slimes","floor":7,"turns":3},{"damage":14,"enemies":"Gremlin Gang","floor":10,"turns":4},{"damage":0,"enemies":"3 Louse","floor":12,"turns":2},{"damage":11,"enemies":"Exordium Thugs","floor":13,"turns":4},{"damage":10,"enemies":"Looter","floor":14,"turns":2},{"damage":43,"enemies":"The Guardian","floor":16,"turns":10}],"seed_played":"-4091990995822546519","potions_obtained":[{"floor":1,"key":"Dexterity Potion"},{"floor":10,"key":"EssenceOfSteel"},{"floor":12,"key":"Block Potion"},{"floor":13,"key":"Fruit Juice"}],"is_trial":false,"path_per_floor":["M","?","?","?","M","R","M","R","T","M","R","M","M","M","R","B"],"character_chosen":"DOCTOR_CLASS","items_purchased":[],"campfire_rested":0,"item_purchase_floors":[],"current_hp_per_floor":[63,71,60,72,70,70,69,69,69,55,55,55,44,34,34,0,0],"gold":246,"neow_bonus":"NOSTALGIA","is_daily":false,"chose_seed":false,"campfire_upgraded":4,"win_rate":0.0,"timestamp":1609314478,"path_taken":["M","?","?","?","M","R","M","R","T","M","R","M","M","M","R","BOSS"],"items_purchased_type":[],"build_version":"2020-12-22","purchased_purges":0,"victory":false,"max_hp_per_floor":[72,72,72,72,72,72,72,72,72,72,72,72,72,72,72,77,77],"card_choices":[{"not_picked":["ats:Explosion Area Strengthen","ats:Shell Defense"],"picked":"ats:Assault Order","floor":1},{"not_picked":["ats:Revitalization","ats:Flexible Camouflage"],"picked":"ats:Poison Spread","floor":5},{"not_picked":["ats:Revitalization","ats:Consecutive Shot Auto"],"picked":"ats:True Silver Slash","floor":7},{"not_picked":["ats:Encircling Forest","ats:Guardian Obelisk"],"picked":"ats:Childhood Dance","floor":10},{"not_picked":["ats:Consecutive Shot Auto","ats:Cat Scratch"],"picked":"ats:Spore Proliferation","floor":12},{"not_picked":["ats:Childhood Dance","ats:Explosion Area Strengthen"],"picked":"ats:Ignite","floor":13},{"not_picked":["ats:Assault Order","ats:Encircling Forest"],"picked":"ats:Red Shift","floor":14}],"player_experience":1072861,"relics_obtained":[{"floor":1,"key":"LetterFromLob"},{"floor":9,"key":"Ornamental Fan"}],"event_choices":[{"damage_healed":0,"gold_gain":75,"player_choice":"Gather Gold","damage_taken":11,"max_hp_gain":0,"max_hp_loss":0,"event_name":"World of Goop","floor":3,"gold_loss":0},{"damage_healed":18,"gold_gain":0,"player_choice":"Healed","damage_taken":0,"max_hp_gain":0,"max_hp_loss":0,"event_name":"The Cleric","floor":4,"gold_loss":35}],"is_beta":false,"boss_relics":[],"items_purged_floors":[],"is_endless":false,"potions_floor_spawned":[1,10,12,13],"killed_by":"The Guardian","ascension_level":0}}