{"host":"7sni158j623xchr2","time":1609311315,"event":{"mods":["BaseMod","Colored Map","Highlight Path","Minty Spire (QoL Compilation)","Permanent Neow","Potion Indicator Mod","Rare Cards Sparkle","Relic Sorter","Relic Stats","StSLib","everything is the same but u backflip on backflip"],"gold_per_floor":[216,64,78,78,92,92,92,92,92,121,135,169,169,198,198,300,300,313,313,313,71,71,71,521,547,547,547,567,567,4,24,24,127,127,140,152,170,17,43,43,43,43,43,43,43,43,78,78,78],"floor_reached":48,"playtime":867,"items_purged":["Defend_R","Writhe","Bash"],"score":642,"play_id":"ab2f9a41-8407-428b-b26c-93c71a1ac812","local_time":"20201230005515","is_ascension_mode":true,"campfire_choices":[{"data":"Carnage","floor":6,"key":"SMITH"},{"data":"Shockwave","floor":8,"key":"SMITH"},{"data":"Inflame","floor":13,"key":"SMITH"},{"data":"Disarm","floor":15,"key":"SMITH"},{"data":"Limit Break","floor":23,"key":"SMITH"},{"data":"Immolate","floor":27,"key":"SMITH"},{"data":"Pummel","floor":32,"key":"SMITH"},{"data":"Double Tap","floor":40,"key":"SMITH"},{"data":"Sword Boomerang","floor":45,"key":"SMITH"},{"data":"Reaper","floor":46,"key":"SMITH"}],"circlet_count":0,"master_deck":["Strike_R+1","Strike_R+1","Strike_R+1","Strike_R+1","Defend_R+1","Defend_R+1","Carnage+1","Shockwave+1","Inflame+1","Disarm+1","Battle Trance","Sword Boomerang+1","Immolate+1","Disarm+1","Limit Break+1","Reaper+1","Pummel+1","Double Tap+1","Shrug It Off+1","Shrug It Off+1"],"relics":["Burning Blood","CultistMask","Strawberry","Meat on the Bone","Paper Frog","FossilizedHelix","Velvet Choker","Unceasing Top","Gremlin Horn","Mango","Omamori","WingedGreaves","SacredBark","Sling","Ice Cream","Shuriken"],"acts_visited":["Exordium","TheCity","TheBeyond"],"potions_floor_usage":[10,10,25],"damage_taken":[{"damage":6,"enemies":"Cultist","floor":1,"turns":3},{"damage":0,"enemies":"Small Slimes","floor":3,"turns":3},{"damage":1,"enemies":"Jaw Worm","floor":5,"turns":3},{"damage":8,"enemies":"3 Sentries","floor":10,"turns":4},{"damage":5,"enemies":"3 Louse","floor":11,"turns":3},{"damage":14,"enemies":"Lagavulin","floor":12,"turns":7},{"damage":23,"enemies":"3 Sentries","floor":14,"turns":7},{"damage":18,"enemies":"Hexaghost","floor":16,"turns":10},{"damage":0,"enemies":"3 Byrds","floor":18,"turns":4},{"damage":0,"enemies":"Slavers","floor":25,"turns":1},{"damage":10,"enemies":"2 Thieves","floor":28,"turns":2},{"damage":15,"enemies":"Cultist and Chosen","floor":31,"turns":5},{"damage":38,"enemies":"Champ","floor":33,"turns":9},{"damage":0,"enemies":"Orb Walker","floor":35,"turns":2},{"damage":8,"enemies":"3 Shapes","floor":36,"turns":5},{"damage":13,"enemies":"Jaw Worm Horde","floor":37,"turns":4},{"damage":0,"enemies":"Nemesis","floor":47,"turns":5},{"damage":0,"enemies":"Maw","floor":48,"turns":1}],"seed_played":"6870999056594588791","potions_obtained":[{"floor":5,"key":"Fire Potion"},{"floor":10,"key":"FairyPotion"},{"floor":14,"key":"Dexterity Potion"},{"floor":16,"key":"LiquidMemories"},{"floor":31,"key":"Dexterity Potion"},{"floor":33,"key":"HeartOfIron"}],"is_trial":false,"path_per_floor":["M","$","M","?","M","R","?","R","T","E","M","E","R","E","R","B",null,"M","?","?","$","?","R","?","E","T","R","M","?","$","M","R","B",null,"M","M","M","$","T","R","?","?","T","$","R","R","E","M"],"character_chosen":"IRONCLAD","items_purchased":["LiquidMemories","Limit Break","Omamori","WingedGreaves","Sling"],"campfire_rested":0,"item_purchase_floors":[2,21,30,30,38],"current_hp_per_floor":[80,80,80,80,80,80,73,73,80,78,79,71,71,54,54,54,87,87,87,87,87,87,87,41,59,73,73,77,77,77,82,82,61,101,101,99,92,92,92,92,92,92,92,92,92,92,98,98,98],"gold":78,"neow_bonus":"HUNDRED_GOLD","is_daily":false,"chose_seed":false,"campfire_upgraded":10,"win_rate":0.0,"timestamp":1609311315,"path_taken":["M","?","M","?","?","R","?","R","T","E","M","E","R","E","R","BOSS","M","?","?","?","?","R","?","E","T","R","?","?","$","M","R","BOSS","M","M","?","$","?","R","?","?","T","?","R","R","E","M"],"items_purchased_type":["Potion","Card","Relic","Relic","Relic"],"build_version":"2020-12-22","purchased_purges":3,"victory":false,"max_hp_per_floor":[80,80,80,80,80,80,80,80,87,87,87,87,87,87,87,87,87,87,87,87,87,87,87,87,87,101,101,101,101,101,101,101,101,101,101,101,101,101,101,101,101,101,101,101,101,101,101,101,101],"relic_stats":{"Gremlin Horn":[4,5],"counters":[18,78],"Shuriken":[0],"obtain_stats":[{"Ice Cream":43,"Gremlin Horn":25,"SacredBark":34,"Velvet Choker":17,"Mango":26,"Omamori":30,"Sling":38,"Burning Blood":0,"Shuriken":47,"Strawberry":9,"CultistMask":4,"WingedGreaves":30,"FossilizedHelix":14,"Unceasing Top":20,"Meat on the Bone":10,"Paper Frog":12},{"Ice Cream":16,"Gremlin Horn":10,"SacredBark":13,"Velvet Choker":8,"Mango":10,"Omamori":11,"Sling":16,"Burning Blood":0,"Shuriken":17,"Strawberry":3,"CultistMask":2,"WingedGreaves":11,"FossilizedHelix":7,"Unceasing Top":9,"Meat on the Bone":4,"Paper Frog":6},{"Ice Cream":72,"Gremlin Horn":45,"SacredBark":61,"Velvet Choker":40,"Mango":45,"Omamori":47,"Sling":72,"Burning Blood":0,"Shuriken":77,"Strawberry":9,"CultistMask":6,"WingedGreaves":47,"FossilizedHelix":30,"Unceasing Top":44,"Meat on the Bone":13,"Paper Frog":23}],"Burning Blood":79,"Unceasing Top":[0],"Meat on the Bone":24},"card_choices":[{"not_picked":["Havoc","Iron Wave"],"picked":"Carnage","floor":1},{"not_picked":["Headbutt","Inflame"],"picked":"Shockwave","floor":3},{"not_picked":["Sword Boomerang","Thunderclap"],"picked":"Inflame","floor":5},{"not_picked":["Clothesline","Reaper"],"picked":"Disarm","floor":10},{"not_picked":["Heavy Blade","Twin Strike"],"picked":"Battle Trance","floor":11},{"not_picked":["Sword Boomerang","Entrench","Shockwave"],"picked":"SKIP","floor":12},{"not_picked":["Anger","Body Slam"],"picked":"Sword Boomerang","floor":14},{"not_picked":["Berserk","Feed"],"picked":"Immolate","floor":16},{"not_picked":["Clothesline","Flex","Heavy Blade+1"],"picked":"SKIP","floor":18},{"not_picked":["Sever Soul","Warcry"],"picked":"Reaper","floor":25},{"not_picked":["Shockwave","Metallicize+1","Thunderclap"],"picked":"SKIP","floor":28},{"not_picked":["Power Through","Sever Soul"],"picked":"Pummel","floor":31},{"not_picked":["Feed","Immolate"],"picked":"Double Tap","floor":33},{"not_picked":["Clothesline+1","Body Slam"],"picked":"Shrug It Off+1","floor":35},{"not_picked":["Anger+1","True Grit"],"picked":"Shrug It Off+1","floor":36},{"not_picked":["Warcry","Perfected Strike","Havoc+1"],"picked":"SKIP","floor":37},{"not_picked":["Berserk","Rampage+1","Iron Wave"],"picked":"SKIP","floor":47}],"player_experience":1553740,"relics_obtained":[{"floor":9,"key":"Strawberry"},{"floor":10,"key":"Meat on the Bone"},{"floor":12,"key":"Paper Frog"},{"floor":14,"key":"FossilizedHelix"},{"floor":25,"key":"Gremlin Horn"},{"floor":26,"key":"Mango"},{"floor":43,"key":"Ice Cream"},{"floor":47,"key":"Shuriken"}],"event_choices":[{"damage_healed":0,"gold_gain":0,"player_choice":"Trade","damage_taken":0,"relics_obtained":["CultistMask"],"max_hp_gain":0,"max_hp_loss":0,"event_name":"FaceTrader","floor":4,"gold_loss":0},{"cards_removed":["Strike_R"],"damage_healed":0,"gold_gain":0,"player_choice":"Card Removal","damage_taken":7,"max_hp_gain":0,"max_hp_loss":0,"event_name":"Golden Wing","floor":7,"gold_loss":0},{"damage_healed":0,"gold_gain":0,"player_choice":"Read","damage_taken":0,"max_hp_gain":0,"max_hp_loss":0,"event_name":"The Library","floor":19,"gold_loss":0,"cards_obtained":["Disarm"]},{"damage_healed":0,"gold_gain":0,"player_choice":"Opened","damage_taken":0,"relics_obtained":["Unceasing Top"],"max_hp_gain":0,"max_hp_loss":0,"event_name":"The Mausoleum","floor":20,"gold_loss":0,"cards_obtained":["Writhe"]},{"damage_healed":0,"gold_gain":0,"player_choice":"Simplicity","damage_taken":0,"max_hp_gain":0,"max_hp_loss":0,"event_name":"Back to Basics","floor":22,"gold_loss":0,"cards_upgraded":["Strike_R","Strike_R","Strike_R","Strike_R","Defend_R","Defend_R","Defend_R"]},{"damage_healed":0,"gold_gain":450,"player_choice":"GOLD GOLD GOLD GOLD GOLD ","damage_taken":46,"max_hp_gain":0,"max_hp_loss":0,"event_name":"Knowing Skull","floor":24,"potions_obtained":[],"gold_loss":0,"cards_obtained":[]},{"damage_healed":0,"gold_gain":0,"player_choice":"Upgraded","damage_taken":0,"max_hp_gain":0,"max_hp_loss":0,"event_name":"Upgrade Shrine","floor":29,"gold_loss":0,"cards_upgraded":["Disarm"]},{"damage_healed":0,"gold_gain":0,"player_choice":"Ignored","damage_taken":0,"max_hp_gain":0,"max_hp_loss":0,"event_name":"Mysterious Sphere","floor":41,"gold_loss":0},{"cards_removed":["Defend_R"],"damage_healed":0,"gold_gain":0,"player_choice":"Removed Skill","damage_taken":0,"max_hp_gain":0,"max_hp_loss":0,"event_name":"Falling","floor":42,"gold_loss":0}],"is_beta":false,"boss_relics":[{"not_picked":["Pandora\u0027s Box","Sozu"],"picked":"Velvet Choker"},{"not_picked":["Cursed Key","Runic Dome"],"picked":"SacredBark"}],"items_purged_floors":[2,21,30],"is_endless":false,"potions_floor_spawned":[5,10,14,16,18,31,33,36,37],"killed_by":"Maw","ascension_level":1}}