{"host":"j0vzbnzm6n2ctevn","time":1609314778,"event":{"mods":["AchievementEnabler","BaseMod","Minty Spire (QoL Compilation)","Quick Restart","Shop Mod","Spicy Shops","StSLib"],"gold_per_floor":[17,27,46,46,59,59,87,12,12,42,60,10,10,38,38,142,142,153,153,32,43,61,92,111,111,111,137,149,176,188,214,226,336,348,380,129,129,129,129,129,161,161,161,161,178,32,42,77,77,77],"floor_reached":51,"playtime":2492,"items_purged":["Strike_B","Defend_B"],"score":735,"play_id":"25618c10-2989-44cd-ab60-5f42e10c0835","local_time":"20201230155258","is_ascension_mode":false,"campfire_choices":[{"data":"Redo","floor":6.0,"key":"SMITH"},{"data":"Double Energy","floor":13.0,"key":"SMITH"},{"data":"Defragment","floor":15.0,"key":"SMITH"},{"data":"Enlightenment","floor":28.0,"key":"SMITH"},{"data":"Strike_B","floor":30.0,"key":"PURGE"},{"data":"Strike_B","floor":32.0,"key":"PURGE"},{"data":"Capacitor","floor":40.0,"key":"SMITH"},{"data":"Double Energy","floor":42.0,"key":"SMITH"},{"data":"Electrodynamics","floor":44.0,"key":"SMITH"},{"floor":49.0,"key":"REST"}],"circlet_count":0,"master_deck":["Defend_B+1","Defend_B","Defend_B","Zap","Dualcast","Redo","Coolheaded+1","Redo+1","Double Energy+1","Ball Lightning","Defragment+1","Electrodynamics+1","CurseOfTheBell","Double Energy+1","Enlightenment+1","Loop","Loop","Tempest","Storm+1","Echo Form","Ball Lightning+1","Capacitor+1","Zap","White Noise+1","Chaos+1","Ball Lightning+1"],"relics":["Cracked Core","Dead Branch","Mango","Lizard Tail","FossilizedHelix","Blood Vial","Calling Bell","MealTicket","Matryoshka","Peace Pipe","Bottled Flame","MawBank","Unceasing Top","Sozu","OrangePellets","Meat on the Bone","Bag of Preparation","Pantograph","War Paint","HornCleat"],"acts_visited":["Exordium","TheCity","TheBeyond"],"potions_floor_usage":[50],"damage_taken":[{"damage":0.0,"enemies":"2 Louse","floor":1.0,"turns":2.0},{"damage":1.0,"enemies":"Cultist","floor":2.0,"turns":3.0},{"damage":3.0,"enemies":"Jaw Worm","floor":3.0,"turns":3.0},{"damage":10.0,"enemies":"Blue Slaver","floor":5.0,"turns":4.0},{"damage":33.0,"enemies":"Lagavulin","floor":7.0,"turns":7.0},{"damage":0.0,"enemies":"Large Slime","floor":11.0,"turns":10.0},{"damage":6.0,"enemies":"3 Sentries","floor":14.0,"turns":6.0},{"damage":11.0,"enemies":"The Guardian","floor":16.0,"turns":10.0},{"damage":8.0,"enemies":"Shell Parasite","floor":18.0,"turns":6.0},{"damage":10.0,"enemies":"2 Thieves","floor":21.0,"turns":2.0},{"damage":0.0,"enemies":"Sentry and Sphere","floor":22.0,"turns":2.0},{"damage":24.0,"enemies":"Gremlin Leader","floor":23.0,"turns":10.0},{"damage":0.0,"enemies":"Cultist and Chosen","floor":24.0,"turns":5.0},{"damage":8.0,"enemies":"Centurion and Healer","floor":27.0,"turns":4.0},{"damage":5.0,"enemies":"Chosen and Byrds","floor":29.0,"turns":4.0},{"damage":7.0,"enemies":"Snake Plant","floor":31.0,"turns":3.0},{"damage":23.0,"enemies":"Collector","floor":33.0,"turns":6.0},{"damage":17.0,"enemies":"3 Darklings","floor":35.0,"turns":3.0},{"damage":22.0,"enemies":"Reptomancer","floor":41.0,"turns":3.0},{"damage":2.0,"enemies":"3 Shapes","floor":45.0,"turns":3.0},{"damage":0.0,"enemies":"Sphere and 2 Shapes","floor":47.0,"turns":1.0},{"damage":85.0,"enemies":"Nemesis","floor":48.0,"turns":6.0},{"damage":105,"enemies":"Awakened One","floor":50,"turns":9}],"seed_played":"2256222181340569596","potions_obtained":[{"floor":2.0,"key":"PowerPotion"},{"floor":3.0,"key":"FairyPotion"},{"floor":4.0,"key":"AttackPotion"},{"floor":21.0,"key":"FocusPotion"},{"floor":31.0,"key":"SkillPotion"},{"floor":33.0,"key":"DistilledChaos"}],"is_trial":false,"path_per_floor":["M","M","M","?","M","R","E","$","T","?","M","?","R","E","R","B",null,"M","?","$","M","M","E","M","?","T","M","R","M","R","M","R","B",null,"M","$","?","?","?","R","E","R","T","R","M","$","M","E","R","B",null],"character_chosen":"DEFECT","items_purchased":["Enlightenment","OrangePellets","Capacitor","War Paint"],"campfire_rested":1,"item_purchase_floors":[20,36,36,46],"current_hp_per_floor":[75,74,71,71,61,61,42,42,42,42,42,42,42,36,36,27,89,81,81,89,79,81,59,61,61,61,55,55,52,52,47,47,26,89,72,87,87,85,85,85,63,63,63,63,63,78,80,37,62,34],"gold":77,"neow_bonus":"ONE_RARE_RELIC","is_daily":false,"chose_seed":false,"campfire_upgraded":7,"win_rate":0.0,"timestamp":1609314778,"path_taken":["M","M","M","?","M","R","E","?","T","?","?","?","R","E","R","BOSS","M","?","$","M","M","E","M","?","T","M","R","?","R","M","R","BOSS","M","$","?","?","?","R","E","R","T","R","?","$","M","E","R","BOSS"],"items_purchased_type":["Card","Relic","Card","Relic"],"build_version":"2020-12-22","purchased_purges":2,"victory":true,"max_hp_per_floor":[75,75,75,75,75,75,89,89,89,89,89,89,89,89,89,89,89,89,89,89,89,89,89,89,89,89,89,89,89,89,89,89,89,89,89,89,89,85,85,85,85,85,85,85,85,85,85,85,85,85],"card_choices":[{"not_picked":["Hologram","Skim"],"picked":"Redo","floor":1.0},{"not_picked":["Beam Cell","Hologram"],"picked":"Coolheaded","floor":2.0},{"not_picked":["Hello World","Barrage"],"picked":"Redo","floor":3.0},{"not_picked":["BootSequence","Storm"],"picked":"Coolheaded","floor":5.0},{"not_picked":["Ball Lightning","Coolheaded"],"picked":"Double Energy","floor":7.0},{"not_picked":["Beam Cell","Chaos"],"picked":"Ball Lightning","floor":11.0},{"not_picked":["White Noise","Fusion"],"picked":"Defragment","floor":14.0},{"not_picked":["Seek","Biased Cognition"],"picked":"Electrodynamics","floor":16.0},{"not_picked":["Barrage","Chaos"],"picked":"Double Energy","floor":18.0},{"not_picked":["Compile Driver","Hello World+1"],"picked":"Loop","floor":21.0},{"not_picked":["Lockon+1","Darkness"],"picked":"Loop","floor":22.0},{"not_picked":["Rebound","Coolheaded+1","Compile Driver+1"],"picked":"SKIP","floor":23.0},{"not_picked":["Sweeping Beam+1","Heatsinks"],"picked":"Tempest","floor":24.0},{"not_picked":["Conserve Battery+1","Leap","Gash"],"picked":"SKIP","floor":27.0},{"not_picked":["Skim","Hologram"],"picked":"Storm+1","floor":29.0},{"not_picked":["Leap","Conserve Battery","Echo Form"],"picked":"SKIP","floor":31.0},{"not_picked":["Seek","Creative AI"],"picked":"Echo Form","floor":33.0},{"not_picked":["Chill+1","Rebound+1"],"picked":"Ball Lightning+1","floor":35.0},{"not_picked":["Compile Driver+1","Streamline+1"],"picked":"White Noise+1","floor":41.0},{"not_picked":["Redo","Fission","BootSequence"],"picked":"SKIP","floor":45.0},{"not_picked":["Static Discharge","Coolheaded"],"picked":"Chaos+1","floor":47.0},{"not_picked":["Darkness+1","Sweeping Beam+1"],"picked":"Ball Lightning+1","floor":48.0}],"player_experience":63604,"relics_obtained":[{"floor":7.0,"key":"Mango"},{"floor":9.0,"key":"Lizard Tail"},{"floor":14.0,"key":"Blood Vial"},{"floor":17.0,"key":"MealTicket"},{"floor":17.0,"key":"Matryoshka"},{"floor":17.0,"key":"Peace Pipe"},{"floor":23.0,"key":"Bottled Flame"},{"floor":26.0,"key":"MawBank"},{"floor":26.0,"key":"Unceasing Top"},{"floor":41.0,"key":"Meat on the Bone"},{"floor":43.0,"key":"Bag of Preparation"},{"floor":43.0,"key":"Pantograph"},{"floor":48.0,"key":"HornCleat"}],"event_choices":[{"damage_healed":0.0,"max_hp_gain":0.0,"max_hp_loss":0.0,"gold_gain":0.0,"event_name":"Lab","player_choice":"Got Potions","floor":4.0,"gold_loss":0.0,"damage_taken":0.0},{"damage_healed":0.0,"max_hp_gain":0.0,"max_hp_loss":0.0,"gold_gain":30.0,"event_name":"Dead Adventurer","player_choice":"Searched \u00272\u0027 times","floor":10.0,"gold_loss":0.0,"damage_taken":0.0,"relics_obtained":["FossilizedHelix"]},{"cards_removed":["Strike_B"],"damage_healed":0.0,"max_hp_gain":0.0,"max_hp_loss":0.0,"gold_gain":0.0,"event_name":"The Cleric","player_choice":"Card Removal","floor":12.0,"gold_loss":50.0,"damage_taken":0.0},{"damage_healed":0.0,"max_hp_gain":0.0,"max_hp_loss":0.0,"gold_gain":0.0,"event_name":"Ghosts","player_choice":"Ignored","floor":19.0,"gold_loss":0.0,"damage_taken":0.0},{"damage_healed":0.0,"max_hp_gain":0.0,"max_hp_loss":0.0,"gold_gain":0.0,"event_name":"N\u0027loth","player_choice":"Ignored","floor":25.0,"gold_loss":0.0,"damage_taken":0.0},{"cards_removed":["Coolheaded"],"damage_healed":0.0,"max_hp_gain":0.0,"max_hp_loss":0.0,"gold_gain":0.0,"event_name":"Falling","player_choice":"Removed Skill","floor":37.0,"gold_loss":0.0,"damage_taken":0.0},{"damage_healed":0.0,"max_hp_gain":0.0,"max_hp_loss":4.0,"gold_gain":0.0,"event_name":"Winding Halls","player_choice":"Max HP","floor":38.0,"gold_loss":0.0,"damage_taken":0.0},{"damage_healed":0.0,"max_hp_gain":0.0,"max_hp_loss":0.0,"gold_gain":0.0,"event_name":"Match and Keep!","player_choice":"1 cards matched","floor":39.0,"gold_loss":0.0,"damage_taken":0.0,"cards_obtained":["Zap"]}],"is_beta":false,"boss_relics":[{"not_picked":["Ectoplasm","Black Star"],"picked":"Calling Bell"},{"not_picked":["Pandora\u0027s Box","SlaversCollar"],"picked":"Sozu"}],"items_purged_floors":[8,36],"is_endless":false,"potions_floor_spawned":[2,3,18,21,31,33,41,45,47,48],"ascension_level":0}}