{"host":"kn32u0f2pym5bozc","time":1609310579,"event":{"mods":["2.2 Compatiblity","BaseMod","Better Third Choice","Minty Spire (QoL Compilation)","Permanent Neow","Relic Stats","StSLib","The Animator"],"gold_per_floor":[13,40,72,72,82,82,109,109,133,169,169,169,188,207,207,289,289,310,49,125,149,149,149,149],"floor_reached":23,"playtime":1651,"items_purged":["animator:Strike"],"score":318,"play_id":"310a0a3b-19ce-4593-97c7-4ae6296a2977","local_time":"20201230014259","is_ascension_mode":true,"campfire_choices":[{"data":"animator:Bozes","floor":6.0,"key":"SMITH"},{"data":"animator:Kuribayashi","floor":8.0,"key":"SMITH"},{"floor":15.0,"key":"REST"}],"circlet_count":0,"master_deck":["AscendersBane","animator:Strike_GATE","animator:Defend_GATE","animator:Strike","animator:Strike","animator:Defend","animator:Defend","animator:Defend","animator:TukaLunaMarceau","animator:Kuribayashi+1","animator:Rimuru","animator:ChaikaBohdan","animator:Bozes+1","animator:ZankiKiguchi","animator:NarberalGamma","animator:GuildGirl","animator:MumenRider","animator:Mikaela","animator:ItamiYouji","animator:DolaCouronne+1","animator:YaoHaDucy","animator:Shiro+1"],"relics":["animator:LivingPicture","animator:TheMissingPiece","animator:PurgingStone","Tiny Chest","Omamori","Charon\u0027s Ashes","Frozen Egg 2","SlaversCollar","Paper Crane","MutagenicStrength"],"acts_visited":["Exordium","TheCity"],"potions_floor_usage":[],"damage_taken":[{"damage":2.0,"enemies":"Jaw Worm","floor":1.0,"turns":5.0},{"damage":7.0,"enemies":"2 Louse","floor":2.0,"turns":3.0},{"damage":0.0,"enemies":"Cultist","floor":3.0,"turns":3.0},{"damage":4.0,"enemies":"Lots of Slimes","floor":5.0,"turns":4.0},{"damage":7.0,"enemies":"Exordium Wildlife","floor":7.0,"turns":4.0},{"damage":31.0,"enemies":"Lagavulin","floor":10.0,"turns":7.0},{"damage":11.0,"enemies":"Looter","floor":13.0,"turns":3.0},{"damage":7.0,"enemies":"3 Louse","floor":14.0,"turns":3.0},{"damage":30.0,"enemies":"Hexaghost","floor":16.0,"turns":11.0},{"damage":17.0,"enemies":"Chosen","floor":18.0,"turns":5.0},{"damage":15.0,"enemies":"2 Thieves","floor":21.0,"turns":4.0},{"damage":28,"enemies":"Book of Stabbing","floor":23,"turns":4}],"seed_played":"-3961455919730577260","potions_obtained":[{"floor":2.0,"key":"SpeedPotion"},{"floor":3.0,"key":"AttackPotion"},{"floor":7.0,"key":"Fruit Juice"},{"floor":10.0,"key":"Ancient Potion"},{"floor":14.0,"key":"EssenceOfSteel"}],"is_trial":false,"path_per_floor":["M","M","M","?","M","R","M","R","T","E","?","?","M","M","R","B",null,"M","$","T","M","?","E"],"character_chosen":"THE_ANIMATOR","items_purchased":["animator:YaoHaDucy","animator:Shiro+1"],"campfire_rested":1,"item_purchase_floors":[19,19],"current_hp_per_floor":[57,50,50,43,39,39,32,32,32,6,29,29,18,11,32,3,55,38,38,38,23,23,0,0],"gold":149,"neow_bonus":"THREE_RARE_CARDS","is_daily":false,"chose_seed":false,"campfire_upgraded":2,"win_rate":0.0,"timestamp":1609310579,"path_taken":["M","M","M","?","M","R","M","R","T","E","?","?","?","M","R","BOSS","M","$","?","M","?","E"],"items_purchased_type":["Card","Card"],"build_version":"2020-12-22","purchased_purges":1,"victory":false,"max_hp_per_floor":[66,66,66,66,66,66,66,66,66,71,71,71,71,71,71,72,72,72,72,72,72,72,72,72],"relic_stats":{"counters":[12,56],"Tiny Chest":1,"Charon\u0027s Ashes":[110],"obtain_stats":[{"SlaversCollar":17,"animator:PurgingStone":0,"animator:TheMissingPiece":0,"MutagenicStrength":22,"Tiny Chest":4,"animator:LivingPicture":0,"Charon\u0027s Ashes":10,"Omamori":9,"Frozen Egg 2":12,"Paper Crane":20},{"SlaversCollar":9,"animator:PurgingStone":0,"animator:TheMissingPiece":0,"MutagenicStrength":11,"Tiny Chest":3,"animator:LivingPicture":0,"Charon\u0027s Ashes":6,"Omamori":5,"Frozen Egg 2":6,"Paper Crane":10},{"SlaversCollar":43,"animator:PurgingStone":0,"animator:TheMissingPiece":0,"MutagenicStrength":52,"Tiny Chest":11,"animator:LivingPicture":0,"Charon\u0027s Ashes":26,"Omamori":19,"Frozen Egg 2":26,"Paper Crane":48}]},"card_choices":[{"not_picked":["animator:SwordMaiden","animator:Gilgamesh"],"picked":"animator:Rimuru","floor":0.0},{"not_picked":["animator:Mitsuba","animator:Spearman"],"picked":"animator:ChaikaBohdan","floor":1.0},{"not_picked":["animator:ZankiKiguchi","animator:ChaikaTrabant"],"picked":"animator:Bozes","floor":2.0},{"not_picked":["animator:Demiurge","animator:EmiyaShirou"],"picked":"animator:ZankiKiguchi","floor":3.0},{"not_picked":["animator:Evileye","animator:Cocytus"],"picked":"animator:NarberalGamma","floor":5.0},{"not_picked":["animator:PandorasActor","animator:Sonic"],"picked":"animator:GuildGirl","floor":7.0},{"not_picked":["animator:Berserker","animator:Togame"],"picked":"animator:MumenRider","floor":10.0},{"not_picked":["animator:Assassin","animator:MumenRider","animator:MetalKnight"],"picked":"SKIP","floor":13.0},{"not_picked":["animator:Yoichi","animator:CrowleyEusford"],"picked":"animator:Mikaela","floor":14.0},{"not_picked":["animator:Albedo","animator:AcuraShin"],"picked":"animator:ItamiYouji","floor":16.0},{"not_picked":["animator:Guy","animator:Tyuule"],"picked":"animator:DolaCouronne+1","floor":18.0},{"not_picked":["animator:ZankiKiguchi","animator:Hakurou","animator:Konayuki"],"picked":"SKIP","floor":21.0}],"player_experience":774468,"relics_obtained":[{"floor":9.0,"key":"Omamori"},{"floor":10.0,"key":"Charon\u0027s Ashes"},{"floor":20.0,"key":"Paper Crane"}],"event_choices":[{"damage_healed":0.0,"max_hp_gain":0.0,"max_hp_loss":0.0,"gold_gain":0.0,"event_name":"betterThird:BetterScrap","player_choice":"Relic ","floor":4.0,"gold_loss":0.0,"damage_taken":7.0,"cards_obtained":["Storm of Steel"]},{"damage_healed":23.0,"max_hp_gain":0.0,"max_hp_loss":0.0,"gold_gain":0.0,"event_name":"Big Fish","player_choice":"Banana","floor":11.0,"gold_loss":0.0,"damage_taken":0.0},{"damage_healed":0.0,"max_hp_gain":0.0,"max_hp_loss":0.0,"gold_gain":0.0,"event_name":"WeMeetAgain","player_choice":"Gave Potion","floor":12.0,"gold_loss":0.0,"damage_taken":0.0,"relics_obtained":["Frozen Egg 2"]},{"damage_healed":0.0,"max_hp_gain":0.0,"max_hp_loss":0.0,"gold_gain":0.0,"event_name":"Drug Dealer","player_choice":"Inject Mutagens","floor":22.0,"gold_loss":0.0,"damage_taken":0.0,"relics_obtained":["MutagenicStrength"]}],"is_beta":false,"boss_relics":[{"not_picked":["Philosopher\u0027s Stone","Calling Bell"],"picked":"SlaversCollar"}],"items_purged_floors":[19],"is_endless":false,"potions_floor_spawned":[2,3,7,10,14],"killed_by":"Book of Stabbing","ascension_level":13}}