{"host":"kw4o7b3ro2ktmmbe","time":1609334682,"event":{"mods":["BaseMod","Evolution","Minty Spire (QoL Compilation)","Shade Mod","StSLib"],"gold_per_floor":[118,118,132,144,155,155,182,30,53,76,76,92,92,92,92,195,195,209,229,298,298,317,317,345,360,410,430,430,430,430,443,443,545,545,565,581,594,144,154,154,188,188,212,212,212,224,224,224,224],"floor_reached":48,"playtime":3455,"items_purged":[],"score":530,"play_id":"b6f3f014-35c1-4f72-b898-a450d7aaff63","local_time":"20201231022442","is_ascension_mode":true,"campfire_choices":[{"data":"Shade:PoundOfFlesh","floor":6.0,"key":"SMITH"},{"data":"Shade:AnimateDead","floor":13.0,"key":"SMITH"},{"data":"Shade:Bonestorm","floor":15.0,"key":"SMITH"},{"data":"Shade:Putrefaction","floor":23.0,"key":"SMITH"},{"floor":28.0,"key":"REST"},{"floor":32,"key":"REST"},{"data":"Shade:OfferingToTheBeyond","floor":40,"key":"SMITH"},{"data":"Shade:CarefulCut","floor":42,"key":"SMITH"},{"data":"Shade:SpectralStrikes","floor":45,"key":"SMITH"}],"circlet_count":0,"master_deck":["Shade:Strike_Shade","Shade:Strike_Shade","Shade:Strike_Shade","Shade:Defend_Shade","Shade:Defend_Shade","Shade:AnimateDead+1","Shade:CarefulCut+1","Shade:PoundOfFlesh+1","Shade:FuneraryJewels","Shade:Bonestorm+1","Shade:Putrefaction+1","Shade:AblativeArmor","Shade:FuneraryArmor+1","Shade:OfferingToTheBeyond+1","Shade:WallOfFlesh+1","Shade:FuneraryArmor+1","Shade:Bonestorm+1","Shade:SpectralStrikes+1","Shade:CloudOfShrapnel+1"],"relics":["EVO:Axolotl","SacredBark","MealTicket","PreservedInsect","Art of War","Odd Mushroom","SlaversCollar","Mummified Hand","Nunchaku","Blood Vial","Coffee Dripper","Torii","Boot","Pantograph","Pen Nib"],"acts_visited":["Exordium","TheCity","TheBeyond"],"potions_floor_usage":[33,33,33,33,33,35,37],"damage_taken":[{"damage":10.0,"enemies":"2 Louse","floor":1.0,"turns":2.0},{"damage":3.0,"enemies":"Jaw Worm","floor":3.0,"turns":3.0},{"damage":0.0,"enemies":"Small Slimes","floor":4.0,"turns":2.0},{"damage":5.0,"enemies":"Red Slaver","floor":5.0,"turns":4.0},{"damage":9.0,"enemies":"Lagavulin","floor":7.0,"turns":5.0},{"damage":8.0,"enemies":"The Mushroom Lair","floor":10.0,"turns":4.0},{"damage":7.0,"enemies":"3 Louse","floor":12.0,"turns":3.0},{"damage":1.0,"enemies":"The Guardian","floor":16.0,"turns":11.0},{"damage":29.0,"enemies":"Shell Parasite","floor":18.0,"turns":6.0},{"damage":4.0,"enemies":"Chosen","floor":19.0,"turns":4.0},{"damage":16.0,"enemies":"Shelled Parasite and Fungi","floor":22.0,"turns":5.0},{"damage":17.0,"enemies":"Book of Stabbing","floor":24.0,"turns":4.0},{"damage":16.0,"enemies":"Snake Plant","floor":25.0,"turns":4.0},{"damage":9.0,"enemies":"Sentry and Sphere","floor":27.0,"turns":4.0},{"damage":14,"enemies":"Centurion and Healer","floor":31,"turns":9},{"damage":13,"enemies":"Champ","floor":33,"turns":6},{"damage":1,"enemies":"3 Shapes","floor":35,"turns":5},{"damage":25,"enemies":"3 Darklings","floor":36,"turns":6},{"damage":0,"enemies":"Spire Growth","floor":37,"turns":5},{"damage":25,"enemies":"Transient","floor":39,"turns":5},{"damage":35,"enemies":"Reptomancer","floor":41,"turns":5},{"damage":0,"enemies":"Maw","floor":46,"turns":8},{"damage":12,"enemies":"Sphere and 2 Shapes","floor":48,"turns":3}],"seed_played":"3629744317916228110","potions_obtained":[{"floor":1.0,"key":"Dexterity Potion"},{"floor":4.0,"key":"Strength Potion"},{"floor":5.0,"key":"Dexterity Potion"},{"floor":24.0,"key":"Ancient Potion"},{"floor":27.0,"key":"EntropicBrew"},{"floor":30,"key":"CultistPotion"},{"floor":36,"key":"AttackPotion"},{"floor":41,"key":"SteroidPotion"}],"is_trial":false,"path_per_floor":["M","?","M","M","M","R","E","$","T","?","$","M","R","?","R","B",null,"M","M","T","?","M","R","E","M","T","M","R","?","?","M","R","B",null,"M","M","M","$","M","R","E","R","T","?","R","M","?","M"],"character_chosen":"SHADE","items_purchased":["PreservedInsect","Torii","Boot"],"campfire_rested":2,"item_purchase_floors":[8,38,38],"current_hp_per_floor":[55,55,52,52,47,47,38,53,53,45,60,53,53,53,53,52,65,36,32,32,65,49,49,32,16,16,9,28,17,17,5,26,15,70,69,45,47,62,39,39,6,6,6,6,6,8,8,0,0],"gold":224,"neow_bonus":"BOSS_RELIC","is_daily":false,"chose_seed":false,"campfire_upgraded":7,"win_rate":0.0,"timestamp":1609334682,"path_taken":["M","?","M","M","M","R","E","$","T","?","?","M","R","?","R","BOSS","M","M","?","?","?","R","E","?","T","M","R","?","?","M","R","BOSS","M","M","M","$","?","R","E","R","T","?","R","M","?","M"],"items_purchased_type":["Relic","Relic","Relic"],"build_version":"2020-12-22","purchased_purges":0,"victory":false,"max_hp_per_floor":[65,65,65,65,65,65,65,65,65,65,65,65,65,65,65,65,65,65,65,65,65,65,65,65,65,65,65,65,70,70,70,70,70,70,70,70,70,70,70,70,70,70,70,70,70,70,70,70,70],"card_choices":[{"not_picked":["Shade:SkeletonHug","Shade:GraveStillness"],"picked":"Shade:PoundOfFlesh","floor":1.0},{"not_picked":["Shade:ExtraLimbs","Shade:SanguineRitual","Shade:Asphyxiate"],"picked":"SKIP","floor":3.0},{"not_picked":["Shade:Brains","Shade:GraveStillness"],"picked":"Shade:FuneraryJewels","floor":4.0},{"not_picked":["Shade:Awaken","Shade:Frenzy"],"picked":"Shade:Bonestorm","floor":5.0},{"not_picked":["Shade:ClawBack","Shade:WallOfFlesh","Shade:SanguineRitual"],"picked":"SKIP","floor":7.0},{"not_picked":["Shade:ClawBack","Shade:FreshBones","Shade:ExtraLimbs"],"picked":"SKIP","floor":12.0},{"not_picked":["Shade:Coordination","Shade:OfferingToTheBeyond"],"picked":"Shade:Putrefaction","floor":16.0},{"not_picked":["Shade:Doomsay+1","Shade:WallOfFlesh","Shade:CoffinDance+1"],"picked":"SKIP","floor":18.0},{"not_picked":["Shade:SanguineRitual","Shade:Premonition","Shade:CoffinDance"],"picked":"SKIP","floor":19.0},{"not_picked":["Shade:CommandSoldier","Shade:CallWraith"],"picked":"Shade:AblativeArmor","floor":22.0},{"not_picked":["Shade:GoDigging+1","Shade:Frenzy","Shade:ExtraLimbs+1"],"picked":"SKIP","floor":24.0},{"not_picked":["Shade:Brains","Shade:SkeletonHug","Shade:GraveStillness+1"],"picked":"SKIP","floor":25.0},{"not_picked":["Shade:Bonestorm","Shade:Asphyxiate"],"picked":"Shade:FuneraryArmor+1","floor":27.0},{"not_picked":["Shade:FleshToFlesh","Shade:ClawBack","Shade:Brains"],"picked":"SKIP","floor":31},{"not_picked":["Shade:SelfBurial","Shade:OminousRitual"],"picked":"Shade:OfferingToTheBeyond","floor":33},{"not_picked":["Shade:FeralStrike+1","Shade:CoffinDance+1"],"picked":"Shade:WallOfFlesh+1","floor":35},{"not_picked":["Shade:PotionOfRestlessness+1","Shade:SanguineRitual+1"],"picked":"Shade:FuneraryArmor+1","floor":36},{"not_picked":["Shade:LyeBath+1","Shade:Haruspicy"],"picked":"Shade:Bonestorm+1","floor":37},{"not_picked":["Shade:AblativeArmor","Shade:AncientSpear+1"],"picked":"Shade:SpectralStrikes","floor":39},{"not_picked":["Shade:CommandSoldier","Shade:SanguineRitual","Shade:CallOfTheGrave"],"picked":"SKIP","floor":41},{"not_picked":["Shade:Brains","Shade:SkeletonHug"],"picked":"Shade:CloudOfShrapnel+1","floor":46}],"player_experience":1806584,"relics_obtained":[{"floor":7.0,"key":"MealTicket"},{"floor":9.0,"key":"Art of War"},{"floor":10.0,"key":"Odd Mushroom"},{"floor":20.0,"key":"Mummified Hand"},{"floor":24.0,"key":"Nunchaku"},{"floor":26.0,"key":"Blood Vial"},{"floor":41,"key":"Pantograph"},{"floor":43,"key":"Pen Nib"}],"event_choices":[{"damage_healed":0.0,"max_hp_gain":0.0,"max_hp_loss":0.0,"gold_gain":0.0,"event_name":"The Cleric","player_choice":"Leave","floor":2.0,"gold_loss":0.0,"damage_taken":0.0},{"damage_healed":0.0,"max_hp_gain":0.0,"max_hp_loss":0.0,"gold_gain":0.0,"event_name":"Mushrooms","player_choice":"Fought Mushrooms","floor":10.0,"gold_loss":0.0,"damage_taken":0.0},{"cards_removed":["Shade:Defend_Shade"],"damage_healed":0.0,"max_hp_gain":0.0,"max_hp_loss":0.0,"gold_gain":0.0,"event_name":"Bonfire Elementals","player_choice":"Offered Basic","floor":14.0,"gold_loss":0.0,"damage_taken":0.0},{"damage_healed":33.0,"max_hp_gain":0.0,"max_hp_loss":0.0,"gold_gain":0.0,"event_name":"Wheel of Change","player_choice":"Full Heal","floor":21.0,"gold_loss":0.0,"damage_taken":0.0},{"damage_healed":0.0,"max_hp_gain":5.0,"max_hp_loss":0.0,"gold_gain":0.0,"event_name":"Forgotten Altar","player_choice":"Shed Blood","floor":29.0,"gold_loss":0.0,"damage_taken":16.0},{"damage_healed":0,"gold_gain":0,"player_choice":"Got Potions","damage_taken":0,"max_hp_gain":0,"max_hp_loss":0,"event_name":"Lab","floor":30,"gold_loss":0},{"cards_removed":["Shade:FingerOfDeath"],"damage_healed":0,"gold_gain":0,"player_choice":"Removed Attack","damage_taken":0,"max_hp_gain":0,"max_hp_loss":0,"event_name":"Falling","floor":44,"gold_loss":0},{"cards_removed":["Shade:Defend_Shade"],"damage_healed":0,"gold_gain":0,"player_choice":"Card Removal","damage_taken":0,"max_hp_gain":0,"max_hp_loss":0,"event_name":"Wheel of Change","floor":47,"gold_loss":0}],"is_beta":false,"boss_relics":[{"not_picked":["Sozu","Fusion Hammer"],"picked":"SlaversCollar"},{"not_picked":["Black Star","Runic Pyramid"],"picked":"Coffee Dripper"}],"items_purged_floors":[],"is_endless":false,"potions_floor_spawned":[1,4,5,24,27,31,36,41],"killed_by":"Sphere and 2 Shapes","ascension_level":2}}