{"host":"hgkb2zpbo2dcws21","time":1609335011,"event":{"mods":["AchievementEnabler","BaseMod","Colored Map","Colored Powertips","Custom Start","DeckTracker","KOR Keyword Fix","Minty Spire (QoL Compilation)","Relic Stats","StSLib","SuperFastMode"],"gold_per_floor":[115,115,115,138,151,194,194,194,194],"floor_reached":8,"playtime":125,"items_purged":[],"score":104,"play_id":"15751c00-9c05-4bc8-abc3-f7a64a3a6698","local_time":"20201230223011","is_ascension_mode":true,"campfire_choices":[{"floor":7,"key":"REST"}],"circlet_count":0,"master_deck":["AscendersBane","Strike_P","Strike_P+1","Strike_P","Strike_P+1","Defend_P","Defend_P","Defend_P","Defend_P","Eruption+1","Vigilance","CutThroughFate","MasterReality","DeusExMachina"],"relics":["PureWater","NeowsBlessing","Golden Idol","Whetstone"],"acts_visited":["Exordium"],"potions_floor_usage":[],"damage_taken":[{"damage":0,"enemies":"Small Slimes","floor":1,"turns":1},{"damage":0,"enemies":"2 Louse","floor":4,"turns":1},{"damage":0,"enemies":"Jaw Worm","floor":5,"turns":1},{"damage":59,"enemies":"3 Sentries","floor":6,"turns":10},{"damage":0,"enemies":"Gremlin Nob","floor":8,"turns":2}],"seed_played":"-8183646928834076076","potions_obtained":[{"floor":5,"key":"FairyPotion"},{"floor":6,"key":"Block Potion"}],"is_trial":false,"path_per_floor":["M","?","?","M","M","E","R","E"],"character_chosen":"WATCHER","items_purchased":[],"campfire_rested":1,"item_purchase_floors":[],"current_hp_per_floor":[61,61,61,61,61,2,20,20,20],"gold":194,"neow_bonus":"THREE_ENEMY_KILL","is_daily":false,"chose_seed":false,"campfire_upgraded":0,"win_rate":0.0,"timestamp":1609335011,"path_taken":["M","?","?","M","?","E","R","E"],"items_purchased_type":[],"build_version":"2020-12-22","purchased_purges":0,"victory":false,"max_hp_per_floor":[68,68,62,62,62,62,62,62,62],"relic_stats":{"counters":[5,15],"Golden Idol":17,"Whetstone":["Strike_P","Strike_P"],"obtain_stats":[{"NeowsBlessing":0,"Golden Idol":3,"Whetstone":6,"PureWater":0},{"NeowsBlessing":0,"Golden Idol":1,"Whetstone":4,"PureWater":0},{"NeowsBlessing":0,"Golden Idol":1,"Whetstone":13,"PureWater":0}]},"card_choices":[{"not_picked":["Collect","FlyingSleeves"],"picked":"CutThroughFate","floor":1},{"not_picked":["BowlingBash","Protect","Swivel"],"picked":"SKIP","floor":4},{"not_picked":["FlyingSleeves","ClearTheMind"],"picked":"MasterReality","floor":5},{"not_picked":["EmptyBody","FlurryOfBlows"],"picked":"DeusExMachina","floor":6}],"player_experience":1119785,"relics_obtained":[{"floor":6,"key":"Whetstone"}],"event_choices":[{"damage_healed":0,"gold_gain":0,"player_choice":"Grow","damage_taken":0,"max_hp_gain":0,"max_hp_loss":0,"event_name":"Living Wall","floor":2,"gold_loss":0,"cards_upgraded":["Eruption"]},{"damage_healed":0,"gold_gain":0,"player_choice":"Lose Max HP","damage_taken":0,"relics_obtained":["Golden Idol"],"max_hp_gain":0,"max_hp_loss":6,"event_name":"Golden Idol","floor":3,"gold_loss":0}],"is_beta":false,"boss_relics":[],"items_purged_floors":[],"is_endless":false,"potions_floor_spawned":[5,6],"killed_by":"Gremlin Nob","ascension_level":17}}