{"host":"9n6i2vl93jt4o42q","time":1609349133,"event":{"mods":["BaseMod","Minty Spire (QoL Compilation)","Relic Stats"],"gold_per_floor":[118,131,131,148,148,148,148,148,195,195,220,255,7,23,23,119,119,140,154,204,19,34,34,58,58,58,83,127,27,27,61,61,61,61],"floor_reached":33,"playtime":3017,"items_purged":["Injury","Strike_R"],"score":552,"play_id":"8746efb9-48f8-490a-a88f-5b08a3b47234","local_time":"20201230182533","is_ascension_mode":true,"campfire_choices":[{"data":"True Grit","floor":6,"key":"SMITH"},{"data":"Bash","floor":8,"key":"SMITH"},{"data":"Seeing Red","floor":10,"key":"SMITH"},{"data":"Sword Boomerang","floor":15,"key":"SMITH"},{"data":"Immolate","floor":23,"key":"SMITH"},{"floor":25,"key":"REST"},{"floor":30,"key":"REST"},{"data":"Feel No Pain","floor":32,"key":"SMITH"}],"circlet_count":0,"master_deck":["AscendersBane","Strike_R","Defend_R","Defend_R","Defend_R","Defend_R","Bash+1","Thunderclap+1","True Grit+1","Seeing Red+1","Feel No Pain+1","Anger","Sword Boomerang+1","Burning Pact","Immolate+1","Headbutt","Pummel+1","Shrug It Off","Inflame","Rampage+1","Pommel Strike","Metallicize","Shrug It Off","Power Through"],"relics":["Burning Blood","Golden Idol","Red Skull","Odd Mushroom","Centennial Puzzle","Sling","Empty Cage","Omamori","Whetstone","Art of War"],"acts_visited":["Exordium","TheCity"],"potions_floor_usage":[11,19,28,33,33],"damage_taken":[{"damage":9.0,"enemies":"2 Louse","floor":1.0,"turns":3.0},{"damage":13.0,"enemies":"Small Slimes","floor":2.0,"turns":4.0},{"damage":1,"enemies":"Cultist","floor":4,"turns":4},{"damage":11,"enemies":"The Mushroom Lair","floor":11,"turns":4},{"damage":26,"enemies":"3 Sentries","floor":12,"turns":11},{"damage":10,"enemies":"Lots of Slimes","floor":14,"turns":3},{"damage":16,"enemies":"Hexaghost","floor":16,"turns":8},{"damage":29,"enemies":"Chosen","floor":18,"turns":7},{"damage":10,"enemies":"Spheric Guardian","floor":19,"turns":4},{"damage":24,"enemies":"Snake Plant","floor":22,"turns":3},{"damage":7,"enemies":"3 Cultists","floor":24,"turns":3},{"damage":13,"enemies":"Snecko","floor":27,"turns":3},{"damage":16,"enemies":"Book of Stabbing","floor":28,"turns":4},{"damage":13,"enemies":"Gremlin Leader","floor":31,"turns":4},{"damage":50,"enemies":"Collector","floor":33,"turns":6}],"seed_played":"-2108315178861782706","potions_obtained":[{"floor":2.0,"key":"DistilledChaos"},{"floor":11,"key":"EssenceOfSteel"},{"floor":16,"key":"Ancient Potion"},{"floor":24,"key":"Weak Potion"},{"floor":28,"key":"GamblersBrew"}],"is_trial":false,"path_per_floor":["M","M","?","M","?","R","?","R","T","R","?","E","$","M","R","B",null,"M","M","?","$","M","R","M","R","T","M","E","$","R","E","R","B"],"character_chosen":"IRONCLAD","items_purchased":["Sling","Shrug It Off","Inflame","Rampage"],"campfire_rested":2,"item_purchase_floors":[13,21,21,21],"current_hp_per_floor":[65,58,51,56,56,56,61,61,61,61,56,36,36,32,32,22,66,43,39,39,39,21,21,20,44,44,37,27,27,51,44,44,0,0],"gold":61,"neow_bonus":"THREE_CARDS","is_daily":false,"chose_seed":false,"campfire_upgraded":6,"win_rate":0.0,"timestamp":1609349133,"path_taken":["M","M","?","M","?","R","?","R","T","R","?","E","$","M","R","BOSS","M","M","?","?","M","R","M","R","T","?","E","$","R","E","R","BOSS"],"items_purchased_type":["Relic","Card","Card","Card"],"build_version":"2020-12-22","purchased_purges":2,"victory":false,"max_hp_per_floor":[75,75,75,75,75,75,80,80,80,80,80,80,80,80,80,80,80,80,80,80,80,80,80,80,80,80,80,80,80,80,80,80,80,80],"relic_stats":{"Centennial Puzzle":[30],"counters":[15,71],"Golden Idol":70,"Art of War":[0],"Whetstone":["Thunderclap","Rampage"],"obtain_stats":[{"Centennial Puzzle":12,"Golden Idol":5,"Omamori":26,"Art of War":31,"Whetstone":28,"Odd Mushroom":11,"Sling":13,"Empty Cage":17,"Burning Blood":0,"Red Skull":9},{"Centennial Puzzle":5,"Golden Idol":3,"Omamori":11,"Art of War":14,"Whetstone":13,"Odd Mushroom":4,"Sling":5,"Empty Cage":7,"Burning Blood":0,"Red Skull":3},{"Centennial Puzzle":26,"Golden Idol":11,"Omamori":54,"Art of War":65,"Whetstone":61,"Odd Mushroom":15,"Sling":26,"Empty Cage":37,"Burning Blood":0,"Red Skull":11}],"Burning Blood":84},"card_choices":[{"not_picked":["Pummel","Havoc"],"picked":"Thunderclap","floor":0.0},{"not_picked":["Warcry","Perfected Strike"],"picked":"True Grit","floor":1.0},{"not_picked":["Pommel Strike","Spot Weakness"],"picked":"Seeing Red","floor":2.0},{"not_picked":["Sentinel","Combust"],"picked":"Feel No Pain","floor":4},{"not_picked":["Thunderclap","Ghostly Armor"],"picked":"Anger","floor":11},{"not_picked":["Entrench","Feel No Pain"],"picked":"Sword Boomerang","floor":12},{"not_picked":["Iron Wave","Twin Strike"],"picked":"Burning Pact","floor":14},{"not_picked":["Barricade","Corruption"],"picked":"Immolate","floor":16},{"not_picked":["Dual Wield","Searing Blow"],"picked":"Headbutt","floor":18},{"not_picked":["Rage","Iron Wave"],"picked":"Pummel+1","floor":19},{"not_picked":["Body Slam","Thunderclap"],"picked":"Pommel Strike","floor":22},{"not_picked":["Pummel","Body Slam","Anger"],"picked":"SKIP","floor":24},{"not_picked":["Clash","Burning Pact"],"picked":"Metallicize","floor":27},{"not_picked":["Immolate","Inflame"],"picked":"Shrug It Off","floor":28},{"not_picked":["Headbutt+1","Evolve"],"picked":"Power Through","floor":31}],"player_experience":1983691,"relics_obtained":[{"floor":9,"key":"Red Skull"},{"floor":11,"key":"Odd Mushroom"},{"floor":12,"key":"Centennial Puzzle"},{"floor":26,"key":"Omamori"},{"floor":28,"key":"Whetstone"},{"floor":31,"key":"Art of War"}],"event_choices":[{"cards_removed":["Strike_R"],"damage_healed":0.0,"max_hp_gain":0.0,"max_hp_loss":0.0,"gold_gain":0.0,"event_name":"Golden Wing","player_choice":"Card Removal","floor":3.0,"gold_loss":0.0,"damage_taken":7.0},{"damage_healed":0,"gold_gain":0,"player_choice":"Take Wound","damage_taken":0,"relics_obtained":["Golden Idol"],"max_hp_gain":0,"max_hp_loss":0,"event_name":"Golden Idol","floor":5,"gold_loss":0,"cards_obtained":["Injury"]},{"damage_healed":0,"gold_gain":0,"player_choice":"Donut","damage_taken":0,"max_hp_gain":5,"max_hp_loss":0,"event_name":"Big Fish","floor":7,"gold_loss":0},{"damage_healed":0,"gold_gain":0,"player_choice":"Fought Mushrooms","damage_taken":0,"max_hp_gain":0,"max_hp_loss":0,"event_name":"Mushrooms","floor":11,"gold_loss":0},{"damage_healed":0,"gold_gain":100,"player_choice":"Bet on Murderer","damage_taken":0,"max_hp_gain":0,"max_hp_loss":0,"event_name":"The Joust","floor":20,"gold_loss":50}],"is_beta":false,"boss_relics":[{"not_picked":["Calling Bell","Coffee Dripper"],"picked":"Empty Cage"}],"items_purged_floors":[13,29],"is_endless":false,"potions_floor_spawned":[2,11,16,24,27,28],"killed_by":"Collector","ascension_level":19}}