{"host":"lklj3eidp7g5an38","time":1609351874,"event":{"mods":["BaseMod","Minty Spire (QoL Compilation)","Relic Stats","StSLib"],"gold_per_floor":[116,132,132,150,150,182,182,192,192,203,234,234,246,264,264,338,338,358,358,283,187,198,198,229,229,278,308,319,319,319,33,333,407,407,425,441,487,487,144,144,161,161,186,199,199,214,231,72,72,72,72,72,32,61,61,61],"floor_reached":55,"playtime":5556,"items_purged":["Strike_P+1","Shame"],"score":1280,"play_id":"798da47a-5c54-41f6-b825-8e450cff6f43","local_time":"20201230181114","is_ascension_mode":true,"campfire_choices":[{"floor":7.0,"key":"REST"},{"floor":15.0,"key":"REST"},{"floor":23.0,"key":"RECALL"},{"floor":25.0,"key":"REST"},{"floor":32.0,"key":"DIG"},{"floor":40,"key":"DIG"},{"floor":42,"key":"DIG"},{"floor":45,"key":"DIG"},{"data":"Defend_P+1","floor":49,"key":"PURGE"},{"data":"Strike_P+1","floor":52,"key":"PURGE"}],"circlet_count":0,"master_deck":["AscendersBane","Strike_P+1","Defend_P+1","Defend_P+1","Defend_P+1","Eruption+1","Vigilance","Tantrum","Protect+1","BowlingBash","ReachHeaven","DevaForm","ThirdEye+1","Study","MasterReality","Evaluate","LikeWater+1","Consecrate+1","ClearTheMind+1","FlurryOfBlows+1","WheelKick","Fasting2","Meditate","LessonLearned+1","Wireheading","DeusExMachina","ThirdEye","InnerPeace","Fasting2+1","MentalFortress+1","Vault"],"relics":["Fusion Hammer","Oddly Smooth Stone","Ornamental Fan","GoldenEye","Snecko Eye","Art of War","PreservedInsect","Du-Vu Doll","Shovel","Old Coin","Cursed Key","CloakClasp","Membership Card","Meat on the Bone","Peace Pipe","Frozen Egg 2","Pen Nib","Anchor","Letter Opener"],"acts_visited":["Exordium","TheCity","TheBeyond","TheEnding"],"potions_floor_usage":[37,50,55],"damage_taken":[{"damage":0.0,"enemies":"2 Louse","floor":1.0,"turns":2.0},{"damage":0.0,"enemies":"Cultist","floor":2.0,"turns":2.0},{"damage":0.0,"enemies":"Jaw Worm","floor":4.0,"turns":2.0},{"damage":4.0,"enemies":"Lagavulin","floor":6.0,"turns":9.0},{"damage":0.0,"enemies":"3 Louse","floor":8.0,"turns":2.0},{"damage":0.0,"enemies":"Blue Slaver","floor":10.0,"turns":4.0},{"damage":14.0,"enemies":"Gremlin Nob","floor":11.0,"turns":4.0},{"damage":18.0,"enemies":"Exordium Thugs","floor":13.0,"turns":6.0},{"damage":0.0,"enemies":"Gremlin Gang","floor":14.0,"turns":2.0},{"damage":0.0,"enemies":"Slime Boss","floor":16.0,"turns":5.0},{"damage":11.0,"enemies":"Shell Parasite","floor":18.0,"turns":4.0},{"damage":0.0,"enemies":"Chosen","floor":22.0,"turns":4.0},{"damage":20.0,"enemies":"Gremlin Leader","floor":24.0,"turns":6.0},{"damage":15.0,"enemies":"Book of Stabbing","floor":27.0,"turns":5.0},{"damage":1.0,"enemies":"Centurion and Healer","floor":28.0,"turns":4.0},{"damage":10,"enemies":"Champ","floor":33,"turns":7},{"damage":22,"enemies":"3 Darklings","floor":35,"turns":5},{"damage":0,"enemies":"Orb Walker","floor":36,"turns":4},{"damage":10,"enemies":"2 Orb Walkers","floor":37,"turns":3},{"damage":23,"enemies":"Spire Growth","floor":41,"turns":8},{"damage":0,"enemies":"3 Darklings","floor":44,"turns":4},{"damage":16,"enemies":"Jaw Worm Horde","floor":46,"turns":4},{"damage":2,"enemies":"Sphere and 2 Shapes","floor":47,"turns":3},{"damage":12,"enemies":"Donu and Deca","floor":50,"turns":6},{"damage":23,"enemies":"Shield and Spear","floor":54,"turns":6},{"damage":39,"enemies":"The Heart","floor":55,"turns":3}],"seed_played":"2541690837177294325","potions_obtained":[{"floor":2.0,"key":"BlessingOfTheForge"},{"floor":6.0,"key":"StancePotion"},{"floor":13.0,"key":"SpeedPotion"},{"floor":14.0,"key":"Block Potion"},{"floor":18.0,"key":"SpeedPotion"},{"floor":36,"key":"Block Potion"},{"floor":37,"key":"PowerPotion"},{"floor":46,"key":"StancePotion"}],"is_trial":false,"path_per_floor":["M","M","?","M","?","E","R","M","T","M","E","?","M","M","R","B",null,"M","?","?","$","M","R","E","R","T","E","M","?","?","$","R","B",null,"M","M","?","?","$","R","M","R","T","M","R","M","M","$","R","B",null,"R","$","E","B"],"character_chosen":"WATCHER","items_purchased":["LikeWater","Consecrate","Shovel","Membership Card","Meat on the Bone","Wireheading","Fasting2+1","Anchor","MentalFortress+1"],"campfire_rested":3,"item_purchase_floors":[21,21,31,39,39,39,48,48,53],"current_hp_per_floor":[61,61,61,61,41,37,57,57,57,57,43,43,25,25,45,45,62,51,51,51,51,51,51,31,51,51,36,35,35,35,35,35,25,57,35,35,25,56,56,56,33,33,33,33,33,29,39,39,39,39,52,52,52,29,0,0],"gold":61,"neow_bonus":"BOSS_RELIC","is_daily":false,"chose_seed":false,"campfire_upgraded":0,"win_rate":0.0,"timestamp":1609351874,"path_taken":["M","M","?","?","?","E","R","M","T","M","E","?","M","M","R","BOSS","M","?","?","?","?","R","E","R","T","E","?","?","?","$","R","BOSS","M","M","?","?","?","R","M","R","T","M","R","?","M","$","R","BOSS","R","$","E","BOSS"],"items_purchased_type":["Card","Card","Relic","Relic","Relic","Card","Card","Relic","Card"],"build_version":"2020-12-22","purchased_purges":2,"victory":false,"max_hp_per_floor":[68,68,68,68,68,68,68,68,68,68,68,68,68,68,68,68,68,68,68,68,68,68,68,68,68,68,68,68,68,68,68,68,68,68,68,68,68,56,56,56,56,56,56,56,56,56,56,56,56,56,56,56,56,56,56,56],"relic_stats":{"counters":[26,114],"PreservedInsect":120,"Pen Nib":[4],"CloakClasp":[127],"Letter Opener":[5],"GoldenEye":[55],"Cursed Key":1,"Peace Pipe":2,"Shovel":4,"Ornamental Fan":[168],"Snecko Eye":[152,159,163,129],"Art of War":[11],"obtain_stats":[{"Oddly Smooth Stone":6,"PreservedInsect":26,"Pen Nib":45,"CloakClasp":37,"Letter Opener":54,"Frozen Egg 2":42,"GoldenEye":11,"Cursed Key":34,"Old Coin":32,"Du-Vu Doll":27,"Peace Pipe":40,"Anchor":48,"Shovel":31,"Ornamental Fan":9,"Snecko Eye":17,"Fusion Hammer":0,"Art of War":24,"Membership Card":39,"PureWater":0,"Meat on the Bone":39},{"Oddly Smooth Stone":4,"PreservedInsect":13,"Pen Nib":21,"CloakClasp":19,"Letter Opener":25,"Frozen Egg 2":20,"GoldenEye":7,"Cursed Key":16,"Old Coin":15,"Du-Vu Doll":14,"Peace Pipe":19,"Anchor":23,"Shovel":15,"Ornamental Fan":5,"Snecko Eye":10,"Fusion Hammer":0,"Art of War":13,"Membership Card":19,"PureWater":0,"Meat on the Bone":19},{"Oddly Smooth Stone":15,"PreservedInsect":52,"Pen Nib":92,"CloakClasp":80,"Letter Opener":111,"Frozen Egg 2":88,"GoldenEye":25,"Cursed Key":68,"Old Coin":61,"Du-Vu Doll":57,"Peace Pipe":80,"Anchor":99,"Shovel":61,"Ornamental Fan":17,"Snecko Eye":38,"Fusion Hammer":0,"Art of War":52,"Membership Card":80,"PureWater":0,"Meat on the Bone":80}],"Meat on the Bone":36},"card_choices":[{"not_picked":["Protect","JustLucky"],"picked":"Tantrum","floor":1.0},{"not_picked":["SashWhip","Prostrate"],"picked":"FlyingSleeves","floor":2.0},{"not_picked":["Consecrate","WaveOfTheHand"],"picked":"Protect","floor":4.0},{"not_picked":["CutThroughFate","Prostrate"],"picked":"BowlingBash","floor":6.0},{"not_picked":["Evaluate","SashWhip"],"picked":"ReachHeaven","floor":8.0},{"not_picked":["CutThroughFate","Crescendo"],"picked":"DevaForm","floor":10.0},{"not_picked":["Prostrate","EmptyFist","Vengeance"],"picked":"SKIP","floor":11.0},{"not_picked":["CrushJoints","DeceiveReality"],"picked":"ThirdEye","floor":13.0},{"not_picked":["Protect","FollowUp"],"picked":"Study","floor":14.0},{"not_picked":["Wish","Scrawl"],"picked":"MasterReality","floor":16.0},{"not_picked":["SashWhip","ClearTheMind"],"picked":"Evaluate","floor":18.0},{"not_picked":["Pray","DeceiveReality"],"picked":"ClearTheMind+1","floor":22.0},{"not_picked":["EmptyFist","Wallop"],"picked":"FlurryOfBlows+1","floor":24.0},{"not_picked":["Protect","EmptyMind"],"picked":"WheelKick","floor":27.0},{"not_picked":["FlyingSleeves","Pray"],"picked":"Fasting2","floor":28.0},{"not_picked":["Omniscience","SpiritShield"],"picked":"LessonLearned","floor":33},{"not_picked":["WheelKick+1","Study","FlurryOfBlows"],"picked":"SKIP","floor":35},{"not_picked":["FollowUp+1","ClearTheMind","WaveOfTheHand"],"picked":"SKIP","floor":36},{"not_picked":["BowlingBash+1","FollowUp+1"],"picked":"DeusExMachina","floor":41},{"not_picked":["PathToVictory","WindmillStrike","Tantrum"],"picked":"SKIP","floor":44},{"not_picked":["EmptyFist","ClearTheMind"],"picked":"ThirdEye","floor":46},{"not_picked":["SashWhip+1","CrushJoints"],"picked":"InnerPeace","floor":47},{"not_picked":["Evaluate","Consecrate"],"picked":"Vault","floor":54}],"player_experience":876681,"relics_obtained":[{"floor":6.0,"key":"Oddly Smooth Stone"},{"floor":9.0,"key":"Ornamental Fan"},{"floor":11.0,"key":"GoldenEye"},{"floor":24.0,"key":"Art of War"},{"floor":26.0,"key":"PreservedInsect"},{"floor":27.0,"key":"Du-Vu Doll"},{"floor":32.0,"key":"Old Coin"},{"floor":37,"key":"CloakClasp"},{"floor":40,"key":"Peace Pipe"},{"floor":42,"key":"Frozen Egg 2"},{"floor":45,"key":"Pen Nib"},{"floor":54,"key":"Letter Opener"}],"event_choices":[{"cards_removed":["Strike_P"],"damage_healed":0.0,"max_hp_gain":0.0,"max_hp_loss":0.0,"gold_gain":0.0,"event_name":"Purifier","player_choice":"Purged","floor":3.0,"gold_loss":0.0,"damage_taken":0.0},{"damage_healed":0.0,"max_hp_gain":0.0,"max_hp_loss":0.0,"gold_gain":0.0,"event_name":"Shining Light","player_choice":"Entered Light","floor":5.0,"gold_loss":0.0,"damage_taken":20.0,"cards_upgraded":["Defend_P","Strike_P"]},{"damage_healed":0.0,"max_hp_gain":0.0,"max_hp_loss":0.0,"gold_gain":0.0,"event_name":"Liars Game","player_choice":"Ignored","floor":12.0,"gold_loss":0.0,"damage_taken":0.0},{"damage_healed":0.0,"max_hp_gain":0.0,"max_hp_loss":0.0,"gold_gain":0.0,"event_name":"Back to Basics","player_choice":"Simplicity","floor":19.0,"gold_loss":0.0,"damage_taken":0.0,"cards_upgraded":["Strike_P","Strike_P","Defend_P","Defend_P","Defend_P"]},{"cards_removed":["FlyingSleeves"],"damage_healed":0.0,"max_hp_gain":0.0,"max_hp_loss":0.0,"gold_gain":0.0,"event_name":"Beggar","player_choice":"Gave Gold","floor":20.0,"gold_loss":75.0,"damage_taken":0.0},{"damage_healed":0.0,"max_hp_gain":0.0,"max_hp_loss":0.0,"gold_gain":0.0,"event_name":"Vampires","player_choice":"Ignored","floor":29.0,"gold_loss":0.0,"damage_taken":0.0},{"damage_healed":0.0,"max_hp_gain":0.0,"max_hp_loss":0.0,"gold_gain":0.0,"event_name":"The Library","player_choice":"Read","floor":30.0,"gold_loss":0.0,"damage_taken":0.0,"cards_obtained":["Meditate"]},{"damage_healed":0,"gold_gain":0,"player_choice":"Fight","damage_taken":0,"max_hp_gain":0,"max_hp_loss":0,"event_name":"Mysterious Sphere","floor":37,"gold_loss":0},{"damage_healed":56,"gold_gain":0,"player_choice":"Heal","damage_taken":0,"max_hp_gain":0,"max_hp_loss":12,"event_name":"The Moai Head","floor":38,"gold_loss":0}],"is_beta":false,"boss_relics":[{"not_picked":["Runic Dome","Pandora\u0027s Box"],"picked":"Snecko Eye"},{"not_picked":["Velvet Choker","Astrolabe"],"picked":"Cursed Key"}],"items_purged_floors":[39,48],"is_endless":false,"potions_floor_spawned":[2,6,13,14,18,36,37,46,47],"killed_by":"The Heart","ascension_level":15}}