{"host":"9b7hrp48q3pna783","time":1609353688,"event":{"mods":["BaseMod","Colored Map","Colored Powertips","Highlight Path","Minty Spire (QoL Compilation)","Relic Stats"],"gold_per_floor":[112,112,127,143,161,190,190,202,228,243,259,294,313,325,325,427,427,438,450,365,211,228,228,128,128,128,160,35,35,35,49,49,148,148,158,174,174,174,174,174],"floor_reached":39,"playtime":2480,"items_purged":["Strike_G","Strike_G","Strike_G"],"score":465,"play_id":"417fa830-9c8c-4884-9eb1-8feba42825e4","local_time":"20201230134128","is_ascension_mode":false,"campfire_choices":[{"data":"Infinite Blades","floor":7.0,"key":"SMITH"},{"data":"Neutralize","floor":15,"key":"SMITH"},{"data":"Noxious Fumes","floor":23,"key":"SMITH"},{"data":"Footwork","floor":25,"key":"SMITH"},{"data":"Blur","floor":29,"key":"SMITH"},{"data":"Deadly Poison","floor":32,"key":"SMITH"}],"circlet_count":0,"master_deck":["Strike_G","Strike_G","Defend_G","Defend_G","Defend_G","Defend_G","Defend_G","Survivor","Neutralize+1","Panacea","Infinite Blades+1","Poisoned Stab","Backflip","Poisoned Stab","Adrenaline","Bane","Footwork+1","Blur+1","Catalyst","Acrobatics","Noxious Fumes+1","Deadly Poison+1","Deadly Poison+1","Blade Dance+1","Flash of Steel"],"relics":["Ring of the Snake","Ice Cream","Vajra","Juzu Bracelet","Happy Flower","Ornamental Fan","Dream Catcher","Busted Crown"],"acts_visited":["Exordium","TheCity","TheBeyond"],"potions_floor_usage":[12,12,12,12,12,13,16,18,27,27,31,33,35,39],"damage_taken":[{"damage":5.0,"enemies":"2 Louse","floor":1.0,"turns":6.0},{"damage":6.0,"enemies":"Cultist","floor":3.0,"turns":4.0},{"damage":0.0,"enemies":"Small Slimes","floor":4.0,"turns":5.0},{"damage":2.0,"enemies":"2 Fungi Beasts","floor":5.0,"turns":4.0},{"damage":12.0,"enemies":"Gremlin Nob","floor":6.0,"turns":4.0},{"damage":0.0,"enemies":"3 Louse","floor":8.0,"turns":2.0},{"damage":0.0,"enemies":"Blue Slaver","floor":10.0,"turns":3.0},{"damage":16.0,"enemies":"Large Slime","floor":11.0,"turns":3.0},{"damage":5,"enemies":"Lagavulin","floor":12,"turns":4},{"damage":0,"enemies":"Lots of Slimes","floor":13,"turns":4},{"damage":1,"enemies":"2 Fungi Beasts","floor":14,"turns":4},{"damage":7,"enemies":"Hexaghost","floor":16,"turns":11},{"damage":4,"enemies":"Shell Parasite","floor":18,"turns":5},{"damage":17,"enemies":"Chosen","floor":19,"turns":7},{"damage":11,"enemies":"Centurion and Healer","floor":22,"turns":8},{"damage":1,"enemies":"Book of Stabbing","floor":27,"turns":7},{"damage":0,"enemies":"Sentry and Sphere","floor":31,"turns":5},{"damage":0,"enemies":"Champ","floor":33,"turns":11},{"damage":8,"enemies":"3 Darklings","floor":35,"turns":5},{"damage":58,"enemies":"3 Shapes","floor":36,"turns":4},{"damage":6,"enemies":"Transient","floor":39,"turns":4}],"seed_played":"-2092484811183124054","potions_obtained":[{"floor":2.0,"key":"SteroidPotion"},{"floor":2.0,"key":"Explosive Potion"},{"floor":2.0,"key":"Regen Potion"},{"floor":5.0,"key":"Energy Potion"},{"floor":8.0,"key":"SkillPotion"},{"floor":11,"key":"EntropicBrew"},{"floor":12,"key":"SpeedPotion"},{"floor":14,"key":"Regen Potion"},{"floor":16,"key":"LiquidBronze"},{"floor":19,"key":"GhostInAJar"},{"floor":27,"key":"SteroidPotion"},{"floor":31,"key":"Poison Potion"},{"floor":33,"key":"Energy Potion"},{"floor":36,"key":"BlessingOfTheForge"}],"is_trial":false,"path_per_floor":["M","?","M","M","M","E","R","M","T","M","M","E","M","M","R","B",null,"M","M","?","$","M","R","$","R","T","E","$","R","?","M","R","B",null,"M","M","?","?","M"],"character_chosen":"THE_SILENT","items_purchased":["Noxious Fumes"],"campfire_rested":0,"item_purchase_floors":[21],"current_hp_per_floor":[65,65,59,59,57,45,45,45,45,45,29,36,36,35,35,43,70,66,49,49,49,38,38,38,38,38,37,37,37,21,21,21,21,70,62,4,4,4,0,0],"gold":174,"neow_bonus":"RANDOM_COLORLESS","is_daily":false,"chose_seed":false,"campfire_upgraded":6,"win_rate":0.0,"timestamp":1609353688,"path_taken":["M","?","M","M","M","E","R","M","T","M","?","E","M","M","R","BOSS","M","M","?","$","M","R","$","R","T","E","$","R","?","M","R","BOSS","M","M","?","?","M"],"items_purchased_type":["Card"],"build_version":"2020-12-22","purchased_purges":3,"victory":false,"max_hp_per_floor":[70,70,70,70,70,70,70,70,70,70,70,70,70,70,70,70,70,70,70,70,70,70,70,70,70,70,70,70,70,70,70,70,70,70,70,70,70,70,70,70],"relic_stats":{"Dream Catcher":0,"Busted Crown":6,"Happy Flower":[14],"counters":[21,110],"Ornamental Fan":[56],"Juzu Bracelet":0,"obtain_stats":[{"Ice Cream":6,"Dream Catcher":27,"Busted Crown":34,"Happy Flower":20,"Ornamental Fan":26,"Vajra":9,"Juzu Bracelet":12,"Ring of the Snake":0},{"Ice Cream":5,"Dream Catcher":16,"Busted Crown":18,"Happy Flower":14,"Ornamental Fan":15,"Vajra":6,"Juzu Bracelet":9,"Ring of the Snake":0},{"Ice Cream":23,"Dream Catcher":81,"Busted Crown":97,"Happy Flower":66,"Ornamental Fan":74,"Vajra":25,"Juzu Bracelet":35,"Ring of the Snake":0}],"Ring of the Snake":[42]},"card_choices":[{"not_picked":["Flash of Steel","Mind Blast"],"picked":"Panacea","floor":0.0},{"not_picked":["Dagger Spray","Endless Agony"],"picked":"Infinite Blades","floor":1.0},{"not_picked":["Dodge and Roll","Masterful Stab"],"picked":"Poisoned Stab","floor":3.0},{"not_picked":["Underhanded Strike","Masterful Stab"],"picked":"Backflip","floor":4.0},{"not_picked":["Bane","Sucker Punch"],"picked":"Poisoned Stab","floor":5.0},{"not_picked":["Finisher","Deadly Poison"],"picked":"Adrenaline","floor":6.0},{"not_picked":["Reflex","Dagger Spray","Quick Slash"],"picked":"SKIP","floor":8.0},{"not_picked":["Quick Slash","Dagger Spray"],"picked":"Bane","floor":10.0},{"not_picked":["Sucker Punch","Terror","Reflex"],"picked":"SKIP","floor":11},{"not_picked":["Backstab","Dagger Throw"],"picked":"Footwork","floor":12},{"not_picked":["Dagger Spray","Adrenaline"],"picked":"Blur","floor":13},{"not_picked":["Deflect","Underhanded Strike"],"picked":"Catalyst","floor":14},{"not_picked":["Deflect","Slice+1"],"picked":"Acrobatics","floor":18},{"not_picked":["Quick Slash","Dash","Deflect"],"picked":"SKIP","floor":19},{"not_picked":["Prepared","Flechettes"],"picked":"Deadly Poison+1","floor":22},{"not_picked":["Bane","Flechettes","Tactician+1"],"picked":"SKIP","floor":27},{"not_picked":["Backstab","Masterful Stab"],"picked":"Deadly Poison","floor":31},{"not_picked":["Choke"],"picked":"SKIP","floor":35},{"not_picked":[],"picked":"Blade Dance+1","floor":36},{"not_picked":[],"picked":"Flash of Steel","floor":37}],"player_experience":43590,"relics_obtained":[{"floor":6.0,"key":"Ice Cream"},{"floor":9.0,"key":"Vajra"},{"floor":12,"key":"Juzu Bracelet"},{"floor":26,"key":"Ornamental Fan"},{"floor":27,"key":"Dream Catcher"}],"event_choices":[{"damage_healed":0.0,"max_hp_gain":0.0,"max_hp_loss":0.0,"gold_gain":0.0,"event_name":"Lab","player_choice":"Got Potions","floor":2.0,"gold_loss":0.0,"damage_taken":0.0},{"damage_healed":0,"gold_gain":0,"player_choice":"Obtained Relic","damage_taken":0,"relics_obtained":["Happy Flower"],"max_hp_gain":0,"max_hp_loss":0,"event_name":"Addict","floor":20,"gold_loss":85},{"damage_healed":0,"gold_gain":0,"player_choice":"Obtained Book","damage_taken":16,"max_hp_gain":0,"max_hp_loss":0,"event_name":"Cursed Tome","floor":30,"gold_loss":0},{"damage_healed":0,"gold_gain":0,"player_choice":"Memory 1","damage_taken":0,"max_hp_gain":0,"max_hp_loss":0,"event_name":"SensoryStone","floor":37,"gold_loss":0},{"damage_healed":0,"gold_gain":0,"player_choice":"Ignored","damage_taken":0,"max_hp_gain":0,"max_hp_loss":0,"event_name":"Tomb of Lord Red Mask","floor":38,"gold_loss":0}],"is_beta":false,"boss_relics":[{"not_picked":[]},{"not_picked":["Velvet Choker","SacredBark"],"picked":"Busted Crown"}],"items_purged_floors":[21,24,28],"is_endless":false,"potions_floor_spawned":[5,6,8,11,12,14,16,19,27,31,33,36],"killed_by":"Transient","ascension_level":0}}