{"host":"i09pxcjttd31eh4q","time":1609304114,"event":{"mods":["AchievementEnabler","BaseMod","Colored Map","Keyboard Shortcuts","Minty Spire (QoL Compilation)","StSLib","SuperFastMode"],"gold_per_floor":[118,133,152,164,164,164,178,178,232,248,248,248,173,173,173,173,173],"floor_reached":16,"playtime":327,"items_purged":["Strike_G"],"score":184,"play_id":"17127bbd-ee98-42fb-850c-fa5b8edbca69","local_time":"20201230135514","is_ascension_mode":true,"campfire_choices":[{"data":"Strike_G","floor":6.0,"key":"PURGE"},{"data":"Defend_G","floor":8.0,"key":"PURGE"},{"data":"Strike_G","floor":12,"key":"PURGE"},{"data":"Defend_G","floor":15,"key":"PURGE"}],"circlet_count":0,"master_deck":["AscendersBane","Strike_G","Strike_G","Defend_G","Defend_G","Defend_G","Survivor","Neutralize","Well Laid Plans","Underhanded Strike","Crippling Poison","Acrobatics","Venomology"],"relics":["Ring of the Snake","Peace Pipe","Golden Idol","Toy Ornithopter"],"acts_visited":["Exordium"],"potions_floor_usage":[16],"damage_taken":[{"damage":6.0,"enemies":"Cultist","floor":1.0,"turns":5.0},{"damage":6.0,"enemies":"Small Slimes","floor":2.0,"turns":5.0},{"damage":2.0,"enemies":"2 Louse","floor":3.0,"turns":4.0},{"damage":18.0,"enemies":"Large Slime","floor":4.0,"turns":7.0},{"damage":10.0,"enemies":"Exordium Wildlife","floor":7.0,"turns":6.0},{"damage":4.0,"enemies":"2 Fungi Beasts","floor":10.0,"turns":4.0},{"damage":2,"enemies":"Hexaghost","floor":16,"turns":5}],"seed_played":"-3940248906272800498","potions_obtained":[{"floor":3.0,"key":"Explosive Potion"},{"floor":4.0,"key":"GhostInAJar"},{"floor":10.0,"key":"Poison Potion"}],"is_trial":false,"path_per_floor":["M","M","M","M","?","R","M","R","T","M","?","R","$","?","R","B"],"character_chosen":"THE_SILENT","items_purchased":[],"campfire_rested":0,"item_purchase_floors":[],"current_hp_per_floor":[53,47,45,27,27,27,17,17,17,13,13,13,13,13,13,16,16],"gold":173,"neow_bonus":"ONE_RARE_RELIC","is_daily":false,"chose_seed":false,"campfire_upgraded":0,"win_rate":0.0,"timestamp":1609304114,"path_taken":["M","M","M","M","?","R","M","R","T","M","?","R","$","?","R","BOSS"],"items_purchased_type":[],"build_version":"2020-12-22","purchased_purges":1,"victory":false,"max_hp_per_floor":[60,60,60,60,54,54,54,54,54,54,54,54,54,54,54,54,54],"card_choices":[{"not_picked":["Flying Knee","Catalyst","Slice"],"picked":"SKIP","floor":1.0},{"not_picked":["Escape Plan","Backflip"],"picked":"Well Laid Plans","floor":2.0},{"not_picked":["Outmaneuver","Slice"],"picked":"Underhanded Strike","floor":3.0},{"not_picked":["Outmaneuver","Deadly Poison"],"picked":"Crippling Poison","floor":4.0},{"not_picked":["Deadly Poison","Expertise"],"picked":"Acrobatics","floor":7.0},{"not_picked":["Slice","PiercingWail"],"picked":"Venomology","floor":10.0}],"player_experience":791329,"relics_obtained":[{"floor":9.0,"key":"Toy Ornithopter"}],"event_choices":[{"damage_healed":0.0,"max_hp_gain":0.0,"max_hp_loss":6.0,"gold_gain":0.0,"event_name":"Golden Idol","player_choice":"Lose Max HP","floor":5.0,"gold_loss":0.0,"damage_taken":0.0,"relics_obtained":["Golden Idol"]},{"damage_healed":0,"gold_gain":0,"player_choice":"Fled","damage_taken":0,"max_hp_gain":0,"max_hp_loss":0,"event_name":"Scrap Ooze","floor":11,"gold_loss":0},{"damage_healed":0,"gold_gain":0,"player_choice":"Ignored","damage_taken":0,"max_hp_gain":0,"max_hp_loss":0,"event_name":"Liars Game","floor":14,"gold_loss":0}],"is_beta":false,"boss_relics":[],"items_purged_floors":[13],"is_endless":false,"potions_floor_spawned":[3,4,10],"killed_by":"Hexaghost","ascension_level":20}}