{"host":"fmtvje4mks8zli8e","time":1609291918,"event":{"mods":["AchievementEnabler","AlwaysNeverKeys","BaseMod","BetterRewards","Minty Spire (QoL Compilation)","READ ME - Guardian Mod","Remove Card Discount Mod","StSLib","The Cursed","The Druid","The Servant 0.9.4","The Wild Card"],"gold_per_floor":[109,126,126,141,156,156,188,188,188,213,233,247,247,275,275,376,376,394,394,240,253,263,295,295,326,326,372,395,407,453,480,492,504,504],"floor_reached":33,"playtime":1441,"items_purged":["Pain"],"score":616,"play_id":"5b642be8-8e64-44b3-9141-622d41f8c65d","local_time":"20201229193158","is_ascension_mode":true,"campfire_choices":[{"data":"Dualcast","floor":6.0,"key":"SMITH"},{"data":"Zap","floor":8.0,"key":"SMITH"},{"data":"White Noise","floor":13.0,"key":"SMITH"},{"data":"Consume","floor":15.0,"key":"SMITH"},{"data":"Machine Learning","floor":32,"key":"SMITH"}],"circlet_count":0,"master_deck":["Strike_B","Strike_B","Strike_B","Strike_B","Defend_B","Defend_B","Defend_B","Defend_B","Zap+1","Dualcast+1","Redo+1","Gash","Self Repair","Leap","Consume+1","White Noise+1","Machine Learning+1","Coolheaded","Loop+1"],"relics":["Cracked Core","StrikeDummy","Sling","Cables","Strawberry","TheAbacus","Singing Bowl","Frozen Eye","PreservedInsect","Vajra","Happy Flower","Mummified Hand","Du-Vu Doll","Peace Pipe","Busted Crown","WarpedTongs","Tiny Chest","Bottled Tornado","Smiling Mask","MawBank","Emotion Chip","MutagenicStrength","Letter Opener"],"acts_visited":["Exordium","TheCity"],"potions_floor_usage":[16,22,23,27],"damage_taken":[{"damage":0.0,"enemies":"2 Louse","floor":1.0,"turns":2.0},{"damage":7.0,"enemies":"Jaw Worm","floor":2.0,"turns":3.0},{"damage":0.0,"enemies":"Cultist","floor":4.0,"turns":2.0},{"damage":8.0,"enemies":"Blue Slaver","floor":5.0,"turns":2.0},{"damage":11.0,"enemies":"Lagavulin","floor":7.0,"turns":4.0},{"damage":10.0,"enemies":"3 Sentries","floor":10.0,"turns":3.0},{"damage":4.0,"enemies":"Exordium Wildlife","floor":11.0,"turns":3.0},{"damage":5.0,"enemies":"2 Fungi Beasts","floor":12.0,"turns":3.0},{"damage":0.0,"enemies":"Lagavulin","floor":14.0,"turns":4.0},{"damage":1,"enemies":"Hexaghost","floor":16,"turns":6},{"damage":7,"enemies":"Chosen","floor":18,"turns":3},{"damage":0,"enemies":"Spheric Guardian","floor":21,"turns":3},{"damage":19,"enemies":"Centurion and Healer","floor":22,"turns":5},{"damage":21,"enemies":"Slavers","floor":23,"turns":5},{"damage":19,"enemies":"Gremlin Leader","floor":25,"turns":9},{"damage":25,"enemies":"Slavers","floor":27,"turns":3},{"damage":3,"enemies":"Cultist and Chosen","floor":28,"turns":6},{"damage":14,"enemies":"Gremlin Leader","floor":30,"turns":6},{"damage":38,"enemies":"Snake Plant","floor":31,"turns":4},{"damage":60,"enemies":"Champ","floor":33,"turns":10}],"seed_played":"-2863054769988798244","potions_obtained":[{"floor":2.0,"key":"FocusPotion"},{"floor":5.0,"key":"SpeedPotion"},{"floor":7.0,"key":"Swift Potion"},{"floor":14.0,"key":"SpeedPotion"},{"floor":21,"key":"DuplicationPotion"},{"floor":22,"key":"BlessingOfTheForge"},{"floor":25,"key":"Swift Potion"}],"is_trial":false,"path_per_floor":["M","M","?","M","M","R","E","R","T","E","M","M","R","E","R","B",null,"M","?","$","M","M","E","?","E","T","E","M","?","E","M","R","B"],"character_chosen":"DEFECT","items_purchased":["StrikeDummy","Sling","Cables","Strawberry","TheAbacus","Redo","Singing Bowl","Frozen Eye","PreservedInsect","Vajra","Gash","Self Repair","Tiny Chest"],"campfire_rested":0,"item_purchase_floors":[0,0,0,0,0,0,0,0,0,0,0,0,20],"current_hp_per_floor":[37,37,37,44,36,36,34,34,34,31,34,38,38,47,47,55,92,94,94,94,96,98,93,93,83,83,70,79,79,72,43,43,0,0],"gold":504,"neow_bonus":"","is_daily":false,"chose_seed":false,"campfire_upgraded":5,"win_rate":0.0,"timestamp":1609291918,"path_taken":["M","M","?","M","M","R","E","R","T","E","M","M","R","E","R","BOSS","M","?","?","M","M","E","?","E","T","E","?","?","E","M","R","BOSS"],"items_purchased_type":["Relic","Relic","Relic","Relic","Relic","Card","Relic","Relic","Relic","Relic","Card","Card","Relic"],"build_version":"2020-12-22","purchased_purges":1,"victory":false,"max_hp_per_floor":[84,84,84,84,84,84,86,86,86,86,86,88,88,90,90,92,92,94,94,94,96,98,100,100,102,102,104,106,106,106,108,108,108,108],"card_choices":[{"not_picked":["Redo","Compile Driver","Aggregate"],"picked":"Singing Bowl","floor":1.0},{"not_picked":["BootSequence","Chill"],"picked":"Leap","floor":2.0},{"not_picked":["Sweeping Beam","Conserve Battery"],"picked":"Consume","floor":4.0},{"not_picked":["Sunder","Redo"],"picked":"White Noise","floor":5.0},{"not_picked":["Hyperbeam","Steam","Genetic Algorithm"],"picked":"Singing Bowl","floor":7.0},{"not_picked":["Chill","Blizzard"],"picked":"Machine Learning","floor":10.0},{"not_picked":["Redo","White Noise"],"picked":"Coolheaded","floor":11.0},{"not_picked":["Beam Cell","Streamline","Reprogram"],"picked":"Singing Bowl","floor":12.0},{"not_picked":["Sweeping Beam","Fusion","Lockon"],"picked":"Singing Bowl","floor":14.0},{"not_picked":["Hyperbeam","Seek","Fission"],"picked":"Singing Bowl","floor":16},{"not_picked":["Consume"],"picked":"Singing Bowl","floor":18},{"not_picked":["Cold Snap"],"picked":"Singing Bowl","floor":21},{"not_picked":["Streamline"],"picked":"Singing Bowl","floor":22},{"not_picked":["Turbo"],"picked":"Singing Bowl","floor":23},{"not_picked":["Compile Driver+1"],"picked":"Singing Bowl","floor":25},{"not_picked":["Rebound"],"picked":"Singing Bowl","floor":27},{"not_picked":["Redo"],"picked":"Singing Bowl","floor":28},{"not_picked":[],"picked":"Loop+1","floor":30},{"not_picked":["Turbo"],"picked":"Singing Bowl","floor":31}],"player_experience":3028188,"relics_obtained":[{"floor":7.0,"key":"Happy Flower"},{"floor":9.0,"key":"Mummified Hand"},{"floor":10.0,"key":"Du-Vu Doll"},{"floor":14.0,"key":"Peace Pipe"},{"floor":23,"key":"Bottled Tornado"},{"floor":25,"key":"Smiling Mask"},{"floor":26,"key":"MawBank"},{"floor":27,"key":"Emotion Chip"},{"floor":30,"key":"Letter Opener"}],"event_choices":[{"damage_healed":0.0,"max_hp_gain":0.0,"max_hp_loss":0.0,"gold_gain":0.0,"event_name":"Living Wall","player_choice":"Grow","floor":3.0,"gold_loss":0.0,"damage_taken":0.0,"cards_upgraded":["Redo"]},{"damage_healed":0,"gold_gain":0,"player_choice":"Rummage","damage_taken":0,"relics_obtained":["WarpedTongs"],"max_hp_gain":0,"max_hp_loss":0,"event_name":"Accursed Blacksmith","floor":19,"gold_loss":0,"cards_obtained":["Pain"]},{"damage_healed":0,"gold_gain":0,"player_choice":"Ignored","damage_taken":0,"max_hp_gain":0,"max_hp_loss":0,"event_name":"Vampires","floor":24,"gold_loss":0},{"damage_healed":0,"gold_gain":0,"player_choice":"Inject Mutagens","damage_taken":0,"relics_obtained":["MutagenicStrength"],"max_hp_gain":0,"max_hp_loss":0,"event_name":"Drug Dealer","floor":29,"gold_loss":0}],"is_beta":false,"boss_relics":[{"not_picked":["Tiny House","Fusion Hammer"],"picked":"Busted Crown"}],"items_purged_floors":[20],"is_endless":false,"potions_floor_spawned":[2,5,7,10,14,21,22,25],"killed_by":"Champ","ascension_level":4}}