{"host":"rag04wbrzwiojxfu","time":1609309406,"event":{"mods":["AchievementEnabler","Alarm Clock","BaseMod","Bestiary","Block Reminder","Colored Powertips","Highlight Path","Minty Spire (QoL Compilation)","Quick Restart","Relic Sorter","Relic Stats","Shop Mod","StSLib"],"gold_per_floor":[114,130,130,55,55,90,40,40,117,67,67,67,17,33,33,110,110,125,125,141,91,91,91,91,91,114,114,127,127,127,127,127,127,127],"floor_reached":33,"playtime":2606,"items_purged":["Iron Wave","Reinforced Body","ThirdEye","Leg Sweep"],"score":499,"play_id":"792171dd-32b3-4d6a-a8a7-aae93fad6553","local_time":"20201230002326","daily_mods":["Draft","Allstar","Diverse","Colorless Cards","Heirloom","Flight"],"is_ascension_mode":true,"campfire_choices":[{"floor":8,"key":"DIG"},{"floor":11,"key":"DIG"},{"floor":15,"key":"DIG"},{"floor":23,"key":"DIG"},{"floor":24,"key":"DIG"},{"floor":25,"key":"DIG"},{"floor":27,"key":"DIG"},{"floor":30,"key":"DIG"},{"floor":32,"key":"DIG"}],"circlet_count":0,"master_deck":["AscendersBane","Uppercut","Flex","Dash","Calculated Gamble","WreathOfFlame","Intimidate","Well Laid Plans","Cold Snap","Battle Trance","Discovery","Dark Shackles","Dramatic Entrance","After Image","Writhe"],"relics":["Burning Blood","Shovel","Smiling Mask","Mercury Hourglass","Pear","Singing Bowl","PreservedInsect","Incense Burner","Fusion Hammer","Blood Vial","Lantern","Nunchaku","MealTicket","Happy Flower","Bag of Marbles","Art of War","Akabeko","Letter Opener"],"acts_visited":["Exordium","TheCity"],"potions_floor_usage":[6,14,16],"damage_taken":[{"damage":0,"enemies":"Cultist","floor":1,"turns":3},{"damage":1,"enemies":"2 Louse","floor":2,"turns":3},{"damage":22,"enemies":"3 Sentries","floor":6,"turns":8},{"damage":0,"enemies":"Small Slimes","floor":14,"turns":1},{"damage":19,"enemies":"Slime Boss","floor":16,"turns":12},{"damage":4,"enemies":"Chosen","floor":18,"turns":4},{"damage":14,"enemies":"2 Thieves","floor":20,"turns":4},{"damage":8,"enemies":"Snake Plant","floor":28,"turns":3},{"damage":63,"enemies":"Automaton","floor":33,"turns":10}],"seed_played":"-1490381284038330241","potions_obtained":[{"floor":2,"key":"Swift Potion"},{"floor":6,"key":"AttackPotion"},{"floor":14,"key":"Ancient Potion"}],"is_trial":true,"path_per_floor":["M","M","?","?","?","E","$","R","T","$","R","T","$","M","R","B",null,"M","?","M","$","?","R","R","R","T","R","M","T","R","?","R","B"],"character_chosen":"IRONCLAD","items_purchased":[],"campfire_rested":0,"item_purchase_floors":[],"current_hp_per_floor":[74,75,75,75,75,59,59,69,69,69,69,69,69,77,77,64,81,85,85,79,79,52,52,52,52,52,52,54,54,54,54,54,0,0],"gold":127,"neow_bonus":"","is_daily":false,"chose_seed":false,"campfire_upgraded":0,"win_rate":0.0,"timestamp":1609309406,"path_taken":["M","?","?","?","?","E","?","R","T","$","R","?","$","M","R","BOSS","M","?","M","$","?","R","R","R","T","R","M","?","R","?","R","BOSS"],"items_purchased_type":[],"build_version":"2020-12-22","purchased_purges":4,"victory":false,"max_hp_per_floor":[75,75,75,75,75,75,75,85,85,85,85,85,85,87,87,87,87,89,89,91,91,96,96,96,96,96,96,98,98,98,98,98,98,98],"relic_stats":{"Singing Bowl":8,"Happy Flower":[4],"counters":[9,48],"PreservedInsect":0,"Letter Opener":[40],"Smiling Mask":250,"Burning Blood":44,"Mercury Hourglass":[138],"Blood Vial":4,"Nunchaku":[2],"Shovel":9,"MealTicket":0,"Art of War":[0],"obtain_stats":[{"Lantern":24,"Pear":8,"Singing Bowl":9,"Happy Flower":27,"PreservedInsect":11,"Incense Burner":15,"Letter Opener":32,"Smiling Mask":3,"Burning Blood":0,"Akabeko":31,"Mercury Hourglass":6,"Blood Vial":23,"Nunchaku":25,"Shovel":0,"MealTicket":26,"Fusion Hammer":17,"Bag of Marbles":29,"Art of War":30},{"Lantern":7,"Pear":3,"Singing Bowl":3,"Happy Flower":7,"PreservedInsect":3,"Incense Burner":4,"Letter Opener":8,"Smiling Mask":2,"Burning Blood":0,"Akabeko":8,"Mercury Hourglass":3,"Blood Vial":7,"Nunchaku":7,"Shovel":0,"MealTicket":7,"Fusion Hammer":5,"Bag of Marbles":8,"Art of War":8},{"Lantern":35,"Pear":14,"Singing Bowl":14,"Happy Flower":35,"PreservedInsect":14,"Incense Burner":15,"Letter Opener":38,"Smiling Mask":6,"Burning Blood":0,"Akabeko":38,"Mercury Hourglass":14,"Blood Vial":35,"Nunchaku":35,"Shovel":0,"MealTicket":35,"Fusion Hammer":27,"Bag of Marbles":38,"Art of War":38}]},"card_choices":[{"not_picked":["Catalyst","Pray"],"picked":"Iron Wave","floor":0},{"not_picked":["Redo","EmptyBody"],"picked":"Uppercut","floor":0},{"not_picked":["Stack","Armaments"],"picked":"Flex","floor":0},{"not_picked":["Entrench","CutThroughFate"],"picked":"Dash","floor":0},{"not_picked":["Wallop","ClearTheMind"],"picked":"Rebound","floor":0},{"not_picked":["Storm","Entrench"],"picked":"Calculated Gamble","floor":0},{"not_picked":["Flex","Poisoned Stab"],"picked":"Reinforced Body","floor":0},{"not_picked":["Deadly Poison","Hologram"],"picked":"Leg Sweep","floor":0},{"not_picked":["Wild Strike","Darkness"],"picked":"WreathOfFlame","floor":0},{"not_picked":["Pray","Redo"],"picked":"Intimidate","floor":0},{"not_picked":["Skewer","Good Instincts"],"picked":"Well Laid Plans","floor":0},{"not_picked":["Worship","Lockon"],"picked":"Cold Snap","floor":0},{"not_picked":["Conserve Battery","Hologram"],"picked":"Battle Trance","floor":0},{"not_picked":["Hemokinesis","Acrobatics"],"picked":"Discovery","floor":0},{"not_picked":["CrushJoints","Stack"],"picked":"ThirdEye","floor":0},{"not_picked":["Deadly Poison","Prostrate"],"picked":"Dark Shackles","floor":1},{"not_picked":["Caltrops","Stack"],"picked":"Dramatic Entrance","floor":2},{"not_picked":["Redo","Underhanded Strike","Ball Lightning"],"picked":"SKIP","floor":6},{"not_picked":["Rampage","Choke","Streamline"],"picked":"Singing Bowl","floor":14},{"not_picked":["Doppelganger","DeusExMachina"],"picked":"After Image","floor":16},{"not_picked":["Cloak And Dagger","Deflect","Enlightenment"],"picked":"Singing Bowl","floor":18},{"not_picked":["Turbo","Skewer","PiercingWail"],"picked":"Singing Bowl","floor":20},{"not_picked":["Capacitor","Sunder","Fasting2"],"picked":"Singing Bowl","floor":28}],"player_experience":244415,"relics_obtained":[{"floor":6,"key":"Mercury Hourglass"},{"floor":8,"key":"Pear"},{"floor":9,"key":"Singing Bowl"},{"floor":11,"key":"PreservedInsect"},{"floor":15,"key":"Incense Burner"},{"floor":23,"key":"Blood Vial"},{"floor":24,"key":"Lantern"},{"floor":25,"key":"Nunchaku"},{"floor":26,"key":"MealTicket"},{"floor":27,"key":"Happy Flower"},{"floor":29,"key":"Bag of Marbles"},{"floor":30,"key":"Art of War"},{"floor":32,"key":"Letter Opener"}],"event_choices":[{"damage_healed":0,"gold_gain":0,"player_choice":"Box","damage_taken":0,"relics_obtained":["Smiling Mask"],"max_hp_gain":0,"max_hp_loss":0,"event_name":"Big Fish","floor":3,"gold_loss":0,"cards_obtained":["Regret"]},{"cards_removed":["Regret"],"damage_healed":0,"gold_gain":0,"player_choice":"Card Removal","damage_taken":0,"max_hp_gain":0,"max_hp_loss":0,"event_name":"The Cleric","floor":4,"gold_loss":75},{"cards_removed":["Rebound"],"damage_healed":0,"gold_gain":0,"player_choice":"Forget","damage_taken":0,"max_hp_gain":0,"max_hp_loss":0,"event_name":"Living Wall","floor":5,"gold_loss":0},{"damage_healed":0,"gold_gain":0,"player_choice":"Ignored","damage_taken":0,"max_hp_gain":0,"max_hp_loss":0,"event_name":"Ghosts","floor":19,"gold_loss":0},{"damage_healed":0,"gold_gain":0,"player_choice":"Shed Blood","damage_taken":32,"max_hp_gain":5,"max_hp_loss":0,"event_name":"Forgotten Altar","floor":22,"gold_loss":0},{"damage_healed":0,"gold_gain":0,"player_choice":"Opened","damage_taken":0,"relics_obtained":["Akabeko"],"max_hp_gain":0,"max_hp_loss":0,"event_name":"The Mausoleum","floor":31,"gold_loss":0,"cards_obtained":["Writhe"]}],"is_beta":false,"boss_relics":[{"not_picked":["Runic Dome","Mark of Pain"],"picked":"Fusion Hammer"}],"items_purged_floors":[7,10,13,21],"is_endless":false,"potions_floor_spawned":[2,6,14],"killed_by":"Automaton","ascension_level":20}}