{"host":"2tgyrzvaa7l04o2e","time":1609342468,"event":{"mods":["BaseMod","Highlight Path","Minty Spire (QoL Compilation)","Permanent Neow","Relic Stats"],"gold_per_floor":[118,132,132,82,82,110,110,140,140,140,116,116,29,68,68,177,177,206,206,206,228,228,228],"floor_reached":22,"playtime":981,"items_purged":[],"score":287,"play_id":"d7b3bf07-bb6b-4f73-a20b-f1019d87d442","local_time":"20201230163428","is_ascension_mode":true,"campfire_choices":[{"floor":7,"key":"REST"},{"floor":10,"key":"REST"},{"floor":12,"key":"DIG"},{"floor":15,"key":"REST"}],"circlet_count":0,"master_deck":["Strike_B","Strike_B","Strike_B","Defend_B","Defend_B","Defend_B","Zap+1","Dualcast","Cold Snap","Steam","Ball Lightning","Bandage Up","Cold Snap","Creative AI","Coolheaded","Auto Shields+1"],"relics":["Inserter","Shovel","Juzu Bracelet","Ginger","Lantern","CeramicFish","Black Star"],"acts_visited":["Exordium","TheCity"],"potions_floor_usage":[8],"damage_taken":[{"damage":9,"enemies":"2 Louse","floor":1,"turns":3},{"damage":9,"enemies":"Jaw Worm","floor":2,"turns":5},{"damage":23,"enemies":"Lagavulin","floor":6,"turns":8},{"damage":36,"enemies":"Gremlin Nob","floor":8,"turns":5},{"damage":23,"enemies":"3 Sentries","floor":14,"turns":8},{"damage":39,"enemies":"Slime Boss","floor":16,"turns":10},{"damage":21,"enemies":"Spheric Guardian","floor":18,"turns":8},{"damage":27,"enemies":"3 Byrds","floor":21,"turns":6},{"damage":11,"enemies":"Snecko","floor":22,"turns":3}],"seed_played":"-3591575656537447891","potions_obtained":[{"floor":6,"key":"Fire Potion"},{"floor":14,"key":"SteroidPotion"},{"floor":16,"key":"EntropicBrew"}],"is_trial":false,"path_per_floor":["M","M","?","?","?","E","R","E","T","R","$","R","$","E","R","B",null,"M","?","?","M","M"],"character_chosen":"DEFECT","items_purchased":["Ball Lightning","Bandage Up"],"campfire_rested":3,"item_purchase_floors":[11,13],"current_hp_per_floor":[59,50,50,50,50,27,49,13,13,35,35,35,35,16,38,3,57,40,40,26,3,0,0],"gold":228,"neow_bonus":"BOSS_RELIC","is_daily":false,"chose_seed":false,"campfire_upgraded":0,"win_rate":0.0,"timestamp":1609342468,"path_taken":["M","M","?","?","?","E","R","E","T","R","$","R","$","E","R","BOSS","M","?","?","M","M"],"items_purchased_type":["Card","Card"],"build_version":"2020-12-22","purchased_purges":0,"victory":false,"max_hp_per_floor":[75,75,75,75,75,75,75,75,75,75,75,75,75,75,75,75,75,75,75,80,80,80,80],"relic_stats":{"Inserter":[28],"Shovel":1,"counters":[9,56],"CeramicFish":36,"Juzu Bracelet":0,"Black Star":0,"Ginger":[2],"obtain_stats":[{"Lantern":12,"Inserter":0,"Shovel":6,"CeramicFish":14,"Juzu Bracelet":8,"Black Star":17,"Ginger":9,"Cracked Core":0},{"Lantern":4,"Inserter":0,"Shovel":3,"CeramicFish":5,"Juzu Bracelet":4,"Black Star":6,"Ginger":4,"Cracked Core":0},{"Lantern":21,"Inserter":0,"Shovel":16,"CeramicFish":29,"Juzu Bracelet":21,"Black Star":39,"Ginger":21,"Cracked Core":0}]},"card_choices":[{"not_picked":["Ball Lightning","Sweeping Beam"],"picked":"Cold Snap","floor":1},{"not_picked":["Sweeping Beam","Gash"],"picked":"Steam","floor":2},{"not_picked":["Redo","Recycle","Storm"],"picked":"SKIP","floor":6},{"not_picked":["Lockon","Tempest","Stack"],"picked":"SKIP","floor":8},{"not_picked":["Skim","Go for the Eyes"],"picked":"Cold Snap","floor":14},{"not_picked":["Thunder Strike","Amplify"],"picked":"Creative AI","floor":16},{"not_picked":["Glacier","Ball Lightning"],"picked":"Coolheaded","floor":18},{"not_picked":["Rip and Tear","Genetic Algorithm"],"picked":"Auto Shields+1","floor":21}],"player_experience":542044,"relics_obtained":[{"floor":6,"key":"Shovel"},{"floor":8,"key":"Juzu Bracelet"},{"floor":9,"key":"Ginger"},{"floor":12,"key":"Lantern"},{"floor":14,"key":"CeramicFish"}],"event_choices":[{"damage_healed":0,"gold_gain":0,"player_choice":"Grow","damage_taken":0,"max_hp_gain":0,"max_hp_loss":0,"event_name":"Living Wall","floor":3,"gold_loss":0,"cards_upgraded":["Zap"]},{"cards_removed":["Strike_B"],"damage_healed":0,"gold_gain":0,"player_choice":"Card Removal","damage_taken":0,"max_hp_gain":0,"max_hp_loss":0,"event_name":"The Cleric","floor":4,"gold_loss":50},{"cards_removed":["Defend_B"],"damage_healed":0,"gold_gain":0,"player_choice":"Offered Basic","damage_taken":0,"max_hp_gain":0,"max_hp_loss":0,"event_name":"Bonfire Elementals","floor":5,"gold_loss":0},{"damage_healed":0,"gold_gain":0,"player_choice":"Ignored","damage_taken":0,"max_hp_gain":0,"max_hp_loss":0,"event_name":"Vampires","floor":19,"gold_loss":0},{"damage_healed":0,"gold_gain":0,"player_choice":"Shed Blood","damage_taken":19,"max_hp_gain":5,"max_hp_loss":0,"event_name":"Forgotten Altar","floor":20,"gold_loss":0}],"is_beta":false,"boss_relics":[{"not_picked":["Busted Crown","Pandora\u0027s Box"],"picked":"Black Star"}],"items_purged_floors":[],"is_endless":false,"potions_floor_spawned":[6,14,16],"killed_by":"Snecko","ascension_level":9}}