{"host":"12lnwhc48gjtaggg","time":1609346631,"event":{"mods":["Aspiration","BaseMod","BetterRewards","Gold Saver","GungeonMod","Infinite Spire","Minty Spire (QoL Compilation)","Remove Card Discount Mod","Shop Mod","StSLib","Trackpad","[IsaacMod]????"],"gold_per_floor":[649,649,649,661,675,675,705,722,749,759,777,777,525,542,542,645,645,663,682,698,698,698,698,698],"floor_reached":23,"playtime":887,"items_purged":["Strike_G","Defend_G"],"score":310,"play_id":"554afffb-fb0e-48e4-acaf-36dace73220a","local_time":"20201230164351","is_ascension_mode":true,"campfire_choices":[{"floor":6,"key":"REST"},{"data":"Terror","floor":12,"key":"SMITH"},{"data":"Venomology","floor":15,"key":"SMITH"}],"circlet_count":0,"master_deck":["Strike_G","Strike_G","Strike_G","Strike_G","Defend_G","Defend_G","Defend_G","Defend_G","Survivor","Neutralize","Dagger Spray","Caltrops","Blade Dance","Venomology+1","Predator","PiercingWail","Terror+1","Deadly Poison","Slice","Burst","Accuracy","Deflect+1","infinitespire:SevenWalls"],"relics":["Ring of the Snake","HushsDoor","SatanicBible","Diplopia","infinitespire:Beetle Shell","trackpad:SappingStone","Chaos","TheBattery","JudasShadow","Du-Vu Doll","MutagenicStrength"],"acts_visited":["Exordium","TheCity"],"potions_floor_usage":[7,7,11,11,13,16,16,18,19,20],"damage_taken":[{"damage":0,"enemies":"Small Slimes","floor":1,"turns":3},{"damage":15,"enemies":"infinitespire:Voidling","floor":4,"turns":6},{"damage":0,"enemies":"Cultist","floor":5,"turns":3},{"damage":5,"enemies":"3 Sentries","floor":7,"turns":5},{"damage":4,"enemies":"Gremlin Gang","floor":8,"turns":5},{"damage":0,"enemies":"2 Fungi Beasts","floor":10,"turns":1},{"damage":0,"enemies":"Exordium Wildlife","floor":11,"turns":3},{"damage":0,"enemies":"Large Slime","floor":14,"turns":5},{"damage":10,"enemies":"The Guardian","floor":16,"turns":10},{"damage":6,"enemies":"2 Thieves","floor":18,"turns":4},{"damage":12,"enemies":"Shell Parasite","floor":19,"turns":7},{"damage":18,"enemies":"Snecko","floor":20,"turns":5},{"damage":49,"enemies":"Slavers","floor":23,"turns":2}],"seed_played":"-5651434446325177000","potions_obtained":[{"floor":5,"key":"Strength Potion"},{"floor":10,"key":"Energy Potion"},{"floor":11,"key":"FearPotion"},{"floor":16,"key":"SpeedPotion"},{"floor":18,"key":"Fire Potion"}],"is_trial":false,"path_per_floor":["M","?","?","M","M","R","E","M","T","M","M","R","$","M","R","B",null,"M","M","M","AVR","?","E"],"character_chosen":"THE_SILENT","items_purchased":["Diplopia","Dagger Spray","Caltrops","Blade Dance","Chaos","Fruit Juice"],"campfire_rested":1,"item_purchase_floors":[0,0,0,0,13,13],"current_hp_per_floor":[54,54,54,39,39,60,55,51,51,51,51,51,56,56,56,46,75,69,57,39,39,39,0,0],"gold":698,"neow_bonus":"","is_daily":false,"chose_seed":false,"campfire_upgraded":2,"win_rate":0.0,"timestamp":1609346631,"path_taken":["M","?","?","M","M","R","E","M","T","M","?","R","$","M","R","BOSS","M","?","M","AVR","?","E"],"items_purchased_type":["Relic","Card","Card","Card","Card","Potion"],"build_version":"2020-12-22","purchased_purges":2,"victory":false,"max_hp_per_floor":[70,70,70,70,70,70,70,70,70,70,70,70,75,75,75,75,75,75,75,75,75,75,1,1],"card_choices":[{"not_picked":["Acrobatics","Outmaneuver"],"picked":"Venomology","floor":1},{"not_picked":["Prepared","Deflect"],"picked":"Predator","floor":4},{"not_picked":["Riddle With Holes","Acrobatics"],"picked":"PiercingWail","floor":5},{"not_picked":["Accuracy","Dodge and Roll"],"picked":"Terror","floor":7},{"not_picked":["Cloak And Dagger","Wraith Form v2"],"picked":"Deadly Poison","floor":8},{"not_picked":["Outmaneuver","PiercingWail","Dagger Spray"],"picked":"SKIP","floor":10},{"not_picked":["Deadly Poison","Setup","Bane"],"picked":"SKIP","floor":11},{"not_picked":["Terror","aspiration:Lunge"],"picked":"Slice","floor":14},{"not_picked":["Storm of Steel","Tools of the Trade"],"picked":"Burst","floor":16},{"not_picked":["Dagger Spray","Terror","Dodge and Roll"],"picked":"SKIP","floor":18},{"not_picked":["Catalyst+1","Deflect+1"],"picked":"Accuracy","floor":19},{"not_picked":["Slice+1","Bane+1"],"picked":"Deflect+1","floor":20}],"player_experience":344840,"relics_obtained":[{"floor":7,"key":"infinitespire:Beetle Shell"},{"floor":9,"key":"trackpad:SappingStone"}],"event_choices":[{"damage_healed":0,"gold_gain":0,"player_choice":"Inject Mutagens","damage_taken":0,"relics_obtained":["MutagenicStrength"],"max_hp_gain":0,"max_hp_loss":0,"event_name":"Drug Dealer","floor":22,"gold_loss":0}],"is_beta":false,"boss_relics":[{"not_picked":["trackpad:WritersBlock","Pear"],"picked":"TheBattery"},{"not_picked":[]}],"items_purged_floors":[13,13],"is_endless":false,"potions_floor_spawned":[5,10,11,14,16,18],"killed_by":"Slavers","ascension_level":1}}