{"host":"qnxnem68q7ulahas","time":1609315423,"event":{"mods":["ATMod(阿瑾Mod)","Act Like it!","BaseMod","Challenge The Spire","Decade(王小明)","GungeonMod","Highlight Path","Minty Spire (QoL Compilation)","Replay The Spire","RumiaBox-露米娅的神秘盒子","SOS（斯巴达之子）","Spicy Shops","StSLib","[IsaacMod]以撒尖塔","【功能Mod】混沌之环修复补丁","【遗物卡牌】REMEMod"],"gold_per_floor":[132,174,191,191,16,16,16,62,142,142,142,0,0,24,24,147,247,284,335,410,410,2,2,64,114,114,114,178,0,0,0,0,109,109,178,224,302,24,24,109,109,176,176,176,271,304,343,401,401,420,397],"floor_reached":52,"playtime":2083,"items_purged":["Shoot","Defend_Dante","Shoot","Defend_Dante","Defend_Dante","Attack_a","Weaponchange+1"],"score":1671,"play_id":"059fa081-ab32-4375-a02b-52f17c28af9e","local_time":"20201230160343","is_ascension_mode":true,"campfire_choices":[{"data":"Provocation","floor":6.0,"key":"SMITH"},{"data":"Attack_b","floor":11.0,"key":"SMITH"},{"data":"AT_ChampionKick","floor":13.0,"key":"SMITH"},{"data":"AT_OneInchPunch","floor":15.0,"key":"SMITH"},{"floor":23.0,"key":"REST"},{"floor":30.0,"key":"REST"},{"data":"Gilgamesh","floor":32.0,"key":"SMITH"},{"floor":41,"key":"REST"},{"floor":44,"key":"REST"},{"floor":49,"key":"REST"}],"circlet_count":0,"master_deck":["AscendersBane","Attack_a+1","Attack_b+1","Provocation+1","Redorb+1","AT_ChampionKick+1","AT_OneInchPunch+1","Demonreform+1","Royaldefend+1","BeastUppercut","Lucifer+1","Gilgamesh+1","Royaldefend+1","Swordmaster","Dash2+1"],"relics":["SSS","Combocheck","HushsDoor","REME_ComplimentaryCards","AT_ATBox","MoneyPower","NeowsBlessing","MaYiHuaBei","Replay:Wanted Poster","RottenBaby","ReplayTheSpireMod:TigerMarble","Gremlin Food","Golden Egg","Bottled Tornado","AT_ArchangelStaff","Fusion Hammer","InkBottle","SalivaCoin","Ornamental Fan","DemoMod:SuperHotWatch","Ginger","DemoMod:MonsterBlood","Potion Belt"],"acts_visited":["Exordium","TheCity","TheBeyond"],"potions_floor_usage":[47,51],"damage_taken":[{"damage":0.0,"enemies":"Small Slimes","floor":1.0,"turns":1.0},{"damage":0.0,"enemies":"Cultist","floor":2.0,"turns":3.0},{"damage":0.0,"enemies":"Jaw Worm","floor":3.0,"turns":1.0},{"damage":29.0,"enemies":"Gremlin Gang","floor":8.0,"turns":3.0},{"damage":0.0,"enemies":"2 Fungi Beasts","floor":14.0,"turns":2.0},{"damage":0.0,"enemies":"Fading Forest","floor":16.0,"turns":5.0},{"damage":0.0,"enemies":"3 Byrds","floor":18.0,"turns":2.0},{"damage":0.0,"enemies":"2 Thieves","floor":19.0,"turns":2.0},{"damage":6.0,"enemies":"REME_1_Revenger","floor":24.0,"turns":3.0},{"damage":0.0,"enemies":"Snecko","floor":25.0,"turns":2.0},{"damage":5.0,"enemies":"3 Cultists","floor":28.0,"turns":2.0},{"damage":3.0,"enemies":"Automaton","floor":33.0,"turns":2.0},{"damage":0,"enemies":"3 Darklings","floor":35,"turns":2},{"damage":0,"enemies":"3 Shapes","floor":36,"turns":2},{"damage":0,"enemies":"Hiden Room Battle","floor":37,"turns":2},{"damage":12,"enemies":"R_Hoarder","floor":40,"turns":3},{"damage":0,"enemies":"Giant Head","floor":42,"turns":2},{"damage":23,"enemies":"Nemesis","floor":45,"turns":3},{"damage":1,"enemies":"Spire Growth","floor":46,"turns":2},{"damage":0,"enemies":"Jaw Worm Horde","floor":47,"turns":2},{"damage":30,"enemies":"4 Shapes","floor":48,"turns":3},{"damage":27,"enemies":"Time Eater","floor":50,"turns":5},{"damage":1,"enemies":"Replay:Hell Engine","floor":51,"turns":2}],"seed_played":"1613198942538902741","potions_obtained":[{"floor":8.0,"key":"Cursed Concoction"},{"floor":18.0,"key":"PowerPotion"},{"floor":33.0,"key":"LiquidMemories"},{"floor":45,"key":"LiquidMemories"},{"floor":47,"key":"Fruit Juice"},{"floor":48,"key":"Adrenaline Potion"}],"is_trial":false,"path_per_floor":["M","M","M","?","$","R","$","M","T","?","R","$","R","M","R","B",null,"M","M","?","?","$","R","E","M","T","$","M","$","R","?","R","B",null,"M","M","?","$","?","E","R","E","T","R","E","M","M","M","R","B","B",null],"character_chosen":"DANTE","items_purchased":["RottenBaby","Lucifer","Gremlin Food","AT_ArchangelStaff","Ornamental Fan"],"campfire_rested":5,"item_purchase_floors":[17,22,22,29,38],"current_hp_per_floor":[68,68,68,68,68,68,68,39,39,39,39,39,39,39,39,66,54,54,54,39,39,39,54,48,51,51,51,46,46,54,54,54,54,54,54,54,48,48,48,45,54,54,61,61,41,43,51,21,40,13,28],"gold":397,"neow_bonus":"THREE_ENEMY_KILL","is_daily":false,"chose_seed":false,"campfire_upgraded":5,"win_rate":0.0,"timestamp":1609315423,"path_taken":["M","M","M","?","$","R","$","M","T","?","R","?","R","M","R","BOSS","M","?","?","?","$","R","E","?","T","?","M","$","R","?","R","BOSS","M","M","?","$","?","E","R","E","T","R","E","M","M","M","R","BOSS","BOSS"],"items_purchased_type":["Relic","Card","Relic","Relic","Relic"],"build_version":"2020-12-22","purchased_purges":7,"victory":true,"max_hp_per_floor":[75,75,75,75,75,75,75,75,75,75,75,75,75,75,75,75,54,54,54,54,54,54,54,54,54,54,54,54,54,54,54,54,54,54,54,54,54,54,54,54,54,54,61,61,61,61,66,66,66,66,66],"card_choices":[{"not_picked":["Hightime","Gunstinger"],"picked":"Demonreform","floor":1.0},{"not_picked":["Ecstasy","Millionstab"],"picked":"Royaldefend","floor":2.0},{"not_picked":["Airhike","VitalstarM","LucifercomboC"],"picked":"SKIP","floor":3.0},{"not_picked":["Kick13","LucifercomboA","Weaponupgrade"],"picked":"SKIP","floor":8.0},{"not_picked":["SSScard","VitalstarS","Fullhouse"],"picked":"SKIP","floor":14.0},{"not_picked":["Hightime","DevilstarS"],"picked":"BeastUppercut","floor":18.0},{"not_picked":["Straight","Ecstasy","LucifercomboC"],"picked":"SKIP","floor":19.0},{"not_picked":["SSScard","Weaponupgrade","Dash1"],"picked":"SKIP","floor":24.0},{"not_picked":["Millionstab","SSScard","Splesh+1"],"picked":"SKIP","floor":25.0},{"not_picked":["LucifercomboA","Royalguard","Unrisingdragon+1"],"picked":"SKIP","floor":28.0},{"not_picked":["Stinger+1","DT","Holywater"],"picked":"SKIP","floor":35},{"not_picked":["Kick13+1","Weaponchange"],"picked":"Royaldefend+1","floor":36},{"not_picked":["Kick13","VitalstarS","Stinger"],"picked":"SKIP","floor":40},{"not_picked":["SSScard+1","Holywater+1"],"picked":"Swordmaster","floor":42},{"not_picked":["Doubleshoot","Pandora","Gunslinger"],"picked":"SKIP","floor":45},{"not_picked":["EbonyIvory+1","Lucifer","DT+1"],"picked":"SKIP","floor":46},{"not_picked":["Gilgamesh","Ecstasy"],"picked":"Dash2","floor":47},{"not_picked":["Straight","Millionstab+1","Swordmaster"],"picked":"SKIP","floor":48}],"player_experience":421066,"relics_obtained":[{"floor":9.0,"key":"MaYiHuaBei"},{"floor":24.0,"key":"Golden Egg"},{"floor":26.0,"key":"Bottled Tornado"},{"floor":37,"key":"InkBottle"},{"floor":37,"key":"SalivaCoin"},{"floor":40,"key":"DemoMod:SuperHotWatch"},{"floor":42,"key":"Ginger"},{"floor":43,"key":"DemoMod:MonsterBlood"},{"floor":45,"key":"Potion Belt"}],"event_choices":[{"damage_healed":0.0,"max_hp_gain":0.0,"max_hp_loss":0.0,"gold_gain":0.0,"event_name":"Upgrade Shrine","player_choice":"Upgraded","floor":10.0,"gold_loss":0.0,"damage_taken":0.0,"cards_upgraded":["Royaldefend"]},{"damage_healed":0.0,"max_hp_gain":0.0,"max_hp_loss":0.0,"gold_gain":0.0,"event_name":"WeMeetAgain","player_choice":"Gave Potion","floor":21.0,"gold_loss":0.0,"damage_taken":0.0,"relics_obtained":["ReplayTheSpireMod:TigerMarble"]},{"damage_healed":0.0,"max_hp_gain":0.0,"max_hp_loss":0.0,"gold_gain":0.0,"event_name":"The Library","player_choice":"Read","floor":31.0,"gold_loss":0.0,"damage_taken":0.0,"cards_obtained":["Gilgamesh"]},{"damage_healed":0,"gold_gain":0,"player_choice":"Fight","damage_taken":0,"max_hp_gain":0,"max_hp_loss":0,"event_name":"HidenRoomEvent","floor":37,"gold_loss":0}],"is_beta":false,"boss_relics":[{"not_picked":["Replay:Grab Bag","ReplayTheSpireMod:DimensionalGlitch"],"picked":"Replay:Wanted Poster"},{"not_picked":[]},{"not_picked":["ChewingGum","REME_LowDesire"],"picked":"Fusion Hammer"},{"not_picked":[]}],"items_purged_floors":[5,5,12,12,17,22,29],"is_endless":false,"potions_floor_spawned":[8,18,33,35,45,47,48],"ascension_level":20}}