{"host":"l8lkgdumzpe3823a","time":1609351226,"event":{"mods":["Always Whale","Aspiration","BaseMod","Beaked The Cultist","Better Note","Clockwork Mod","Colored Powertips","Curses Come First","Custom Start","DeckTracker","Defuse TimeMaze Blight","Highlight Path","Hubris","Infinite Spire","Minty Spire (QoL Compilation)","Quick Restart","Replay The Spire","Shop Mod","StSLib","SuperFastMode","The Construct","The Dragon Tamer","The Servant 0.9.4","vexMod"],"gold_per_floor":[216,230,15,15,25,25,52,52,52,78,78,78,78,54,54,132,132,146,160,85,85,10,10,10],"floor_reached":23,"playtime":1759,"items_purged":["construct:Defend_Gold"],"score":426,"play_id":"7f541710-f8f1-4a6c-86cf-607246d71983","local_time":"20201230120026","is_ascension_mode":true,"campfire_choices":[{"data":"construct:GuardCore","floor":6.0,"key":"SMITH"},{"floor":11.0,"key":"REST"},{"data":"construct:GuardCore+1","floor":11.0,"key":"SMITH"},{"data":"construct:Autoturret+1","floor":15.0,"key":"SMITH"}],"circlet_count":0,"master_deck":["AscendersBane","construct:Strike_Gold","construct:Strike_Gold","construct:Strike_Gold","construct:Strike_Gold","construct:Strike_Gold","construct:Defend_Gold","construct:Defend_Gold","construct:Defend_Gold","construct:DefenseMode","construct:Autoturret+2","construct:GuardCore+2","construct:MetalShell","construct:Missile","construct:SpinDrive","construct:Reinforce","construct:Reinforce","construct:Reinforce+1"],"relics":["construct:ClockworkPhoenix","Molten Egg 2","infinitespire:Magic Flask","infinitespire:EmpoweringShard","hubris:Stopwatch","hubris:Icosahedron"],"acts_visited":["Exordium","TheCity"],"potions_floor_usage":[],"damage_taken":[{"damage":11.0,"enemies":"Cultist","floor":1.0,"turns":4.0},{"damage":8.0,"enemies":"2 Louse","floor":2.0,"turns":5.0},{"damage":5.0,"enemies":"Jaw Worm","floor":5.0,"turns":14.0},{"damage":38.0,"enemies":"Gremlin Nob","floor":7.0,"turns":6.0},{"damage":0.0,"enemies":"Lagavulin","floor":10.0,"turns":15.0},{"damage":0.0,"enemies":"Gremlin Nob","floor":13.0,"turns":2.0},{"damage":25.0,"enemies":"Hexaghost","floor":16.0,"turns":9.0},{"damage":29.0,"enemies":"Chosen","floor":18.0,"turns":10.0},{"damage":14.0,"enemies":"3 Byrds","floor":19.0,"turns":8.0},{"damage":113,"enemies":"Cultist and Chosen","floor":23,"turns":7}],"seed_played":"-391238704752506817","potions_obtained":[{"floor":1.0,"key":"SmokeBomb"},{"floor":7.0,"key":"Fire Potion"},{"floor":18.0,"key":"AttackPotion"},{"floor":19.0,"key":"CultistPotion"}],"is_trial":false,"path_per_floor":["M","M","$","?","M","R","E","?","T","E","R","?","E","$","R","B",null,"M","M","$","?","?","M"],"character_chosen":"THE_CONSTRUCT_MOD","items_purchased":["construct:Autoturret","construct:GuardCore","construct:MetalShell","construct:Reinforce"],"campfire_rested":1,"item_purchase_floors":[3,3,3,14],"current_hp_per_floor":[61,53,53,53,48,48,10,36,36,36,60,60,60,60,60,35,69,40,26,26,26,26,0,0],"gold":10,"neow_bonus":"HUNDRED_GOLD","is_daily":false,"chose_seed":false,"campfire_upgraded":3,"win_rate":0.0,"timestamp":1609351226,"path_taken":["M","?","$","?","?","R","E","?","T","E","R","?","E","?","R","BOSS","M","M","$","?","?","M"],"items_purchased_type":["Card","Card","Card","Card"],"build_version":"2020-12-22","purchased_purges":1,"victory":false,"max_hp_per_floor":[80,80,80,80,80,80,80,80,80,80,80,80,80,80,80,80,80,80,80,80,80,80,80,80],"card_choices":[{"not_picked":["construct:Boost","construct:ModeShift","construct:Versatility"],"picked":"SKIP","floor":1.0},{"not_picked":["construct:HardReboot","construct:Versatility","construct:VentSteam"],"picked":"SKIP","floor":2.0},{"not_picked":["construct:Accumulate","construct:Analyze","construct:Dampening"],"picked":"SKIP","floor":5.0},{"not_picked":["construct:SweepLaser+1","construct:Dampening"],"picked":"construct:SpinDrive","floor":7.0},{"not_picked":["construct:Chainstrike+1","construct:Accumulate+1"],"picked":"construct:Reinforce","floor":10.0},{"not_picked":["construct:Anticipate","construct:ModeShift","construct:UnbalancingBlast+1"],"picked":"SKIP","floor":18.0},{"not_picked":["construct:Boost+1","construct:ScrapCannon+1"],"picked":"construct:Reinforce+1","floor":19.0}],"player_experience":720105,"relics_obtained":[{"floor":7.0,"key":"Molten Egg 2"},{"floor":9.0,"key":"infinitespire:Magic Flask"},{"floor":10.0,"key":"infinitespire:EmpoweringShard"}],"event_choices":[{"damage_healed":0.0,"max_hp_gain":0.0,"max_hp_loss":0.0,"gold_gain":0.0,"cards_transformed":["construct:AttackMode"],"event_name":"Transmorgrifier","player_choice":"Transformed","floor":4.0,"gold_loss":0.0,"damage_taken":0.0,"cards_obtained":["construct:Missile"]},{"damage_healed":26.0,"max_hp_gain":0.0,"max_hp_loss":0.0,"gold_gain":0.0,"event_name":"Big Fish","player_choice":"Banana","floor":8.0,"gold_loss":0.0,"damage_taken":0.0},{"damage_healed":0.0,"max_hp_gain":0.0,"max_hp_loss":0.0,"gold_gain":0.0,"event_name":"Living Wall","player_choice":"Grow","floor":12.0,"gold_loss":0.0,"damage_taken":0.0,"cards_upgraded":["construct:Autoturret"]},{"cards_removed":["construct:Defend_Gold"],"damage_healed":0.0,"max_hp_gain":0.0,"max_hp_loss":0.0,"gold_gain":0.0,"event_name":"Beggar","player_choice":"Gave Gold","floor":22.0,"gold_loss":75.0,"damage_taken":0.0}],"is_beta":false,"boss_relics":[{"not_picked":["Snecko Eye","vexMod:NewClearReactor"],"picked":"hubris:Stopwatch"}],"items_purged_floors":[20],"is_endless":false,"potions_floor_spawned":[1,7,18,19],"killed_by":"Cultist and Chosen","ascension_level":17}}