{"host":"vmo6qas4tfa0p776","time":1609358339,"event":{"mods":["AchievementEnabler","BaseMod","Bestiary","Better Altar","Better Match","Better Note","Better Sensory Stone","Better Skull","Better Third Choice","Colored Map","Downfall","Minty Spire (QoL Compilation)","Relic Stats","Robot Space Explorer","Spicy Shops","StSLib","The Marked"],"gold_per_floor":[99,99,99,99,5,32,32,58,58,72,72,83,83,8,22,125,125,125,125,125,125,125,125,125,125,125],"floor_reached":25,"playtime":1472,"items_purged":[],"score":232,"play_id":"1e416998-1a37-4a43-8f97-b6d09a955c6f","local_time":"20201230145859","is_ascension_mode":false,"campfire_choices":[{"floor":1,"key":"RECALL"},{"floor":13,"key":"REST"},{"floor":18,"key":"REST"}],"circlet_count":0,"master_deck":["sneckomod:Strike","sneckomod:Strike","sneckomod:Defend","sneckomod:Defend","sneckomod:Defend","sneckomod:TailWhip","sneckomod:SnekBite","sneckomod:Unknown","sneckomod:Unknown","sneckomod:UnknownCommonSkill","sneckomod:SoulRoll","sneckomod:Unknown1Cost","sneckomod:UnknownBlock","sneckomod:SoulCleanse","sneckomod:SerpentMind","sneckomod:MasterEye","sneckomod:RainOfDice","sneckomod:UnknownUncommonSkill","sneckomod:UnknownClassROBOT_ORANGE_COLOR","sneckomod:UnknownClassHEXA_GHOST_PURPLE+1","sneckomod:DiceCrush","sneckomod:MorePower","sneckomod:Unknown+1","sneckomod:SoulDraw","sneckomod:UnknownBlock+1","sneckomod:UnknownClassDEFAULT_GRAY_COLOR+1","sneckomod:SnekBeam","DevaForm","sneckomod:UnknownClassHEXA_GHOST_PURPLE+1","sneckomod:UnknownClassRED+1"],"relics":["sneckomod:SneckoSoul","downfall:HeartsMalice","Toy Ornithopter","Bronze Scales","downfall:BrokenWingStatue","downfall:Hecktoplasm","downfall:HeartBlessingBlue","downfall:HeartBlessingRed","downfall:GremlinWheel","Gremlin Horn"],"acts_visited":["Exordium","TheCity"],"potions_floor_usage":[12,16,16,25,25,25],"damage_taken":[{"damage":0,"enemies":"2 Louse","floor":2,"turns":1},{"damage":0,"enemies":"Cultist","floor":3,"turns":1},{"damage":0,"enemies":"Jaw Worm","floor":4,"turns":1},{"damage":3,"enemies":"downfall:FleeingMerchant","floor":5,"turns":4},{"damage":30,"enemies":"3 Sentries","floor":6,"turns":9},{"damage":23,"enemies":"Gremlin Nob","floor":8,"turns":5},{"damage":23,"enemies":"3 Louse","floor":10,"turns":3},{"damage":15,"enemies":"Red Slaver","floor":12,"turns":4},{"damage":21,"enemies":"Gremlin Gang","floor":15,"turns":5},{"damage":16,"enemies":"downfall:Watcher","floor":16,"turns":8},{"damage":14,"enemies":"Shell Parasite","floor":19,"turns":4},{"damage":39,"enemies":"Shell Parasite","floor":20,"turns":5},{"damage":20,"enemies":"Spheric Guardian","floor":21,"turns":4},{"damage":34,"enemies":"Shelled Parasite and Fungi","floor":23,"turns":5},{"damage":20,"enemies":"Book of Stabbing","floor":25,"turns":4}],"seed_played":"8508530110234150548","potions_obtained":[{"floor":6,"key":"champ:CounterPotion"},{"floor":8,"key":"sneckomod:CheatPotion"},{"floor":10,"key":"Regen Potion"},{"floor":10,"key":"LiquidMemories"},{"floor":15,"key":"LiquidBronze"},{"floor":16,"key":"sneckomod:CheatPotion"},{"floor":21,"key":"sneckomod:OffclassReductionPotion"},{"floor":23,"key":"hexamod:EctoCoolerPotion"}],"is_trial":false,"path_per_floor":["R","M","M","M","$","E","T","E","?","M","?","M","R","?","M","B",null,"R","M","?","M","?","M","T","E"],"character_chosen":"THE_SNECKO","items_purchased":["sneckomod:SoulCleanse"],"campfire_rested":2,"item_purchase_floors":[5],"current_hp_per_floor":[90,91,91,92,90,60,60,37,37,17,17,10,38,39,18,31,96,106,93,55,36,36,4,4,0,0],"gold":125,"neow_bonus":"THREE_ENEMY_KILL","is_daily":false,"chose_seed":false,"campfire_upgraded":0,"win_rate":0.0,"timestamp":1609358339,"path_taken":["R","M","M","M","$","E","T","E","?","?","?","M","R","?","M","BOSS","R","M","?","?","?","M","T","E"],"items_purchased_type":["Card"],"build_version":"2020-12-22","purchased_purges":0,"victory":false,"max_hp_per_floor":[90,91,91,92,93,93,93,93,93,94,94,95,95,96,96,96,96,106,107,108,109,109,111,111,111,111],"relic_stats":{"Gremlin Horn":[0,0],"counters":[15,60],"Bronze Scales":[138],"obtain_stats":[{"downfall:BrokenWingStatue":11,"downfall:GremlinWheel":20,"downfall:HeartBlessingRed":18,"Gremlin Horn":24,"downfall:HeartBlessingBlue":18,"Bronze Scales":8,"downfall:HeartsMalice":0,"downfall:Hecktoplasm":17,"sneckomod:SneckoSoul":0,"Toy Ornithopter":6},{"downfall:BrokenWingStatue":7,"downfall:GremlinWheel":12,"downfall:HeartBlessingRed":10,"Gremlin Horn":14,"downfall:HeartBlessingBlue":10,"Bronze Scales":6,"downfall:HeartsMalice":0,"downfall:Hecktoplasm":10,"sneckomod:SneckoSoul":0,"Toy Ornithopter":5},{"downfall:BrokenWingStatue":21,"downfall:GremlinWheel":47,"downfall:HeartBlessingRed":38,"Gremlin Horn":56,"downfall:HeartBlessingBlue":38,"Bronze Scales":18,"downfall:HeartsMalice":0,"downfall:Hecktoplasm":38,"sneckomod:SneckoSoul":0,"Toy Ornithopter":13}],"Toy Ornithopter":30},"card_choices":[{"not_picked":["sneckomod:ImprovisedAttack","sneckomod:DiceCrush"],"picked":"sneckomod:UnknownCommonSkill","floor":2},{"not_picked":["sneckomod:SlitherStrike","sneckomod:DiceBlock"],"picked":"sneckomod:SoulRoll","floor":3},{"not_picked":["sneckomod:DiceBoulder","sneckomod:UnknownBlock"],"picked":"sneckomod:Unknown1Cost","floor":4},{"not_picked":["sneckomod:SoulRoll","sneckomod:Unknown1Cost"],"picked":"sneckomod:UnknownBlock","floor":5},{"not_picked":["sneckomod:UnknownWeak","sneckomod:UnknownCommonSkill"],"picked":"sneckomod:SerpentMind","floor":6},{"not_picked":["sneckomod:IronFang","sneckomod:UnknownClassTHE_CHAMP_GRAY"],"picked":"sneckomod:MasterEye","floor":8},{"not_picked":["sneckomod:QuickBite","sneckomod:DefensiveFlair"],"picked":"sneckomod:UnknownUncommonSkill","floor":10},{"not_picked":["sneckomod:Unknown0Cost","sneckomod:UnknownClassHEXA_GHOST_PURPLE"],"picked":"sneckomod:UnknownClassROBOT_ORANGE_COLOR","floor":12},{"not_picked":["sneckomod:Unknown0Cost+1","sneckomod:UnknownClassSLIMEBOUND+1"],"picked":"sneckomod:UnknownClassHEXA_GHOST_PURPLE+1","floor":14},{"not_picked":["sneckomod:UnknownCommonAttack","sneckomod:RainOfDice"],"picked":"sneckomod:DiceCrush","floor":15},{"not_picked":["sneckomod:UnknownRarePower","sneckomod:UnknownRareAttack"],"picked":"sneckomod:MorePower","floor":16},{"not_picked":["sneckomod:UnknownUncommonSkill+1","sneckomod:UnknownUncommonAttack+1"],"picked":"sneckomod:Unknown+1","floor":19},{"not_picked":["sneckomod:SoulRoll+1","sneckomod:Unknown2Cost"],"picked":"sneckomod:SoulDraw","floor":19},{"not_picked":["sneckomod:UnknownStrength+1","sneckomod:UnknownDexterity+1"],"picked":"sneckomod:UnknownBlock+1","floor":20},{"not_picked":["sneckomod:UnknownWeak+1","sneckomod:UnknownClassROBOT_ORANGE_COLOR+1"],"picked":"sneckomod:UnknownClassDEFAULT_GRAY_COLOR+1","floor":21},{"not_picked":["sneckomod:UnknownClassGUARDIAN","sneckomod:UnknownUncommonAttack+1"],"picked":"sneckomod:SnekBeam","floor":21},{"not_picked":["sneckomod:UnknownClassBLUE+1","sneckomod:UnknownClassGREEN+1"],"picked":"sneckomod:UnknownClassHEXA_GHOST_PURPLE+1","floor":23},{"not_picked":["sneckomod:IronFang","sneckomod:UnknownClassROBOT_ORANGE_COLOR"],"picked":"sneckomod:UnknownClassRED+1","floor":23}],"player_experience":194917,"relics_obtained":[{"floor":6,"key":"Toy Ornithopter"},{"floor":8,"key":"Bronze Scales"},{"floor":20,"key":"downfall:GremlinWheel"},{"floor":24,"key":"Gremlin Horn"}],"event_choices":[{"damage_healed":0,"gold_gain":0,"cards_transformed":["sneckomod:Strike"],"player_choice":"Transformed","damage_taken":0,"max_hp_gain":0,"max_hp_loss":0,"event_name":"Transmorgrifier","floor":9,"gold_loss":0,"cards_obtained":["sneckomod:RainOfDice"]},{"damage_healed":0,"gold_gain":0,"player_choice":"2","damage_taken":0,"max_hp_gain":0,"max_hp_loss":0,"event_name":"betterMatch:BetterMatch","floor":14,"gold_loss":0,"cards_obtained":["betterMatch:UncommonCard"]},{"cards_removed":["sneckomod:UnknownCommonSkill"],"damage_healed":0,"gold_gain":0,"player_choice":"Take \u0026 Give","damage_taken":0,"max_hp_gain":0,"max_hp_loss":0,"event_name":"betterNote:BetterNote","floor":22,"gold_loss":0,"cards_obtained":["DevaForm"]}],"is_beta":false,"boss_relics":[{"not_picked":["Busted Crown","Calling Bell"],"picked":"downfall:Hecktoplasm"}],"items_purged_floors":[],"is_endless":false,"potions_floor_spawned":[6,8,10,15,16,21,23],"killed_by":"Book of Stabbing","ascension_level":0}}