{"host":"ypphcgdomtfqpc2w","time":1609333424,"event":{"mods":["BaseMod","Minty Spire (QoL Compilation)","StSLib"],"gold_per_floor":[111,111,25,25,100,100,100,100,154,154,180,198,209,243,243,243,243],"floor_reached":16,"playtime":471,"items_purged":[],"score":192,"play_id":"8c937b59-ba9a-47ab-9901-66b1c8e1cd53","local_time":"20201230220344","is_ascension_mode":true,"campfire_choices":[{"data":"Barricade","floor":6.0,"key":"SMITH"},{"floor":8.0,"key":"REST"},{"floor":10.0,"key":"REST"},{"data":"Shrug It Off","floor":15.0,"key":"SMITH"}],"circlet_count":0,"master_deck":["AscendersBane","Strike_R+1","Strike_R+1","Strike_R+1","Strike_R","Defend_R","Defend_R","Defend_R","Defend_R","Bash+1","Barricade+1","Intimidate","Shrug It Off+1","Metallicize","Impervious","Flame Barrier"],"relics":["Burning Blood","Omamori","Smiling Mask","Whetstone"],"acts_visited":["Exordium"],"potions_floor_usage":[],"damage_taken":[{"damage":21.0,"enemies":"Small Slimes","floor":1.0,"turns":6.0},{"damage":1.0,"enemies":"2 Louse","floor":12.0,"turns":4.0},{"damage":0.0,"enemies":"Cultist","floor":13.0,"turns":5.0},{"damage":19.0,"enemies":"Gremlin Nob","floor":14.0,"turns":6.0},{"damage":59,"enemies":"Slime Boss","floor":16,"turns":12}],"seed_played":"-8920222010203513708","potions_obtained":[{"floor":12.0,"key":"LiquidBronze"},{"floor":13.0,"key":"DistilledChaos"}],"is_trial":false,"path_per_floor":["M","?","$","?","?","R","?","R","T","R","T","M","M","E","R","B"],"character_chosen":"IRONCLAD","items_purchased":["Shrug It Off","BloodPotion"],"campfire_rested":2,"item_purchase_floors":[3,3],"current_hp_per_floor":[35,28,28,28,17,17,9,31,31,53,53,58,64,51,51,0,0],"gold":243,"neow_bonus":"THREE_RARE_CARDS","is_daily":false,"chose_seed":false,"campfire_upgraded":2,"win_rate":0.0,"timestamp":1609333424,"path_taken":["M","?","$","?","?","R","?","R","T","R","?","M","?","E","R","BOSS"],"items_purchased_type":["Card","Potion"],"build_version":"2020-12-22","purchased_purges":0,"victory":false,"max_hp_per_floor":[75,75,75,75,75,75,75,75,75,75,75,75,75,75,75,75,75],"card_choices":[{"not_picked":["Berserk","Brutality"],"picked":"Barricade","floor":0.0},{"not_picked":["Clothesline","Reckless Charge"],"picked":"Intimidate","floor":1.0},{"not_picked":["Heavy Blade","Thunderclap"],"picked":"Metallicize","floor":12.0},{"not_picked":["Shrug It Off","True Grit"],"picked":"Impervious","floor":13.0},{"not_picked":["True Grit","Shrug It Off"],"picked":"Flame Barrier","floor":14.0}],"player_experience":1967908,"relics_obtained":[{"floor":9.0,"key":"Omamori"},{"floor":11.0,"key":"Smiling Mask"},{"floor":14.0,"key":"Whetstone"}],"event_choices":[{"cards_removed":["Strike_R"],"damage_healed":0.0,"max_hp_gain":0.0,"max_hp_loss":0.0,"gold_gain":0.0,"event_name":"Golden Wing","player_choice":"Card Removal","floor":2.0,"gold_loss":0.0,"damage_taken":7.0},{"damage_healed":0.0,"max_hp_gain":0.0,"max_hp_loss":0.0,"gold_gain":0.0,"event_name":"Liars Game","player_choice":"Ignored","floor":4.0,"gold_loss":0.0,"damage_taken":0.0},{"damage_healed":0.0,"max_hp_gain":0.0,"max_hp_loss":0.0,"gold_gain":75.0,"event_name":"World of Goop","player_choice":"Gather Gold","floor":5.0,"gold_loss":0.0,"damage_taken":11.0},{"damage_healed":0.0,"max_hp_gain":0.0,"max_hp_loss":0.0,"gold_gain":0.0,"event_name":"Shining Light","player_choice":"Entered Light","floor":7.0,"gold_loss":0.0,"damage_taken":23.0,"cards_upgraded":["Bash","Strike_R"]}],"is_beta":false,"boss_relics":[],"items_purged_floors":[],"is_endless":false,"potions_floor_spawned":[12,13],"killed_by":"Slime Boss","ascension_level":20}}