{"host":"qgru5siit3fz0wh9","time":1609341731,"event":{"mods":["AchievementEnabler","BaseMod","Highlight Path","Minty Spire (QoL Compilation)"],"gold_per_floor":[109,184,198,211,176,203,203,230,230,44,64,77,77,91,91,190,190,202,277,291,309,25,54,73,73,98,98,111,145,145,145],"floor_reached":30,"playtime":2384,"items_purged":[],"score":310,"play_id":"4dd6b6ba-84ba-4d01-b528-510ee5f895ab","local_time":"20201230162211","is_ascension_mode":true,"campfire_choices":[{"floor":7,"key":"REST"},{"data":"Creative AI","floor":13,"key":"SMITH"},{"data":"Blizzard","floor":15,"key":"SMITH"},{"floor":25,"key":"REST"}],"circlet_count":0,"master_deck":["Strike_B","Strike_B","Strike_B","Strike_B","Defend_B","Defend_B","Defend_B","Zap","Dualcast","Coolheaded","Leap","Steam","Genetic Algorithm","Undo","Blizzard+1","Sweeping Beam","Creative AI+1","Coolheaded","Leap","Seek","CurseOfTheBell","Turbo","FTL+1","Turbo","Rebound+1","Streamline+1","Dark Shackles","Glacier","Seek","Steam"],"relics":["Cracked Core","Du-Vu Doll","Bronze Scales","Incense Burner","Cables","Calling Bell","Toy Ornithopter","Blue Candle","Prayer Wheel","Toolbox","Tiny Chest","Question Card"],"acts_visited":["Exordium","TheCity"],"potions_floor_usage":[12,16,16,16,18,21,23,24],"damage_taken":[{"damage":11,"enemies":"Small Slimes","floor":1,"turns":3},{"damage":9,"enemies":"2 Louse","floor":3,"turns":3},{"damage":0,"enemies":"Cultist","floor":4,"turns":5},{"damage":4,"enemies":"Lagavulin","floor":6,"turns":10},{"damage":7,"enemies":"3 Sentries","floor":8,"turns":9},{"damage":1,"enemies":"Looter","floor":11,"turns":3},{"damage":0,"enemies":"Lots of Slimes","floor":12,"turns":1},{"damage":4,"enemies":"Blue Slaver","floor":14,"turns":4},{"damage":26,"enemies":"Slime Boss","floor":16,"turns":11},{"damage":13,"enemies":"3 Byrds","floor":18,"turns":3},{"damage":7,"enemies":"2 Thieves","floor":20,"turns":4},{"damage":14,"enemies":"Sentry and Sphere","floor":21,"turns":6},{"damage":31,"enemies":"Slavers","floor":23,"turns":5},{"damage":0,"enemies":"Chosen and Byrds","floor":24,"turns":6},{"damage":15,"enemies":"Snake Plant","floor":28,"turns":5},{"damage":6,"enemies":"Gremlin Leader","floor":29,"turns":9},{"damage":14,"enemies":"Colosseum Slavers","floor":30,"turns":4},{"damage":7,"enemies":"Colosseum Nobs","floor":30,"turns":1}],"seed_played":"-4201046216613956401","potions_obtained":[{"floor":6,"key":"SteroidPotion"},{"floor":11,"key":"PotionOfCapacity"},{"floor":12,"key":"GamblersBrew"},{"floor":14,"key":"Block Potion"},{"floor":16,"key":"ColorlessPotion"},{"floor":18,"key":"DistilledChaos"},{"floor":23,"key":"Block Potion"}],"is_trial":false,"path_per_floor":["M","?","M","M","?","E","R","E","T","$","M","M","R","M","R","B",null,"M","?","M","M","$","E","M","R","T","?","M","E","?"],"character_chosen":"DEFECT","items_purchased":["Blizzard","Sweeping Beam","PowerPotion","Toolbox","Dark Shackles","Fire Potion"],"campfire_rested":2,"item_purchase_floors":[10,10,10,22,22,22],"current_hp_per_floor":[43,32,23,23,41,37,59,52,52,52,51,51,51,47,47,21,75,63,56,49,40,40,14,19,41,41,41,26,20,0,0],"gold":145,"neow_bonus":"ONE_RARE_RELIC","is_daily":false,"chose_seed":false,"campfire_upgraded":2,"win_rate":0.0,"timestamp":1609341731,"path_taken":["M","?","M","M","?","E","R","E","T","$","M","M","R","M","R","BOSS","M","?","M","?","$","E","M","R","T","?","?","E","?"],"items_purchased_type":["Card","Card","Potion","Relic","Card","Potion"],"build_version":"2020-12-22","purchased_purges":0,"victory":false,"max_hp_per_floor":[75,75,75,75,75,75,75,75,75,75,75,75,75,75,75,75,75,75,75,75,75,75,75,75,75,75,75,75,75,75,75],"card_choices":[{"not_picked":["Ball Lightning","Skim"],"picked":"Coolheaded","floor":1},{"not_picked":["Lockon","Go for the Eyes"],"picked":"Leap","floor":3},{"not_picked":["Streamline","Scrape"],"picked":"Steam","floor":4},{"not_picked":["Skim","Steam"],"picked":"Genetic Algorithm","floor":6},{"not_picked":["Storm","FTL"],"picked":"Undo","floor":8},{"not_picked":["Beam Cell","White Noise"],"picked":"Creative AI","floor":11},{"not_picked":["Turbo","Gash"],"picked":"Coolheaded","floor":12},{"not_picked":["Gash","Go for the Eyes"],"picked":"Leap","floor":14},{"not_picked":["Meteor Strike","Biased Cognition"],"picked":"Seek","floor":16},{"not_picked":["Stack","Hologram"],"picked":"Turbo","floor":18},{"not_picked":["Steam","Hologram"],"picked":"FTL+1","floor":18},{"not_picked":["Sweeping Beam","Aggregate+1"],"picked":"Turbo","floor":20},{"not_picked":["Auto Shields","Meteor Strike","Storm"],"picked":"SKIP","floor":20},{"not_picked":["Beam Cell","Hologram"],"picked":"Rebound+1","floor":21},{"not_picked":["White Noise","Sweeping Beam+1"],"picked":"Streamline+1","floor":21},{"not_picked":["Sunder+1","Darkness"],"picked":"Glacier","floor":23},{"not_picked":["Chaos","Steam Power","Go for the Eyes"],"picked":"SKIP","floor":24},{"not_picked":["Beam Cell","Turbo","BootSequence+1"],"picked":"SKIP","floor":24},{"not_picked":["Leap","BootSequence"],"picked":"Seek","floor":28},{"not_picked":["Rebound","Conserve Battery","Scrape"],"picked":"SKIP","floor":28},{"not_picked":["Static Discharge","Go for the Eyes"],"picked":"Steam","floor":29}],"player_experience":351529,"relics_obtained":[{"floor":6,"key":"Bronze Scales"},{"floor":8,"key":"Incense Burner"},{"floor":9,"key":"Cables"},{"floor":17,"key":"Toy Ornithopter"},{"floor":17,"key":"Blue Candle"},{"floor":17,"key":"Prayer Wheel"},{"floor":23,"key":"Tiny Chest"},{"floor":29,"key":"Question Card"}],"event_choices":[{"damage_healed":0,"gold_gain":75,"player_choice":"Gather Gold","damage_taken":11,"max_hp_gain":0,"max_hp_loss":0,"event_name":"World of Goop","floor":2,"gold_loss":0},{"damage_healed":18,"gold_gain":0,"player_choice":"Healed","damage_taken":0,"max_hp_gain":0,"max_hp_loss":0,"event_name":"The Cleric","floor":5,"gold_loss":35},{"damage_healed":0,"gold_gain":75,"player_choice":"Touch","damage_taken":7,"max_hp_gain":0,"max_hp_loss":0,"event_name":"FaceTrader","floor":19,"gold_loss":0},{"cards_removed":["Defend_B"],"damage_healed":0,"gold_gain":0,"player_choice":"Purged","damage_taken":0,"max_hp_gain":0,"max_hp_loss":0,"event_name":"Purifier","floor":27,"gold_loss":0},{"damage_healed":0,"gold_gain":0,"player_choice":"Fight","damage_taken":0,"max_hp_gain":0,"max_hp_loss":0,"event_name":"Colosseum","floor":30,"gold_loss":0},{"damage_healed":0,"gold_gain":0,"player_choice":"Fought Nobs","damage_taken":0,"max_hp_gain":0,"max_hp_loss":0,"event_name":"Colosseum","floor":30,"gold_loss":0}],"is_beta":false,"boss_relics":[{"not_picked":["Coffee Dripper","SlaversCollar"],"picked":"Calling Bell"}],"items_purged_floors":[],"is_endless":false,"potions_floor_spawned":[6,11,12,14,16,18,23,30],"killed_by":"Colosseum Nobs","ascension_level":2}}