{"host":"g1wmg2w41xhsnw8g","time":1609356762,"event":{"mods":["2.2 Compatiblity","Act Like it!","BaseMod","Better Altar","Better Match","Better Note","Better Sensory Stone","Better Skull","Better Third Choice","BetterRewards","Booster Modes","CapriCore","Colored Map","Colored Powertips","Curses Come First","Defuse TimeMaze Blight","Displayed Cursed Tome","Evolution","Friendly Minions","GifTheSpireLib","Googly Eyes","Infinite Spire","Minty Spire (QoL Compilation)","Red Circlet Mod","Relic Sorter","Ruin Mod","SCP261 Mod","Shop Mod","Spicy Shops","StSLib","The Sage","Transform Curses","Wandering Minibosses","????"],"gold_per_floor":[113,132,132,132,151,183,183,193,247,0,26,73,85,127,32,140,152,114,126,126],"floor_reached":19,"playtime":1230,"items_purged":[],"score":249,"play_id":"f0c5694b-1a7d-4604-a23c-872c9114d613","local_time":"20201230143242","daily_mods":["SealedDeck","Specialized","Heirloom","Elite Swarm"],"is_ascension_mode":true,"campfire_choices":[{"data":"theRuin:Patience","floor":7,"key":"SMITH"}],"circlet_count":0,"master_deck":["theRuin:SharpenedBones","theRuin:SharpenedBones","theRuin:DefensiveDuel","theRuin:Revival","theRuin:DraggedDown","theRuin:BoneToss","theRuin:MeatShield","theRuin:QuestionablePotion","theRuin:BigBones","theRuin:BigBones","theRuin:BonyShield","theRuin:Endure","theRuin:BigBones","theRuin:BoneToss","theRuin:Patience+1","theRuin:MassiveOrganFailure","theRuin:GraveLeap","theRuin:Rebuilding","theRuin:SurpriseAttack+1","theRuin:NecroSoul","theRuin:Unrelenting","theRuin:SkeletonParty+1","theRuin:Patience+1","theRuin:Phalanx+1","theRuin:BlackPlague"],"relics":["theRuin:Coffin","EVO:Axolotl","Turnip","Pen Nib","Bag of Marbles","Vajra","Mango","MawBank","Blood Vial","Frozen Egg 2","infinitespire:Lychee Nut","Astrolabe"],"acts_visited":["Exordium","TheCity"],"potions_floor_usage":[2,6,12,16,18],"damage_taken":[{"damage":18,"enemies":"Jaw Worm","floor":1,"turns":4},{"damage":11,"enemies":"2 Louse","floor":2,"turns":2},{"damage":10,"enemies":"Cultist","floor":5,"turns":4},{"damage":32,"enemies":"3 Sentries","floor":6,"turns":9},{"damage":13,"enemies":"3 Louse","floor":8,"turns":2},{"damage":0,"enemies":"Looter","floor":11,"turns":1},{"damage":0,"enemies":"Lagavulin","floor":12,"turns":6},{"damage":14,"enemies":"Gremlin Nob","floor":14,"turns":4},{"damage":12,"enemies":"Hexaghost","floor":16,"turns":8},{"damage":50,"enemies":"Spheric Guardian","floor":18,"turns":7},{"damage":37,"enemies":"3 Byrds","floor":19,"turns":3}],"seed_played":"-2630828411217367006","potions_obtained":[{"floor":1,"key":"Regen Potion"},{"floor":5,"key":"GamblersBrew"},{"floor":11,"key":"ColorlessPotion"},{"floor":14,"key":"SCP261:BarrettColaPotion"},{"floor":16,"key":"PowerPotion"}],"is_trial":true,"path_per_floor":["M","M","?","?","M","E","R","M","T","R","M","E","?","E","R","B",null,"M","M"],"character_chosen":"THE_DEFAULT","items_purchased":["Mango","MawBank","infinitespire:Lychee Nut","theRuin:NecroSoul"],"campfire_rested":0,"item_purchase_floors":[10,10,15,15],"current_hp_per_floor":[59,64,52,52,50,26,26,13,13,27,27,37,37,25,25,23,68,19,0,0],"gold":126,"neow_bonus":"","is_daily":false,"chose_seed":false,"campfire_upgraded":1,"win_rate":0.0,"timestamp":1609356762,"path_taken":["M","M","?","?","M","E","R","M","T","R","M","E","?","E","R","BOSS","M","?"],"items_purchased_type":["Relic","Relic","Relic","Card"],"build_version":"2020-12-22","purchased_purges":0,"victory":false,"max_hp_per_floor":[77,77,77,77,77,77,77,77,77,91,91,91,91,91,68,68,68,68,68,68],"card_choices":[{"not_picked":["theRuin:NecroticBurn","theRuin:MyOwnBones"],"picked":"theRuin:BigBones","floor":1},{"not_picked":["theRuin:DeadPower","theRuin:CursedBlood"],"picked":"theRuin:BoneToss","floor":2},{"not_picked":["theRuin:SkeletonParty","theRuin:DefensiveDuel"],"picked":"theRuin:Patience","floor":5},{"not_picked":["theRuin:SurpriseAttack","theRuin:Rebuilding"],"picked":"theRuin:MassiveOrganFailure","floor":6},{"not_picked":["theRuin:GraveRobber","theRuin:BonyShield","theRuin:RaiseDead"],"picked":"SKIP","floor":8},{"not_picked":["theRuin:DraggedDown","theRuin:RaiseDead"],"picked":"theRuin:GraveLeap","floor":11},{"not_picked":["theRuin:DescentToDeath","theRuin:Armageddon"],"picked":"theRuin:Rebuilding","floor":12},{"not_picked":["theRuin:ScytheStrike","theRuin:Endure"],"picked":"theRuin:SurpriseAttack+1","floor":14},{"not_picked":["theRuin:Armageddon","theRuin:DescentToDeath+1"],"picked":"theRuin:Unrelenting","floor":16},{"not_picked":["theRuin:BonyShield","theRuin:DropDead"],"picked":"theRuin:BlackPlague","floor":18}],"player_experience":943974,"relics_obtained":[{"floor":6,"key":"Bag of Marbles"},{"floor":9,"key":"Vajra"},{"floor":12,"key":"Blood Vial"},{"floor":14,"key":"Frozen Egg 2"}],"event_choices":[{"damage_healed":0,"gold_gain":0,"player_choice":"Relic ","damage_taken":12,"max_hp_gain":0,"max_hp_loss":0,"event_name":"betterThird:BetterScrap","floor":3,"gold_loss":0,"cards_obtained":["Infernal Blade"]},{"damage_healed":0,"gold_gain":0,"player_choice":"Ignored","damage_taken":132,"max_hp_gain":0,"max_hp_loss":0,"event_name":"betterThird:BetterSerpent","floor":4,"gold_loss":0},{"damage_healed":0,"gold_gain":0,"player_choice":"Bought 0 Potions","damage_taken":0,"max_hp_gain":0,"max_hp_loss":0,"event_name":"The Woman in Blue","floor":13,"gold_loss":0}],"is_beta":false,"boss_relics":[{"not_picked":["Runic Dome","Tiny House"],"picked":"Astrolabe"}],"items_purged_floors":[],"is_endless":false,"potions_floor_spawned":[1,5,11,14,16],"killed_by":"3 Byrds","ascension_level":1}}