{"host":"uyrebrj0204enqpc","time":1609368110,"event":{"mods":["Act Like it!","Bard","BaseMod","Block Reminder","Challenge The Spire","Colored Map","Colored Powertips","DeckTracker","Downfall","GifTheSpireLib","HexUI Lib","Highlight Path","Hubris","Infinite Spire","Minty Spire (QoL Compilation)","Pale of the Ancients","Quick Restart","Random Character Button","Relic Sorter","Relic Stats","Replay The Spire","Shop Mod","StSLib","The Blue Laboratory","The Bug Knight","The Cursed","The Jungle","The Marked","Wandering Minibosses"],"gold_per_floor":[117,117,117,117,130,130,55,80,80,115,126,144,159,159,159,259,259,274,274,291,304,323,323,358,372,443,458,458,458,458,468,468,468,468],"floor_reached":33,"playtime":1394,"items_purged":["Spreading Infection","Strike_R"],"score":319,"play_id":"b7570059-135a-4d95-b3e0-15cd378e048a","local_time":"20201230174150","is_ascension_mode":true,"campfire_choices":[{"data":"Bash","floor":6.0,"key":"SMITH"},{"data":"Shrug It Off","floor":15.0,"key":"SMITH"},{"floor":23.0,"key":"REST"},{"data":"infinitespire:Execution","floor":30,"key":"SMITH"},{"data":"Berserk","floor":32,"key":"SMITH"}],"circlet_count":0,"master_deck":["Strike_R","Strike_R","Strike_R","Strike_R","Defend_R","Defend_R","Defend_R+1","Bash+1","Shrug It Off","Shrug It Off+1","Cleave","Double Tap+1","Berserk+1","Flame Barrier+1","hubris:DuctTapeCard+2","infinitespire:Execution+1","Seeing Red"],"relics":["Burning Blood","NeowsBlessing","Ring of Searing","ReplayTheSpireMod:Ring of Exchange","Orichalcum","Replay:Bottled Steam","Toy Ornithopter","HollowMod:PaleOreRelic","Replay:Bronze Core","Blue Doll","hubris:DuctTape","War Paint"],"acts_visited":["Exordium","Exordium"],"potions_floor_usage":[33,33],"damage_taken":[{"damage":0.0,"enemies":"Jaw Worm","floor":1.0,"turns":1.0},{"damage":0.0,"enemies":"2 Louse","floor":5.0,"turns":1.0},{"damage":0.0,"enemies":"Lagavulin","floor":8.0,"turns":1.0},{"damage":27.0,"enemies":"Gremlin Nob","floor":10.0,"turns":4.0},{"damage":2.0,"enemies":"Small Slimes","floor":11.0,"turns":3.0},{"damage":11.0,"enemies":"3 Louse","floor":12.0,"turns":3.0},{"damage":9.0,"enemies":"Red Slaver","floor":13.0,"turns":4.0},{"damage":5.0,"enemies":"Fading Forest","floor":16.0,"turns":11.0},{"damage":15.0,"enemies":"Shell Parasite","floor":18.0,"turns":3.0},{"damage":47.0,"enemies":"theJungle:5_Spyders","floor":20.0,"turns":8.0},{"damage":29.0,"enemies":"theJungle:2_Snecko_Cultists","floor":21.0,"turns":4.0},{"damage":6.0,"enemies":"theJungle:JungleHuntersEncounter","floor":22.0,"turns":5.0},{"damage":16.0,"enemies":"theJungle:2_Phrogs","floor":24.0,"turns":6.0},{"damage":10.0,"enemies":"theJungle:Lyon","floor":25.0,"turns":4.0},{"damage":5,"enemies":"theJungle:Snecko_Cultist_And_Trap","floor":27,"turns":5},{"damage":0,"enemies":"theJungle:JungleHuntersEncounter","floor":31,"turns":4},{"damage":49,"enemies":"theJungle:TotemBoss","floor":33,"turns":4}],"seed_played":"-396382236277935878","potions_obtained":[{"floor":1.0,"key":"Dexterity Potion"},{"floor":5.0,"key":"Ancient Potion"},{"floor":11.0,"key":"blueLaboratory:HeartbeatPotion"},{"floor":13.0,"key":"SteroidPotion"},{"floor":19.0,"key":"LiquidMemories"},{"floor":19.0,"key":"Flashbang"},{"floor":20.0,"key":"Dexterity Potion"},{"floor":25.0,"key":"blueLaboratory:BottleOfVodka"}],"is_trial":false,"path_per_floor":["M","?","?","?","M","R","$","E","T","E","M","M","M","?","R","B",null,"M","?","M","M","M","R","E","M","T","M","?","AVR","R","M","R","B"],"character_chosen":"IRONCLAD","items_purchased":[],"campfire_rested":1,"item_purchase_floors":[],"current_hp_per_floor":[80,80,59,59,65,65,65,71,71,50,54,49,46,39,39,40,80,71,71,40,17,17,41,31,27,27,28,28,28,28,34,34,0,0],"gold":468,"neow_bonus":"THREE_ENEMY_KILL","is_daily":false,"chose_seed":false,"campfire_upgraded":4,"win_rate":0.0,"timestamp":1609368110,"path_taken":["M","?","?","?","M","R","$","E","T","E","M","M","M","?","R","BOSS","M","?","M","?","M","R","E","M","T","M","?","AVR","R","M","R","BOSS"],"items_purchased_type":[],"build_version":"2020-12-22","purchased_purges":2,"victory":false,"max_hp_per_floor":[80,80,80,80,80,80,80,80,80,80,80,80,80,80,80,80,80,80,80,80,80,80,80,80,80,80,80,80,80,80,80,80,80,80],"relic_stats":{"counters":[17,71],"Orichalcum":[66],"War Paint":["Defend_R","Double Tap"],"obtain_stats":[{"ReplayTheSpireMod:Ring of Exchange":2,"NeowsBlessing":0,"hubris:DuctTape":26,"Replay:Bronze Core":17,"Blue Doll":24,"HollowMod:PaleOreRelic":14,"Orichalcum":8,"War Paint":29,"Burning Blood":0,"Toy Ornithopter":10,"Ring of Searing":2,"Replay:Bottled Steam":9},{"ReplayTheSpireMod:Ring of Exchange":1,"NeowsBlessing":0,"hubris:DuctTape":14,"Replay:Bronze Core":8,"Blue Doll":13,"HollowMod:PaleOreRelic":7,"Orichalcum":3,"War Paint":15,"Burning Blood":0,"Toy Ornithopter":4,"Ring of Searing":1,"Replay:Bottled Steam":3},{"ReplayTheSpireMod:Ring of Exchange":1,"NeowsBlessing":0,"hubris:DuctTape":58,"Replay:Bronze Core":28,"Blue Doll":54,"HollowMod:PaleOreRelic":17,"Orichalcum":3,"War Paint":63,"Burning Blood":0,"Toy Ornithopter":7,"Ring of Searing":1,"Replay:Bottled Steam":3}],"Burning Blood":90,"Toy Ornithopter":20},"card_choices":[{"not_picked":["ReplayTheSpireMod:Stacked","Pommel Strike"],"picked":"Shrug It Off","floor":1.0},{"not_picked":["infinitespire:UltimateForm","infinitespire:SealOfDarkness+"],"picked":"infinitespire:FutureSight","floor":3.0},{"not_picked":["Thunderclap","Massacre","Run Through"],"picked":"SKIP","floor":5.0},{"not_picked":["Thunderclap","Massacre","Run Through"],"picked":"SKIP","floor":5.0},{"not_picked":["Dual Wield","Ghostly Armor","hubris:ReadiedAction"],"picked":"SKIP","floor":8.0},{"not_picked":["Bloodletting","Power Through","Blood for Blood"],"picked":"SKIP","floor":10.0},{"not_picked":["Clash","Heavy Blade"],"picked":"Cleave","floor":11.0},{"not_picked":["Clothesline","Ghostly Armor"],"picked":"Double Tap","floor":12.0},{"not_picked":["Perfected Strike","Burning Pact","Carnage"],"picked":"SKIP","floor":13.0},{"not_picked":["Immolate","Juggernaut"],"picked":"Berserk","floor":16.0},{"not_picked":["Sentinel","Anger","Thunderclap"],"picked":"SKIP","floor":18.0},{"not_picked":["Body Slam+1","Twin Strike","Iron Wave"],"picked":"SKIP","floor":20.0},{"not_picked":["Heavy Blade","Infernal Blade","hubris:ReadiedAction"],"picked":"SKIP","floor":21.0},{"not_picked":["Anger","ReplayTheSpireMod:LeadingStrike","Havoc"],"picked":"SKIP","floor":22.0},{"not_picked":["hubris:ReadiedAction","Anger"],"picked":"Flame Barrier+1","floor":24.0},{"not_picked":["Life Link","Sword Boomerang"],"picked":"Metallicize","floor":25.0},{"not_picked":["Shrug It Off","Sentinel+1","Iron Wave"],"picked":"SKIP","floor":27},{"not_picked":["Clash+1","Perfected Strike"],"picked":"Seeing Red","floor":31}],"player_experience":1019169,"relics_obtained":[{"floor":2.0,"key":"Ring of Searing"},{"floor":2.0,"key":"ReplayTheSpireMod:Ring of Exchange"},{"floor":8.0,"key":"Orichalcum"},{"floor":9.0,"key":"Replay:Bottled Steam"},{"floor":10.0,"key":"Toy Ornithopter"},{"floor":24.0,"key":"Blue Doll"},{"floor":26,"key":"hubris:DuctTape"}],"event_choices":[{"damage_healed":0.0,"max_hp_gain":0.0,"max_hp_loss":0.0,"gold_gain":0.0,"cards_transformed":["Defend_R"],"event_name":"Living Wall","player_choice":"Change","floor":4.0,"gold_loss":0.0,"damage_taken":0.0,"cards_obtained":["Shrug It Off"]},{"damage_healed":0.0,"max_hp_gain":0.0,"max_hp_loss":0.0,"gold_gain":0.0,"event_name":"Scrap Ooze","player_choice":"Success","floor":14.0,"gold_loss":0.0,"damage_taken":7.0,"relics_obtained":["HollowMod:PaleOreRelic"]},{"damage_healed":0.0,"max_hp_gain":0.0,"max_hp_loss":0.0,"gold_gain":0.0,"event_name":"Lab","player_choice":"Got Potions","floor":19.0,"gold_loss":0.0,"damage_taken":0.0},{"damage_healed":0,"gold_gain":0,"player_choice":"Upgraded","damage_taken":0,"max_hp_gain":0,"max_hp_loss":0,"event_name":"Upgrade Shrine","floor":28,"gold_loss":0,"cards_upgraded":["hubris:DuctTapeCard"]}],"is_beta":false,"boss_relics":[{"not_picked":["Lee\u0027s Waffle","Fusion Hammer"],"picked":"Replay:Bronze Core"}],"items_purged_floors":[7,29],"is_endless":false,"potions_floor_spawned":[1,5,11,13,18,20,25,27,31],"killed_by":"theJungle:TotemBoss","ascension_level":1}}