{"host":"sav7uxregyirlf69","time":1609293760,"event":{"mods":["AchievementEnabler","BaseMod","Colored Map","DeckTracker","Keyboard Shortcuts","Minty Spire (QoL Compilation)","READ ME - Guardian Mod","StSLib","SuperFastMode"],"gold_per_floor":[109,123,123,123,48,76,94,107,107,117,117,117,134,153,153,153,153],"floor_reached":16,"playtime":256,"items_purged":["Strike_G"],"score":258,"play_id":"2b63799c-1b62-4b30-8222-ac5552c9fc3b","local_time":"20201230110240","is_ascension_mode":true,"campfire_choices":[{"data":"Tactician","floor":11,"key":"SMITH"},{"data":"Infinite Blades","floor":15,"key":"SMITH"}],"circlet_count":0,"master_deck":["AscendersBane","Strike_G","Strike_G","Strike_G","Defend_G","Defend_G","Defend_G","Defend_G","Defend_G","Survivor","Neutralize","Dagger Throw","Tactician+1","Blade Dance","Infinite Blades+1"],"relics":["Ring of the Snake","NeowsBlessing","Eternal Feather"],"acts_visited":["Exordium"],"potions_floor_usage":[16],"damage_taken":[{"damage":0.0,"enemies":"Small Slimes","floor":1.0,"turns":1.0},{"damage":0.0,"enemies":"Jaw Worm","floor":2.0,"turns":1.0},{"damage":0.0,"enemies":"Lagavulin","floor":6.0,"turns":1.0},{"damage":1.0,"enemies":"Cultist","floor":7.0,"turns":4.0},{"damage":1.0,"enemies":"Red Slaver","floor":8.0,"turns":3.0},{"damage":12.0,"enemies":"3 Louse","floor":10.0,"turns":4.0},{"damage":32,"enemies":"Large Slime","floor":13,"turns":9},{"damage":6,"enemies":"2 Fungi Beasts","floor":14,"turns":3},{"damage":55,"enemies":"Slime Boss","floor":16,"turns":8}],"seed_played":"2655133879703487936","potions_obtained":[{"floor":6.0,"key":"SteroidPotion"},{"floor":7.0,"key":"Explosive Potion"},{"floor":10,"key":"FairyPotion"}],"is_trial":false,"path_per_floor":["M","M","?","T","$","E","M","M","T","M","R","?","M","M","R","B"],"character_chosen":"THE_SILENT","items_purchased":[],"campfire_rested":0,"item_purchase_floors":[],"current_hp_per_floor":[59,59,59,59,59,59,58,57,57,45,54,54,22,16,25,0,0],"gold":153,"neow_bonus":"THREE_ENEMY_KILL","is_daily":false,"chose_seed":false,"campfire_upgraded":2,"win_rate":0.0,"timestamp":1609293760,"path_taken":["M","M","?","?","?","E","M","M","T","M","R","?","M","?","R","BOSS"],"items_purchased_type":[],"build_version":"2020-12-22","purchased_purges":1,"victory":false,"max_hp_per_floor":[66,66,66,66,66,66,66,66,66,66,66,66,66,66,66,66,66],"card_choices":[{"not_picked":["Dagger Spray","Cloak And Dagger"],"picked":"Dagger Throw","floor":1.0},{"not_picked":["Noxious Fumes","Slice"],"picked":"Tactician","floor":2.0},{"not_picked":["Setup","Cloak And Dagger","Concentrate"],"picked":"SKIP","floor":6.0},{"not_picked":["Skewer","Cloak And Dagger"],"picked":"Blade Dance","floor":7.0},{"not_picked":["Bouncing Flask","Night Terror","Outmaneuver"],"picked":"SKIP","floor":8.0},{"not_picked":["Skewer","Concentrate"],"picked":"Infinite Blades","floor":10},{"not_picked":["Distraction","Sucker Punch","Cloak And Dagger"],"picked":"SKIP","floor":13},{"not_picked":["Dodge and Roll","Dash","Poisoned Stab"],"picked":"SKIP","floor":14}],"player_experience":1059903,"relics_obtained":[{"floor":6.0,"key":"Eternal Feather"}],"event_choices":[{"damage_healed":0.0,"max_hp_gain":0.0,"max_hp_loss":0.0,"gold_gain":0.0,"event_name":"Liars Game","player_choice":"Ignored","floor":3.0,"gold_loss":0.0,"damage_taken":0.0},{"cards_removed":["Strike_G"],"damage_healed":0,"gold_gain":0,"player_choice":"Purged","damage_taken":0,"max_hp_gain":0,"max_hp_loss":0,"event_name":"Purifier","floor":12,"gold_loss":0}],"is_beta":false,"boss_relics":[],"items_purged_floors":[5],"is_endless":false,"potions_floor_spawned":[6,7,10,13],"killed_by":"Slime Boss","ascension_level":20}}