{"host":"ao8ok4k25npyixk7","time":1609293347,"event":{"mods":["BaseMod","Colored Map","Minty Spire (QoL Compilation)"],"gold_per_floor":[110,110,123,134,234,234,260,280,280,292,312,312,327,342,342,420,420,439,452,465,415,36,36,64,64,64,91,103,103,26,26,26,97,97,116,116,41,56,74,74,74,74,74,86,97,15,15,15,15,15],"floor_reached":51,"playtime":2116,"items_purged":["Strike_G"],"score":1154,"play_id":"53a4938b-d8ff-42ae-b2a1-75daf7deadf5","local_time":"20201230025547","is_ascension_mode":true,"campfire_choices":[{"data":"Infinite Blades","floor":6,"key":"SMITH"},{"data":"Finisher","floor":12,"key":"SMITH"},{"data":"Finisher","floor":15,"key":"SMITH"},{"data":"Noxious Fumes","floor":23,"key":"SMITH"},{"data":"Accuracy","floor":25,"key":"SMITH"},{"floor":29,"key":"REST"},{"data":"Infinite Blades","floor":32,"key":"SMITH"},{"floor":40,"key":"REST"},{"data":"After Image","floor":42,"key":"SMITH"},{"data":"PiercingWail","floor":49,"key":"SMITH"}],"circlet_count":0,"master_deck":["AscendersBane","Strike_G","Strike_G","Defend_G","Defend_G","Defend_G","Defend_G","Defend_G","Survivor","Neutralize","Backflip","Finisher+1","Infinite Blades+1","Finisher+1","Terror","Accuracy+1","Dagger Spray","Flying Knee","Wraith Form v2","Cloak And Dagger","Prepared","Blade Dance","Deflect","Noxious Fumes+1","PiercingWail+1","Backflip","Backflip","Infinite Blades+1","After Image+1","Setup+1","Calculated Gamble","Terror","Writhe","Deflect","Expertise","Finesse","After Image+1"],"relics":["Runic Dome","Incense Burner","CaptainsWheel","Mango","Black Star","Lizard Tail","Eternal Feather","Mercury Hourglass","Matryoshka","Strawberry","Dead Branch","Empty Cage","Orichalcum","Nunchaku"],"acts_visited":["Exordium","TheCity","TheBeyond"],"potions_floor_usage":[13,16,16,24,24,39,45,50],"damage_taken":[{"damage":2,"enemies":"Cultist","floor":1,"turns":5},{"damage":2,"enemies":"Jaw Worm","floor":3,"turns":5},{"damage":4,"enemies":"Small Slimes","floor":4,"turns":3},{"damage":15,"enemies":"3 Sentries","floor":7,"turns":9},{"damage":0,"enemies":"Exordium Thugs","floor":8,"turns":4},{"damage":5,"enemies":"Large Slime","floor":10,"turns":3},{"damage":6,"enemies":"Blue Slaver","floor":11,"turns":3},{"damage":0,"enemies":"Lots of Slimes","floor":13,"turns":4},{"damage":17,"enemies":"3 Louse","floor":14,"turns":2},{"damage":7,"enemies":"Hexaghost","floor":16,"turns":6},{"damage":11,"enemies":"Spheric Guardian","floor":18,"turns":3},{"damage":18,"enemies":"2 Thieves","floor":19,"turns":4},{"damage":10,"enemies":"Centurion and Healer","floor":20,"turns":6},{"damage":5,"enemies":"Book of Stabbing","floor":24,"turns":4},{"damage":34,"enemies":"Slavers","floor":27,"turns":6},{"damage":0,"enemies":"Sentry and Sphere","floor":28,"turns":4},{"damage":25,"enemies":"Automaton","floor":33,"turns":6},{"damage":44,"enemies":"3 Darklings","floor":35,"turns":4},{"damage":16,"enemies":"3 Shapes","floor":38,"turns":7},{"damage":14,"enemies":"Sphere and 2 Shapes","floor":39,"turns":6},{"damage":13,"enemies":"4 Shapes","floor":44,"turns":6},{"damage":0,"enemies":"Transient","floor":45,"turns":5},{"damage":26,"enemies":"Awakened One","floor":50,"turns":9}],"seed_played":"-3060759446537658118","potions_obtained":[{"floor":7,"key":"Energy Potion"},{"floor":8,"key":"PowerPotion"},{"floor":13,"key":"BlessingOfTheForge"},{"floor":19,"key":"LiquidBronze"},{"floor":20,"key":"SteroidPotion"},{"floor":28,"key":"CultistPotion"},{"floor":36,"key":"Block Potion"},{"floor":44,"key":"ColorlessPotion"},{"floor":45,"key":"GhostInAJar"}],"is_trial":false,"path_per_floor":["M","?","M","M","?","R","E","M","T","M","M","R","M","M","R","B",null,"M","M","M","?","$","R","E","R","T","E","M","R","$","?","R","B",null,"M","?","$","M","M","R","?","R","T","M","M","$","?","$","R","B",null],"character_chosen":"THE_SILENT","items_purchased":["Deflect","Lizard Tail","Noxious Fumes","Infinite Blades","Finesse"],"campfire_rested":2,"item_purchase_floors":[22,22,22,30,46],"current_hp_per_floor":[61,54,52,48,48,48,33,33,47,42,36,36,36,19,19,12,66,55,37,27,27,27,27,22,37,37,10,10,55,55,55,73,48,80,36,36,36,20,6,51,74,91,91,78,78,78,78,78,91,65],"gold":15,"neow_bonus":"BOSS_RELIC","is_daily":false,"chose_seed":false,"campfire_upgraded":8,"win_rate":0.0,"timestamp":1609293347,"path_taken":["M","?","M","M","?","R","E","M","T","M","M","R","?","M","R","BOSS","M","M","M","?","$","R","E","R","T","E","?","R","$","?","R","BOSS","M","?","$","?","M","R","?","R","T","M","M","?","?","$","R","BOSS"],"items_purchased_type":["Card","Relic","Card","Card","Card"],"build_version":"2020-12-22","purchased_purges":1,"victory":true,"max_hp_per_floor":[70,70,70,70,70,70,70,70,84,84,84,84,84,84,84,84,84,84,84,84,84,84,84,84,84,84,91,91,91,91,91,91,91,91,91,91,91,91,91,91,91,91,91,91,91,91,91,91,91,91],"card_choices":[{"not_picked":["Underhanded Strike","Dash"],"picked":"Backflip","floor":1},{"not_picked":["Choke","Bane"],"picked":"Finisher","floor":3},{"not_picked":["PiercingWail","All Out Attack"],"picked":"Infinite Blades","floor":4},{"not_picked":["Flying Knee","Dagger Throw"],"picked":"Finisher","floor":7},{"not_picked":["Quick Slash","Caltrops"],"picked":"Terror","floor":8},{"not_picked":["Dagger Throw","Riddle With Holes"],"picked":"Accuracy","floor":10},{"not_picked":["Backstab","Backflip"],"picked":"Dagger Spray","floor":11},{"not_picked":["Poisoned Stab","Bane","Reflex"],"picked":"SKIP","floor":13},{"not_picked":["Quick Slash","Tactician"],"picked":"Flying Knee","floor":14},{"not_picked":["Tools of the Trade","Grand Finale"],"picked":"Wraith Form v2","floor":16},{"not_picked":["Bouncing Flask","Underhanded Strike"],"picked":"Cloak And Dagger","floor":18},{"not_picked":["Crippling Poison","Quick Slash"],"picked":"Prepared","floor":19},{"not_picked":["Leg Sweep","Crippling Poison"],"picked":"Blade Dance","floor":20},{"not_picked":["Dodge and Roll+1","Infinite Blades"],"picked":"PiercingWail","floor":24},{"not_picked":["Underhanded Strike","Slice"],"picked":"Backflip","floor":27},{"not_picked":["Flying Knee","Blur"],"picked":"Backflip","floor":28},{"not_picked":["Storm of Steel","Tools of the Trade"],"picked":"After Image","floor":33},{"not_picked":["Poisoned Stab","Accuracy"],"picked":"Setup+1","floor":35},{"not_picked":["Prepared","Eviscerate"],"picked":"Calculated Gamble","floor":38},{"not_picked":["Deflect","Calculated Gamble"],"picked":"Terror","floor":39},{"not_picked":["Sucker Punch","Dagger Throw"],"picked":"Deflect","floor":44},{"not_picked":["Flying Knee","Tactician"],"picked":"Expertise","floor":45}],"player_experience":233783,"relics_obtained":[{"floor":7,"key":"CaptainsWheel"},{"floor":9,"key":"Mango"},{"floor":24,"key":"Eternal Feather"},{"floor":24,"key":"Mercury Hourglass"},{"floor":26,"key":"Matryoshka"},{"floor":27,"key":"Strawberry"},{"floor":27,"key":"Dead Branch"},{"floor":43,"key":"Orichalcum"},{"floor":43,"key":"Nunchaku"}],"event_choices":[{"damage_healed":0,"gold_gain":0,"player_choice":"Success","damage_taken":7,"relics_obtained":["Incense Burner"],"max_hp_gain":0,"max_hp_loss":0,"event_name":"Scrap Ooze","floor":2,"gold_loss":0},{"damage_healed":0,"gold_gain":100,"player_choice":"Pray","damage_taken":0,"max_hp_gain":0,"max_hp_loss":0,"event_name":"Golden Shrine","floor":5,"gold_loss":0},{"damage_healed":0,"gold_gain":0,"player_choice":"Bet on Owner","damage_taken":0,"max_hp_gain":0,"max_hp_loss":0,"event_name":"The Joust","floor":21,"gold_loss":50},{"damage_healed":0,"gold_gain":0,"player_choice":"Ignored","damage_taken":0,"max_hp_gain":0,"max_hp_loss":0,"event_name":"Ghosts","floor":31,"gold_loss":0},{"damage_healed":0,"gold_gain":0,"player_choice":"Got Potions","damage_taken":0,"max_hp_gain":0,"max_hp_loss":0,"event_name":"Lab","floor":36,"gold_loss":0},{"damage_healed":23,"gold_gain":0,"player_choice":"Writhe","damage_taken":0,"max_hp_gain":0,"max_hp_loss":0,"event_name":"Winding Halls","floor":41,"gold_loss":0,"cards_obtained":["Writhe"]},{"damage_healed":0,"gold_gain":0,"player_choice":"Copied","damage_taken":0,"max_hp_gain":0,"max_hp_loss":0,"event_name":"Duplicator","floor":47,"gold_loss":0,"cards_obtained":["After Image"]}],"is_beta":false,"boss_relics":[{"not_picked":["SacredBark","Coffee Dripper"],"picked":"Black Star"},{"not_picked":["Tiny House","Philosopher\u0027s Stone"],"picked":"Empty Cage"}],"items_purged_floors":[37],"is_endless":false,"potions_floor_spawned":[7,8,11,13,19,20,28,38,44,45],"ascension_level":13}}