{"host":"oigynbtg272c19pw","time":1609350536,"event":{"mods":["BaseMod","Colored Map","Minty Spire (QoL Compilation)","Relic Stats","StSLib"],"gold_per_floor":[119,119,119,138,213,251,251,285,312,312,337,377,396,421,421,517,517,530,128,144,144,167,207,207,243,243,261,261,282,282,323,323,419,419,432,432,451,470,489,489,527,527,527,558,571,571,243,258,258,258,258],"floor_reached":52,"playtime":3434,"items_purged":["Strike_P"],"score":2155,"play_id":"02ad8a4e-caf9-4706-8e03-e72bc79fe39c","local_time":"20201230184856","is_ascension_mode":true,"campfire_choices":[{"data":"Swivel","floor":7.0,"key":"SMITH"},{"data":"TalkToTheHand","floor":10.0,"key":"SMITH"},{"data":"EmptyFist","floor":15.0,"key":"SMITH"},{"data":"Consecrate","floor":24.0,"key":"SMITH"},{"data":"1","floor":28.0,"key":"LIFT"},{"data":"2","floor":32.0,"key":"LIFT"},{"data":"3","floor":40.0,"key":"LIFT"},{"data":"Trip","floor":42.0,"key":"SMITH"},{"data":"Wallop","floor":46.0,"key":"SMITH"},{"data":"WaveOfTheHand","floor":49.0,"key":"SMITH"}],"circlet_count":0,"master_deck":["AscendersBane","Eruption","Vigilance+1","Consecrate+1","Swivel+1","Ragnarok","TalkToTheHand+1","EmptyFist+1","Prostrate","FlurryOfBlows","SpiritShield+1","Swivel+1","Devotion","WaveOfTheHand+1","SandsOfTime","TalkToTheHand+1","Wallop+1","EmptyMind+1","Vault","Omniscience","Alpha","Wallop","Conclude","Scrawl","Swivel","Wireheading","Study+1","Sadistic Nature","Trip+1","Metamorphosis","Protect","MasterReality"],"relics":["PureWater","NeowsBlessing","Bag of Marbles","Golden Idol","Mummified Hand","MealTicket","War Paint","Centennial Puzzle","Art of War","Snecko Eye","Medical Kit","Pen Nib","Oddly Smooth Stone","Ancient Tea Set","Girya","Anchor","Pandora\u0027s Box","StoneCalendar","Ginger","Blood Vial","PrismaticShard"],"acts_visited":["Exordium","TheCity","TheBeyond"],"potions_floor_usage":[],"damage_taken":[{"damage":0.0,"enemies":"2 Louse","floor":1.0,"turns":1.0},{"damage":0.0,"enemies":"Small Slimes","floor":4.0,"turns":1.0},{"damage":0.0,"enemies":"3 Sentries","floor":6.0,"turns":2.0},{"damage":0.0,"enemies":"Gremlin Nob","floor":8.0,"turns":2.0},{"damage":26.0,"enemies":"3 Sentries","floor":12.0,"turns":11.0},{"damage":0.0,"enemies":"Cultist","floor":13.0,"turns":2.0},{"damage":4.0,"enemies":"Gremlin Gang","floor":14.0,"turns":4.0},{"damage":5.0,"enemies":"The Guardian","floor":16.0,"turns":11.0},{"damage":17.0,"enemies":"Spheric Guardian","floor":18.0,"turns":6.0},{"damage":11.0,"enemies":"2 Thieves","floor":20.0,"turns":4.0},{"damage":0.0,"enemies":"3 Cultists","floor":22.0,"turns":6.0},{"damage":1.0,"enemies":"Book of Stabbing","floor":23.0,"turns":5.0},{"damage":0.0,"enemies":"Slavers","floor":25.0,"turns":3.0},{"damage":9.0,"enemies":"Shelled Parasite and Fungi","floor":27.0,"turns":2.0},{"damage":1.0,"enemies":"Centurion and Healer","floor":29.0,"turns":6.0},{"damage":16.0,"enemies":"Gremlin Leader","floor":31.0,"turns":6.0},{"damage":3.0,"enemies":"Automaton","floor":33.0,"turns":7.0},{"damage":5.0,"enemies":"3 Darklings","floor":35.0,"turns":4.0},{"damage":0.0,"enemies":"Orb Walker","floor":37.0,"turns":3.0},{"damage":0.0,"enemies":"Sphere and 2 Shapes","floor":38.0,"turns":4.0},{"damage":0.0,"enemies":"3 Darklings","floor":39.0,"turns":2.0},{"damage":0.0,"enemies":"Reptomancer","floor":41.0,"turns":3.0},{"damage":0.0,"enemies":"Nemesis","floor":44.0,"turns":6.0},{"damage":0.0,"enemies":"Maw","floor":45.0,"turns":4.0},{"damage":4.0,"enemies":"Jaw Worm Horde","floor":48.0,"turns":4.0},{"damage":33.0,"enemies":"Awakened One","floor":50.0,"turns":10.0},{"damage":15,"enemies":"Time Eater","floor":51,"turns":6}],"seed_played":"-5691979027851552422","potions_obtained":[{"floor":4.0,"key":"BlessingOfTheForge"},{"floor":6.0,"key":"Block Potion"},{"floor":13.0,"key":"Regen Potion"},{"floor":16.0,"key":"SteroidPotion"},{"floor":29.0,"key":"Weak Potion"},{"floor":31.0,"key":"LiquidMemories"},{"floor":37.0,"key":"Energy Potion"},{"floor":44.0,"key":"PowerPotion"}],"is_trial":false,"path_per_floor":["M","?","?","M","?","E","R","E","T","R","T","E","M","M","R","B",null,"M","$","M","?","M","E","R","E","T","M","R","M","?","E","R","B",null,"M","?","M","M","M","R","E","R","T","E","M","R","$","M","R","B","B",null],"character_chosen":"WATCHER","items_purchased":["Medical Kit","Pen Nib","Blood Vial","PrismaticShard"],"campfire_rested":0,"item_purchase_floors":[19,19,47,47],"current_hp_per_floor":[61,56,56,56,45,45,45,45,45,45,45,19,19,15,15,10,49,32,47,36,36,36,35,35,35,35,26,26,40,40,24,24,21,52,47,37,37,37,37,37,37,37,37,37,37,37,52,50,50,19,6],"gold":258,"neow_bonus":"THREE_ENEMY_KILL","is_daily":false,"chose_seed":false,"campfire_upgraded":7,"win_rate":0.0,"timestamp":1609350536,"path_taken":["M","?","?","M","?","E","R","E","T","R","?","E","M","M","R","BOSS","M","$","M","?","M","E","R","E","T","M","R","?","?","E","R","BOSS","M","?","M","M","M","R","E","R","T","E","M","R","$","M","R","BOSS","BOSS"],"items_purchased_type":["Relic","Relic","Relic","Relic"],"build_version":"2020-12-13","purchased_purges":1,"victory":true,"max_hp_per_floor":[68,68,62,62,62,62,62,62,62,62,62,62,62,62,62,62,62,62,62,62,62,62,62,62,62,62,62,62,62,62,62,62,62,62,62,62,62,62,62,62,62,62,62,62,62,62,62,62,62,62,62],"relic_stats":{"counters":[27,125],"Golden Idol":187,"StoneCalendar":[52],"Pen Nib":[19],"Ginger":[5],"War Paint":["Vigilance","Defend_P"],"Medical Kit":[5],"Blood Vial":6,"Centennial Puzzle":[42],"Mummified Hand":[73],"Snecko Eye":[178,170,164,196],"MealTicket":30,"Pandora\u0027s Box":["Omniscience","Alpha","Wallop","Conclude","Scrawl","Swivel","Wireheading"],"Art of War":[8],"obtain_stats":[{"Girya":26,"NeowsBlessing":0,"Golden Idol":3,"Oddly Smooth Stone":23,"StoneCalendar":41,"Pen Nib":19,"Ginger":44,"War Paint":9,"Medical Kit":19,"Ancient Tea Set":25,"PrismaticShard":47,"Blood Vial":47,"Centennial Puzzle":11,"Anchor":31,"Mummified Hand":6,"Snecko Eye":17,"MealTicket":8,"Pandora\u0027s Box":34,"Bag of Marbles":2,"Art of War":12,"PureWater":0},{"Girya":13,"NeowsBlessing":0,"Golden Idol":1,"Oddly Smooth Stone":12,"StoneCalendar":22,"Pen Nib":9,"Ginger":23,"War Paint":4,"Medical Kit":9,"Ancient Tea Set":13,"PrismaticShard":24,"Blood Vial":24,"Centennial Puzzle":4,"Anchor":16,"Mummified Hand":3,"Snecko Eye":8,"MealTicket":4,"Pandora\u0027s Box":17,"Bag of Marbles":1,"Art of War":5,"PureWater":0},{"Girya":58,"NeowsBlessing":0,"Golden Idol":1,"Oddly Smooth Stone":55,"StoneCalendar":95,"Pen Nib":40,"Ginger":101,"War Paint":6,"Medical Kit":40,"Ancient Tea Set":58,"PrismaticShard":105,"Blood Vial":105,"Centennial Puzzle":6,"Anchor":72,"Mummified Hand":4,"Snecko Eye":34,"MealTicket":6,"Pandora\u0027s Box":79,"Bag of Marbles":1,"Art of War":17,"PureWater":0}]},"card_choices":[{"not_picked":["WreathOfFlame","LikeWater"],"picked":"Consecrate","floor":1.0},{"not_picked":["Indignation","CutThroughFate"],"picked":"Swivel","floor":4.0},{"not_picked":["EmptyFist","EmptyBody"],"picked":"Ragnarok","floor":6.0},{"not_picked":["EmptyFist","BowlingBash"],"picked":"TalkToTheHand","floor":8.0},{"not_picked":["CarveReality","Evaluate"],"picked":"EmptyFist","floor":12.0},{"not_picked":["EmptyBody","Protect"],"picked":"Prostrate","floor":13.0},{"not_picked":["Evaluate","PathToVictory"],"picked":"FlurryOfBlows","floor":14.0},{"not_picked":["Devotion","Establishment"],"picked":"SpiritShield","floor":16.0},{"not_picked":["ReachHeaven","EmptyBody"],"picked":"Swivel+1","floor":18.0},{"not_picked":["Evaluate","SashWhip","BowlingBash"],"picked":"SKIP","floor":20.0},{"not_picked":["PathToVictory","EmptyBody","FlyingSleeves"],"picked":"SKIP","floor":22.0},{"not_picked":["EmptyFist","JustLucky"],"picked":"Devotion","floor":23.0},{"not_picked":["CutThroughFate","FlurryOfBlows+1"],"picked":"WaveOfTheHand","floor":25.0},{"not_picked":["Consecrate","CrushJoints"],"picked":"SandsOfTime","floor":27.0},{"not_picked":["Prostrate","Consecrate"],"picked":"TalkToTheHand+1","floor":29.0},{"not_picked":["ClearTheMind","BowlingBash"],"picked":"EmptyMind+1","floor":31.0},{"not_picked":["Ragnarok","SpiritShield"],"picked":"Vault","floor":33.0},{"not_picked":["JustLucky+1","ReachHeaven"],"picked":"Study+1","floor":35.0},{"not_picked":["Discovery","Blind"],"picked":"Sadistic Nature","floor":36.0},{"not_picked":["Finesse","Swift Strike"],"picked":"Trip","floor":36.0},{"not_picked":["Forethought","Jack Of All Trades"],"picked":"Metamorphosis","floor":36.0},{"not_picked":["SashWhip","PathToVictory","Collect"],"picked":"SKIP","floor":37.0},{"not_picked":["CutThroughFate","Evaluate","ReachHeaven"],"picked":"SKIP","floor":38.0},{"not_picked":["CutThroughFate","FollowUp+1","Crescendo+1"],"picked":"SKIP","floor":39.0},{"not_picked":["Nirvana","CutThroughFate","Halt"],"picked":"SKIP","floor":41.0},{"not_picked":["ClearTheMind","CarveReality"],"picked":"Protect","floor":44.0},{"not_picked":["BowlingBash","Crescendo+1"],"picked":"MasterReality","floor":45.0},{"not_picked":["Quick Slash","Hello World","FlyingSleeves"],"picked":"SKIP","floor":48.0}],"player_experience":1297833,"relics_obtained":[{"floor":6.0,"key":"Mummified Hand"},{"floor":8.0,"key":"MealTicket"},{"floor":9.0,"key":"War Paint"},{"floor":11.0,"key":"Centennial Puzzle"},{"floor":12.0,"key":"Art of War"},{"floor":23.0,"key":"Oddly Smooth Stone"},{"floor":25.0,"key":"Ancient Tea Set"},{"floor":26.0,"key":"Girya"},{"floor":31.0,"key":"Anchor"},{"floor":41.0,"key":"StoneCalendar"},{"floor":44.0,"key":"Ginger"}],"event_choices":[{"damage_healed":0.0,"max_hp_gain":0.0,"max_hp_loss":0.0,"gold_gain":0.0,"event_name":"Scrap Ooze","player_choice":"Success","floor":2.0,"gold_loss":0.0,"damage_taken":5.0,"relics_obtained":["Bag of Marbles"]},{"damage_healed":0.0,"max_hp_gain":0.0,"max_hp_loss":6.0,"gold_gain":0.0,"event_name":"Golden Idol","player_choice":"Lose Max HP","floor":3.0,"gold_loss":0.0,"damage_taken":0.0,"relics_obtained":["Golden Idol"]},{"damage_healed":0.0,"max_hp_gain":0.0,"max_hp_loss":0.0,"gold_gain":75.0,"event_name":"World of Goop","player_choice":"Gather Gold","floor":5.0,"gold_loss":0.0,"damage_taken":11.0},{"damage_healed":0.0,"max_hp_gain":0.0,"max_hp_loss":0.0,"gold_gain":0.0,"event_name":"Upgrade Shrine","player_choice":"Upgraded","floor":21.0,"gold_loss":0.0,"damage_taken":0.0,"cards_upgraded":["SpiritShield"]},{"damage_healed":0.0,"max_hp_gain":0.0,"max_hp_loss":0.0,"gold_gain":0.0,"event_name":"The Library","player_choice":"Read","floor":30.0,"gold_loss":0.0,"damage_taken":0.0,"cards_obtained":["Wallop"]},{"damage_healed":0.0,"max_hp_gain":0.0,"max_hp_loss":0.0,"gold_gain":0.0,"event_name":"SensoryStone","player_choice":"Memory 3","floor":36.0,"gold_loss":0.0,"damage_taken":10.0}],"is_beta":false,"boss_relics":[{"not_picked":["Velvet Choker","HolyWater"],"picked":"Snecko Eye"},{"not_picked":["Busted Crown","Runic Pyramid"],"picked":"Pandora\u0027s Box"}],"items_purged_floors":[19],"is_endless":false,"potions_floor_spawned":[4,6,13,16,20,23,29,31,37,41,44,45],"ascension_level":20}}