{"host":"7z9izfsmsy4azoxx","time":1609359958,"event":{"mods":["AchievementEnabler","BaseMod","Colored Map","Custom Start","Hermit","Minty Spire (QoL Compilation)","StSLib","SuperFastMode"],"gold_per_floor":[100000114,99999381,99999400,99998459,99998472,99998472,99998506,99998506,99998506,99997676,99997694,99997714,99997714,99997725,99997725,99997801,99997801,99997811,99996931,99996931,99996945,99995947,99995962,99995962,99995962,99995986,99995173,99995201,99995212,99995228,99995228,99995228,99995299,99995299,99995319,99995319,99995344,99995344,99994566,99994566,99994601,99994601,99994601,99994613,99994625,99994625,99994680,99993918,99993927,99993927,99993927,99993927,99993927,99992989,99993023,99993023],"floor_reached":57,"playtime":1143,"items_purged":["Strike_R","Strike_R","Strike_R","Strike_R","Defend_R","Writhe","Defend_R","Defend_R","Bash"],"score":2896,"play_id":"ef64a6c9-ed50-458d-8d73-60e14737e37d","local_time":"20201231052558","is_ascension_mode":true,"campfire_choices":[{"data":"Hemokinesis","floor":6,"key":"SMITH"},{"data":"Uppercut","floor":13,"key":"SMITH"},{"data":"Double Tap","floor":15,"key":"SMITH"},{"floor":32,"key":"REST"},{"floor":40,"key":"RECALL"},{"floor":42,"key":"REST"},{"floor":46,"key":"REST"},{"floor":49,"key":"REST"},{"floor":53,"key":"REST"}],"circlet_count":0,"master_deck":["AscendersBane","Defend_R+1","Uppercut+1","Pummel","Hemokinesis+1","Double Tap+1","Immolate","Good Instincts+1","Shrug It Off","Juggernaut+1","CurseOfTheBell","Apotheosis+1","Power Through","Dark Embrace+1","Fire Breathing+1","Berserk+1","Necronomicurse","Corruption+1","Rupture+1","Second Wind","Feel No Pain+1"],"relics":["Burning Blood","NeowsBlessing","Art of War","Pantograph","Calipers","Frozen Egg 2","ClockworkSouvenir","Sundial","StrikeDummy","Strawberry","HandDrill","Calling Bell","Happy Flower","Darkstone Periapt","Dead Branch","Gambling Chip","Blood Vial","Medical Kit","Dream Catcher","FossilizedHelix","Red Skull","Eternal Feather","Lantern","Sling","War Paint","Letter Opener","Ornamental Fan","Necronomicon","Fusion Hammer","Centennial Puzzle","Potion Belt","Nunchaku","Omamori","Self Forming Clay","Du-Vu Doll","Torii","CeramicFish","Chemical X","Akabeko","Orichalcum","Bag of Preparation"],"acts_visited":["Exordium","TheCity","TheBeyond","TheEnding"],"potions_floor_usage":[33,54,56,56,56,56],"damage_taken":[{"damage":0,"enemies":"Cultist","floor":1,"turns":1},{"damage":0,"enemies":"Jaw Worm","floor":3,"turns":1},{"damage":2,"enemies":"Small Slimes","floor":5,"turns":1},{"damage":10,"enemies":"Gremlin Nob","floor":7,"turns":3},{"damage":3,"enemies":"Exordium Wildlife","floor":11,"turns":3},{"damage":14,"enemies":"Exordium Thugs","floor":12,"turns":4},{"damage":4,"enemies":"Blue Slaver","floor":14,"turns":2},{"damage":34,"enemies":"The Guardian","floor":16,"turns":9},{"damage":9,"enemies":"Chosen","floor":18,"turns":3},{"damage":30,"enemies":"2 Thieves","floor":21,"turns":3},{"damage":28,"enemies":"3 Cultists","floor":23,"turns":5},{"damage":20,"enemies":"Book of Stabbing","floor":28,"turns":4},{"damage":10,"enemies":"Snake Plant","floor":29,"turns":4},{"damage":2,"enemies":"Centurion and Healer","floor":30,"turns":4},{"damage":11,"enemies":"Automaton","floor":33,"turns":5},{"damage":0,"enemies":"3 Shapes","floor":35,"turns":1},{"damage":3,"enemies":"Nemesis","floor":41,"turns":3},{"damage":0,"enemies":"3 Darklings","floor":44,"turns":2},{"damage":0,"enemies":"Transient","floor":45,"turns":6},{"damage":11,"enemies":"2 Orb Walkers","floor":47,"turns":5},{"damage":30,"enemies":"Time Eater","floor":50,"turns":4},{"damage":32,"enemies":"Awakened One","floor":51,"turns":6},{"damage":22,"enemies":"Shield and Spear","floor":55,"turns":5},{"damage":55,"enemies":"The Heart","floor":56,"turns":6}],"seed_played":"-3604963543781710633","potions_obtained":[{"floor":1,"key":"Block Potion"},{"floor":30,"key":"Regen Potion"}],"is_trial":false,"path_per_floor":["M","$","M","$","M","R","E","?","T","$","M","M","R","M","R","B",null,"M","$","?","M","$","M","?","T","T","$","E","M","M","?","R","B",null,"M","?","T","?","$","R","E","R","T","M","M","R","?","$","R","B","B",null,"R","$","E","B",null],"character_chosen":"IRONCLAD","items_purchased":["Art of War","Pantograph","Uppercut","Strength Potion","Pummel","Calipers","Frozen Egg 2","ClockworkSouvenir","Double Tap","StrikeDummy","Strawberry","HandDrill","Good Instincts","Gambling Chip","Blood Vial","Apotheosis","Medical Kit","Dream Catcher","FossilizedHelix","Power Through","Dark Embrace+1","Sling","War Paint","Letter Opener","Potion Belt","Nunchaku","EssenceOfSteel","DuplicationPotion","Strength Potion","Torii","CeramicFish","Chemical X","Akabeko","Orichalcum","Fruit Juice","PowerPotion"],"campfire_rested":5,"item_purchase_floors":[2,2,2,2,2,4,4,4,4,10,10,10,10,19,19,19,22,22,22,22,22,27,27,27,39,39,39,39,39,48,48,54,54,54,54,54],"current_hp_per_floor":[74,74,75,75,75,75,71,71,71,78,81,73,73,75,75,54,75,72,72,72,50,50,30,36,36,36,36,24,22,28,13,53,89,93,94,89,89,89,89,89,89,89,89,89,89,89,84,84,89,65,63,83,89,94,78,45],"gold":99993023,"neow_bonus":"THREE_ENEMY_KILL","is_daily":false,"chose_seed":false,"campfire_upgraded":3,"win_rate":0.0,"timestamp":1609359958,"path_taken":["M","$","?","$","M","R","E","?","T","?","?","M","R","M","R","BOSS","M","$","?","M","?","?","?","?","T","$","E","M","?","?","R","BOSS","M","?","?","?","?","R","E","R","T","?","M","R","?","$","R","BOSS","BOSS","R","$","E","BOSS"],"items_purchased_type":["Relic","Relic","Card","Potion","Card","Relic","Relic","Relic","Card","Relic","Relic","Relic","Card","Relic","Relic","Card","Relic","Relic","Relic","Card","Card","Relic","Relic","Relic","Relic","Relic","Potion","Potion","Potion","Relic","Relic","Relic","Relic","Relic","Potion","Potion"],"build_version":"2020-12-22","purchased_purges":9,"victory":true,"max_hp_per_floor":[75,75,75,75,75,75,75,75,75,82,82,82,82,82,82,82,82,82,82,82,82,82,82,88,88,88,88,88,88,88,94,94,94,94,94,89,89,89,89,89,89,89,89,89,89,89,89,89,89,89,89,89,89,94,94,94],"card_choices":[{"not_picked":["Bloodletting","Combust","Warcry"],"picked":"SKIP","floor":1},{"not_picked":["Battle Trance","Perfected Strike"],"picked":"Hemokinesis","floor":3},{"not_picked":["Hemokinesis","Pommel Strike","Wild Strike"],"picked":"SKIP","floor":5},{"not_picked":["Blood for Blood","Armaments"],"picked":"Immolate","floor":7},{"not_picked":["Body Slam","Combust+1","Dark Embrace+1"],"picked":"SKIP","floor":11},{"not_picked":["Iron Wave","Armaments"],"picked":"Shrug It Off","floor":12},{"not_picked":["Heavy Blade","Twin Strike","Sword Boomerang"],"picked":"SKIP","floor":14},{"not_picked":["Immolate","Double Tap"],"picked":"Juggernaut+1","floor":16},{"not_picked":["Spot Weakness","Body Slam","Cleave+1"],"picked":"SKIP","floor":18},{"not_picked":["True Grit","Body Slam","Iron Wave"],"picked":"SKIP","floor":21},{"not_picked":["Heavy Blade+1","Havoc","Anger"],"picked":"SKIP","floor":23},{"not_picked":["Thunderclap","Heavy Blade","Cleave"],"picked":"SKIP","floor":28},{"not_picked":["Heavy Blade","Sword Boomerang"],"picked":"Fire Breathing+1","floor":29},{"not_picked":["Sword Boomerang","Twin Strike"],"picked":"Berserk+1","floor":30},{"not_picked":["Barricade+1","Offering"],"picked":"Corruption+1","floor":33},{"not_picked":["Whirlwind+1","Sever Soul+1","Hemokinesis"],"picked":"SKIP","floor":35},{"not_picked":["Bludgeon","Iron Wave","Disarm"],"picked":"SKIP","floor":41},{"not_picked":["Heavy Blade+1","Whirlwind"],"picked":"Rupture+1","floor":42},{"not_picked":["Flex","Pummel","Dropkick"],"picked":"SKIP","floor":44},{"not_picked":["Cleave","Iron Wave"],"picked":"Second Wind","floor":45},{"not_picked":["Heavy Blade+1","Clash"],"picked":"Feel No Pain+1","floor":49},{"not_picked":["Evolve+1","Headbutt","Uppercut+1"],"picked":"SKIP","floor":55}],"player_experience":511241,"relics_obtained":[{"floor":7,"key":"Sundial"},{"floor":17,"key":"Happy Flower"},{"floor":17,"key":"Darkstone Periapt"},{"floor":17,"key":"Dead Branch"},{"floor":25,"key":"Eternal Feather"},{"floor":26,"key":"Lantern"},{"floor":28,"key":"Ornamental Fan"},{"floor":31,"key":"Necronomicon"},{"floor":37,"key":"Centennial Puzzle"},{"floor":41,"key":"Omamori"},{"floor":43,"key":"Self Forming Clay"},{"floor":47,"key":"Du-Vu Doll"},{"floor":55,"key":"Bag of Preparation"}],"event_choices":[{"cards_removed":["Strike_R"],"damage_healed":0,"gold_gain":0,"player_choice":"Offered Basic","damage_taken":0,"max_hp_gain":0,"max_hp_loss":0,"event_name":"Bonfire Elementals","floor":8,"gold_loss":0},{"damage_healed":0,"gold_gain":0,"player_choice":"Forge","damage_taken":0,"max_hp_gain":0,"max_hp_loss":0,"event_name":"Accursed Blacksmith","floor":20,"gold_loss":0,"cards_upgraded":["Apotheosis"]},{"damage_healed":0,"gold_gain":0,"player_choice":"Opened","damage_taken":0,"relics_obtained":["Red Skull"],"max_hp_gain":0,"max_hp_loss":0,"event_name":"The Mausoleum","floor":24,"gold_loss":0,"cards_obtained":["Writhe"]},{"damage_healed":0,"gold_gain":0,"player_choice":"Obtained Book","damage_taken":21,"max_hp_gain":0,"max_hp_loss":0,"event_name":"Cursed Tome","floor":31,"gold_loss":0},{"damage_healed":0,"gold_gain":0,"player_choice":"Max HP","damage_taken":0,"max_hp_gain":0,"max_hp_loss":5,"event_name":"Winding Halls","floor":36,"gold_loss":0},{"damage_healed":0,"gold_gain":0,"player_choice":"Memory 1","damage_taken":0,"max_hp_gain":0,"max_hp_loss":0,"event_name":"SensoryStone","floor":38,"gold_loss":0},{"damage_healed":0,"gold_gain":0,"player_choice":"Fight","damage_taken":0,"max_hp_gain":0,"max_hp_loss":0,"event_name":"Mysterious Sphere","floor":47,"gold_loss":0}],"is_beta":false,"boss_relics":[{"not_picked":["Runic Dome","Snecko Eye"],"picked":"Calling Bell"},{"not_picked":["SacredBark","Sozu"],"picked":"Fusion Hammer"}],"items_purged_floors":[2,4,10,19,22,27,39,48,54],"is_endless":false,"potions_floor_spawned":[1,3,11,12,23,29,30,41,44,45],"ascension_level":20}}