{"host":"a1u4jo6xlg3w0wsm","time":1609332097,"event":{"mods":["BaseMod","Better Third Choice","DeckTracker","Downfall","Hermit","Hubris","Minty Spire (QoL Compilation)","Rare Cards Sparkle","Replay The Spire","StSLib"],"gold_per_floor":[111,177,196,141,141,141,183,183,206,214,214],"floor_reached":10,"playtime":551,"items_purged":[],"score":70,"play_id":"17c0d8e4-377f-40af-84f8-4e480cb7b78b","local_time":"20201231014137","is_ascension_mode":true,"campfire_choices":[{"data":"hermit:CursedWeapon","floor":6.0,"key":"SMITH"},{"data":"hermit:FullyLoaded","floor":8.0,"key":"SMITH"}],"circlet_count":0,"master_deck":["hermit:Strike_Hermit","hermit:Strike_Hermit","hermit:Strike_Hermit","hermit:Strike_Hermit","hermit:Defend_Hermit","hermit:Defend_Hermit","hermit:Defend_Hermit","hermit:Defend_Hermit","hermit:Snapshot","hermit:Covet","expansioncontent:DecasProtection","hermit:FullyLoaded+1","hermit:TakeCover","hermit:FlashPowder","hermit:FlashPowder","hermit:CursedWeapon+1","hermit:Maintenance"],"relics":["hermit:Momento","Replay:Bandana","Molten Egg 2","Pen Nib"],"acts_visited":["Exordium"],"potions_floor_usage":[],"damage_taken":[{"damage":8.0,"enemies":"Jaw Worm","floor":1.0,"turns":5.0},{"damage":12.0,"enemies":"Small Slimes","floor":3.0,"turns":5.0},{"damage":24.0,"enemies":"Lagavulin","floor":7.0,"turns":6.0},{"damage":26,"enemies":"Gremlin Nob","floor":10,"turns":5}],"seed_played":"5849061741730972251","potions_obtained":[{"floor":1.0,"key":"champ:CounterPotion"},{"floor":2.0,"key":"AttackPotion"},{"floor":2.0,"key":"Regen Potion"}],"is_trial":false,"path_per_floor":["M","?","M","$","?","R","E","R","T","E"],"character_chosen":"HERMIT","items_purchased":["hermit:FlashPowder"],"campfire_rested":0,"item_purchase_floors":[4],"current_hp_per_floor":[67,67,55,55,55,55,46,46,46,20,20],"gold":214,"neow_bonus":"RANDOM_COLORLESS","is_daily":false,"chose_seed":false,"campfire_upgraded":2,"win_rate":0.0,"timestamp":1609332097,"path_taken":["M","?","M","$","?","R","E","R","T","E"],"items_purchased_type":["Card"],"build_version":"2020-12-13","purchased_purges":0,"victory":false,"max_hp_per_floor":[75,75,75,75,75,75,75,75,75,75,75],"card_choices":[{"not_picked":["Replay:SS_hec_1","Swift Strike"],"picked":"expansioncontent:DecasProtection","floor":0.0},{"not_picked":["hermit:Combo","hermit:Misfire","hermit:CalledShot"],"picked":"SKIP","floor":1.0},{"not_picked":["hermit:CalledShot","hermit:ItchyTrigger"],"picked":"hermit:FullyLoaded","floor":2.0},{"not_picked":["hermit:Roulette","hermit:Snipe"],"picked":"hermit:TakeCover","floor":3.0},{"not_picked":["hermit:Gambit","hermit:Quickdraw+1"],"picked":"hermit:Maintenance","floor":7.0}],"player_experience":254475,"relics_obtained":[{"floor":2.0,"key":"Replay:Bandana"},{"floor":7.0,"key":"Molten Egg 2"},{"floor":9.0,"key":"Pen Nib"}],"event_choices":[],"is_beta":false,"boss_relics":[],"items_purged_floors":[],"is_endless":false,"potions_floor_spawned":[1],"killed_by":"Gremlin Nob","ascension_level":2}}