{"host":"g1wmg2w41xhsnw8g","time":1609310924,"event":{"mods":["2.2 Compatiblity","Act Like it!","BaseMod","Better Altar","Better Match","Better Note","Better Sensory Stone","Better Skull","Better Third Choice","BetterRewards","Booster Modes","CapriCore","Colored Map","Colored Powertips","Curses Come First","Defuse TimeMaze Blight","Displayed Cursed Tome","Evolution","Friendly Minions","GifTheSpireLib","Googly Eyes","Infinite Spire","Minty Spire (QoL Compilation)","Red Circlet Mod","Relic Sorter","Ruin Mod","SCP261 Mod","Shop Mod","Spicy Shops","StSLib","The Cursed","The Sage","Transform Curses","Wandering Minibosses","????"],"gold_per_floor":[115,115,129,145,113,113,136,136,188,113,129,54,88,88,100,212,224,254,266,243,255,267,99,111,111],"floor_reached":24,"playtime":1281,"items_purged":["theRuin:DefaultCommonSkill"],"score":228,"play_id":"f5bce6d2-68c1-47b2-a481-e7314940d741","local_time":"20201230014843","is_ascension_mode":true,"campfire_choices":[{"data":"theRuin:RaiseDead","floor":6,"key":"SMITH"},{"data":"theRuin:QuestionablePotion","floor":8,"key":"SMITH"},{"data":"theRuin:InfectedDagger","floor":15,"key":"SMITH"}],"circlet_count":0,"master_deck":["theRuin:DefaultCommonAttack+1","theRuin:DefaultCommonAttack","theRuin:DefaultCommonAttack","theRuin:DefaultCommonAttack","theRuin:DefaultCommonAttack","theRuin:DefaultCommonSkill","theRuin:DefaultCommonSkill","theRuin:DefaultCommonSkill","theRuin:Burial","theRuin:FromTheGrave","theRuin:QuestionablePotion+1","theRuin:Patience","theRuin:InfectedDagger+1","theRuin:RaiseDead+1","theRuin:BonyShield","theRuin:NecroSoul","Jack Of All Trades+1","theRuin:BoneToss","theRuin:BlackPlague","theRuin:Rebuilding","theRuin:MeatShield","theRuin:ShallowGraveStrike+1","theRuin:AnkleGrab","theRuin:BigBones"],"relics":["theRuin:Coffin","EVO:Axolotl","Mummified Hand","MerchantsRug","infinitespire:FocusingShard","Pantograph","Chemical X","betterThird:SlimedRelic","Odd Mushroom","Blood Vial","Cauldron","infinitespire:Eraser","MawBank","Black Star","Nloth\u0027s Gift","Whetstone"],"acts_visited":["Exordium","TheCity"],"potions_floor_usage":[13,13,13],"damage_taken":[{"damage":2,"enemies":"2 Louse","floor":1,"turns":3},{"damage":19,"enemies":"Jaw Worm","floor":3,"turns":3},{"damage":5,"enemies":"Small Slimes","floor":4,"turns":3},{"damage":29,"enemies":"The Mushroom Lair","floor":7,"turns":6},{"damage":6,"enemies":"3 Louse","floor":11,"turns":3},{"damage":0,"enemies":"Lagavulin","floor":13,"turns":5},{"damage":46,"enemies":"Hexaghost","floor":16,"turns":11},{"damage":16,"enemies":"Chosen","floor":18,"turns":6},{"damage":15,"enemies":"2 Thieves","floor":20,"turns":5},{"damage":50,"enemies":"Gremlin Leader","floor":24,"turns":7}],"seed_played":"3856199283756865036","potions_obtained":[{"floor":3,"key":"SCP261:BarrettColaPotion"},{"floor":11,"key":"SCP261:BlastolaColaPotion"},{"floor":12,"key":"SCP261:ClockworkPotion"},{"floor":12,"key":"AttackPotion"},{"floor":12,"key":"PowerPotion"},{"floor":18,"key":"GamblersBrew"},{"floor":22,"key":"PowerPotion"},{"floor":22,"key":"FairyPotion"}],"is_trial":false,"path_per_floor":["M","?","M","M","?","R","?","R","T","?","M","$","E","T","R","B",null,"M","?","M","?","?","R","E"],"character_chosen":"THE_DEFAULT","items_purchased":["Mummified Hand","MerchantsRug","infinitespire:FocusingShard","Pantograph","Chemical X","theRuin:QuestionablePotion","Cauldron","Whetstone","theRuin:BigBones"],"campfire_rested":0,"item_purchase_floors":[0,0,0,0,0,0,12,23,23],"current_hp_per_floor":[73,70,62,57,46,46,17,17,17,17,13,13,37,37,37,18,75,59,59,46,46,46,46,0,0],"gold":111,"neow_bonus":"","is_daily":false,"chose_seed":false,"campfire_upgraded":3,"win_rate":0.0,"timestamp":1609310923,"path_taken":["M","?","M","M","?","R","?","R","T","?","M","$","E","?","R","BOSS","M","?","M","?","?","R","E"],"items_purchased_type":["Relic","Relic","Relic","Relic","Relic","Card","Relic","Relic","Card"],"build_version":"2020-12-22","purchased_purges":1,"victory":false,"max_hp_per_floor":[75,75,75,75,75,75,75,75,75,75,75,75,75,75,75,75,75,75,75,75,75,75,75,75,75],"card_choices":[{"not_picked":["theRuin:DraggedDown","theRuin:RaiseDead"],"picked":"theRuin:InfectedDagger","floor":1},{"not_picked":["theRuin:Revival","theRuin:ShallowGraveStrike"],"picked":"theRuin:RaiseDead","floor":3},{"not_picked":["theRuin:BlackPlague","theRuin:InfectedDagger"],"picked":"theRuin:BonyShield","floor":4},{"not_picked":["theRuin:DropDead","theRuin:Unrelenting"],"picked":"theRuin:NecroSoul","floor":7},{"not_picked":["Enlightenment+1","PanicButton+1"],"picked":"Jack Of All Trades+1","floor":10},{"not_picked":["theRuin:GraveRobber","theRuin:InfectedDagger"],"picked":"theRuin:BoneToss","floor":11},{"not_picked":["theRuin:DropDead","theRuin:GiftFromBeyond"],"picked":"theRuin:BlackPlague","floor":13},{"not_picked":["theRuin:Unrelenting","theRuin:DescentToDeath"],"picked":"theRuin:Rebuilding","floor":16},{"not_picked":["theRuin:NecroticBurn","theRuin:SharedGrave+1"],"picked":"theRuin:MeatShield","floor":18},{"not_picked":["theRuin:Unrelenting","theRuin:InfectedDagger+1"],"picked":"theRuin:ShallowGraveStrike","floor":20}],"player_experience":1102361,"relics_obtained":[{"floor":7,"key":"Odd Mushroom"},{"floor":9,"key":"Blood Vial"},{"floor":13,"key":"infinitespire:Eraser"},{"floor":14,"key":"MawBank"}],"event_choices":[{"damage_healed":0,"gold_gain":0,"player_choice":"Relic ","damage_taken":3,"max_hp_gain":0,"max_hp_loss":0,"event_name":"betterThird:BetterScrap","floor":2,"gold_loss":0,"cards_obtained":["Study"]},{"damage_healed":0,"gold_gain":0,"player_choice":"Slimed","damage_taken":11,"max_hp_gain":0,"max_hp_loss":0,"event_name":"betterThird:BetterGoop","floor":5,"gold_loss":32},{"damage_healed":0,"gold_gain":0,"player_choice":"Fought Mushrooms","damage_taken":0,"max_hp_gain":0,"max_hp_loss":0,"event_name":"Mushrooms","floor":7,"gold_loss":0},{"damage_healed":0,"gold_gain":0,"player_choice":"2","damage_taken":0,"max_hp_gain":0,"max_hp_loss":0,"event_name":"betterMatch:BetterMatch","floor":10,"gold_loss":0,"cards_obtained":["betterMatch:ColorlessUncommonCard"]},{"damage_healed":0,"gold_gain":0,"player_choice":"Traded Relic","damage_taken":0,"relics_obtained":["Nloth\u0027s Gift"],"max_hp_gain":0,"max_hp_loss":0,"event_name":"N\u0027loth","floor":19,"relics_lost":["infinitespire:Lucky Rock"],"gold_loss":0},{"damage_healed":0,"gold_gain":0,"cards_transformed":["theRuin:DefaultCommonSkill"],"player_choice":"Transformed","damage_taken":0,"max_hp_gain":0,"max_hp_loss":0,"event_name":"Transmorgrifier","floor":21,"gold_loss":0,"cards_obtained":["theRuin:AnkleGrab"]},{"damage_healed":0,"gold_gain":0,"player_choice":"Got Potions","damage_taken":0,"max_hp_gain":0,"max_hp_loss":0,"event_name":"Lab","floor":22,"gold_loss":0}],"is_beta":false,"boss_relics":[{"not_picked":["Busted Crown","Astrolabe"],"picked":"Black Star"}],"items_purged_floors":[0],"is_endless":false,"potions_floor_spawned":[3,11,18],"killed_by":"Gremlin Leader","ascension_level":1}}