{"host":"bzg9y3flbaqjj1j7","time":1609349565,"event":{"mods":["AchievementEnabler","Act Like it!","Aspiration","BaseMod","Better Third Choice","Challenge The Spire","Gensokyo","Hallownest","Hubris","Hyrulean Relics","Infinite Spire","Lobotomy","LobotomyExtend","Marisa????????","Marked Mod","Minty Spire (QoL Compilation)","Nova Terra(??·??)","Permanent Neow","Quick Restart","Rare Cards Sparkle","Reimu??????","Remilia??????","Shop Mod","Spicy Shops","StSLib","The Administrix","The Alterego","The Blue Laboratory","The Fake Hero","Waifu the Spire","vexMod"],"gold_per_floor":[115,115,128,147,158,158,88,88,113,126,11,11,34,34,34,129,129,145,145,164,164,164],"floor_reached":21,"playtime":2225,"items_purged":[],"score":169,"play_id":"b6b76918-154b-4ba8-8228-9758eb723ecd","local_time":"20201230140245","is_ascension_mode":false,"campfire_choices":[{"floor":15.0,"key":"REST"}],"circlet_count":0,"master_deck":["SpecialBullet","SpecialBullet","SpecialBullet","SpecialBullet","SpecialBullet","SpecialBullet","SpecialBullet","SpecialBullet","SecurityCode","ExtractionCode","DisciplinaryCode","Woodsman","FourthMatchFlame+1","VoidDream","Mimicry+1","Dazed","Murderer","Regret_ego","SoundOfStar+1","Yin","MagicBullet+1","Adoration","Penitence+1","SpecialBullet","OSAHOGD","GreenStem","FourthMatchFlame","MeatLantern"],"relics":["CogitoBucket","aspiration:Nostalgia","ScarletHat","RabbitCall","LetterFromLob","Hallownest:DreamNailRelic","Hallownest:StagBellRelic1","Odd Mushroom","vexMod:BarristanHead","Moonlight_r","vexMod:MysteryBossChallenge","Coffee Dripper","HellTrain"],"acts_visited":["Exordium","Hallownest:Greenpath"],"potions_floor_usage":[],"damage_taken":[{"damage":2.0,"enemies":"Hallownest:monsterHuskWarrior","floor":1.0,"turns":3.0},{"damage":5.0,"enemies":"Hallownest:2_Tiktiks_and_1_Crawlid","floor":3.0,"turns":2.0},{"damage":7.0,"enemies":"Hallownest:monsterHuskGuard","floor":4.0,"turns":4.0},{"damage":0.0,"enemies":"Hallownest:monsterMossCharger","floor":5.0,"turns":5.0},{"damage":6.0,"enemies":"Hallownest:Wandering_and_Horned","floor":10.0,"turns":5.0},{"damage":56.0,"enemies":"Hallownest:BossBrokenVessel","floor":16.0,"turns":17.0},{"damage":16.0,"enemies":"Hallownest:Guard_and_Sentry","floor":18.0,"turns":9.0},{"damage":4.0,"enemies":"Hallownest:Flukemon_and_Top","floor":20.0,"turns":7.0},{"damage":0,"enemies":"Hallownest:Master_and_Novice","floor":21,"turns":2}],"seed_played":"1597640373132830771","potions_obtained":[],"is_trial":false,"path_per_floor":["M","?","M","M","M","R","?","R","T","M","?","?","T","M","R","B",null,"M","?","M","M"],"character_chosen":"Angela","items_purchased":[],"campfire_rested":1,"item_purchase_floors":[],"current_hp_per_floor":[70,70,70,70,70,70,70,70,70,70,70,70,70,29,50,56,70,68,68,70,0,0],"gold":164,"neow_bonus":"NOSTALGIA","is_daily":false,"chose_seed":false,"campfire_upgraded":0,"win_rate":0.0,"timestamp":1609349565,"path_taken":["M","?","M","M","?","R","?","R","T","?","?","?","?","?","R","BOSS","M","?","M","M"],"items_purchased_type":[],"build_version":"2020-12-22","purchased_purges":0,"victory":false,"max_hp_per_floor":[70,70,70,70,70,70,70,70,70,70,70,70,70,70,70,70,70,70,70,70,70,70],"card_choices":[{"not_picked":["LongBird","FieryBird"],"picked":"Woodsman","floor":1.0},{"not_picked":["RapturousDream"],"picked":"FourthMatchFlame","floor":1.0},{"not_picked":["Harvest","Wingbeat"],"picked":"SKIP","floor":1.0},{"not_picked":["LittleHelper","QueenBee"],"picked":"VoidDream","floor":3.0},{"not_picked":["BlackSwan_ego"],"picked":"Mimicry","floor":3.0},{"not_picked":["Penitence"],"picked":"BearPaw","floor":3.0},{"not_picked":["SpiderBud","Scarecrow"],"picked":"Murderer","floor":4.0},{"not_picked":["Penitence"],"picked":"Regret_ego","floor":4.0},{"not_picked":["Noise","Soda"],"picked":"SKIP","floor":4.0},{"not_picked":["WristCuter"],"picked":"SoundOfStar","floor":5.0},{"not_picked":["Scorched","ShyLook"],"picked":"Yin","floor":5.0},{"not_picked":["Loneliness","Tough"],"picked":"SKIP","floor":5.0},{"not_picked":["Beak"],"picked":"MagicBullet","floor":10.0},{"not_picked":["Loneliness","Soda"],"picked":"SKIP","floor":10.0},{"not_picked":["SoundOfStar"],"picked":"Adoration","floor":16.0},{"not_picked":["Tough"],"picked":"Penitence+1","floor":18.0},{"not_picked":["SpiderBud","OldLady"],"picked":"OSAHOGD","floor":18.0},{"not_picked":["Harvest","WristCuter"],"picked":"SKIP","floor":18.0},{"not_picked":["Diffraction"],"picked":"FourthMatchFlame","floor":20.0},{"not_picked":["FairyFestival","BeautyBeast"],"picked":"MeatLantern","floor":20.0},{"not_picked":["ScreamingWedge","Laetitia_ego"],"picked":"SKIP","floor":20.0}],"player_experience":151548,"relics_obtained":[{"floor":1.0,"key":"LetterFromLob"},{"floor":13.0,"key":"vexMod:BarristanHead"}],"event_choices":[],"is_beta":false,"boss_relics":[{"not_picked":["Runic Pyramid","vexMod:EndlessSickness"],"picked":"vexMod:MysteryBossChallenge"}],"items_purged_floors":[],"is_endless":false,"potions_floor_spawned":[],"killed_by":"Hallownest:Master_and_Novice","ascension_level":0}}