{"host":"uyrebrj0204enqpc","time":1609358478,"event":{"mods":["Act Like it!","Bard","BaseMod","Block Reminder","Challenge The Spire","Colored Map","Colored Powertips","DeckTracker","Downfall","GifTheSpireLib","HexUI Lib","Highlight Path","Hubris","Infinite Spire","Minty Spire (QoL Compilation)","Pale of the Ancients","Quick Restart","Random Character Button","Relic Sorter","Relic Stats","Replay The Spire","Shop Mod","StSLib","The Blue Laboratory","The Bug Knight","The Cursed","The Jungle","The Marked","Wandering Minibosses"],"gold_per_floor":[118,136,149,167,183,183,183,183,183,175,188,188,188,210,210,308,308,258,266,271,271,271,271,290,290,314,328,328,328,428,432,432,412,412],"floor_reached":33,"playtime":1957,"items_purged":["Strike_B"],"score":373,"play_id":"aa4ff7d8-d770-456c-8e4d-2dd462c7ebdc","local_time":"20201230150118","is_ascension_mode":true,"campfire_choices":[{"data":"Auto Shields","floor":6.0,"key":"SMITH"},{"data":"Zap","floor":8.0,"key":"SMITH"},{"data":"Hologram","floor":13.0,"key":"SMITH"},{"data":"Leap","floor":15.0,"key":"SMITH"},{"data":"Defend_B","floor":23.0,"key":"SMITH"},{"floor":25.0,"key":"REST"},{"floor":32.0,"key":"REST"}],"circlet_count":0,"master_deck":["Strike_B","Strike_B","Strike_B","Defend_B","Defend_B","Defend_B+1","Zap+1","Dualcast","Gash+1","Auto Shields+1","Consume","Hologram+1","Leap+1","Gash+1","BootSequence","Gash+1","Go for the Eyes+1","Hologram","Hologram"],"relics":["Cracked Core","Prayer Wheel","Replay:Bottled Eggs","Geode","Ring of Chaos","Raider\u0027s Mask","infinitespire:CursedDice","Replay:Bottled Steam","hubris:Towel","infinitespire:FocusingShard"],"acts_visited":["Exordium","TheCity"],"potions_floor_usage":[],"damage_taken":[{"damage":1.0,"enemies":"Cultist","floor":1.0,"turns":3.0},{"damage":0.0,"enemies":"Small Slimes","floor":2.0,"turns":2.0},{"damage":9.0,"enemies":"2 Louse","floor":3.0,"turns":3.0},{"damage":12.0,"enemies":"Looter","floor":4.0,"turns":3.0},{"damage":5.0,"enemies":"2 Fungi Beasts","floor":5.0,"turns":5.0},{"damage":0.0,"enemies":"Blue Slaver","floor":10.0,"turns":6.0},{"damage":32.0,"enemies":"Large Slime","floor":11.0,"turns":6.0},{"damage":16.0,"enemies":"3 Sentries","floor":14.0,"turns":7.0},{"damage":12.0,"enemies":"The Guardian","floor":16.0,"turns":12.0},{"damage":36.0,"enemies":"3 Byrds","floor":18.0,"turns":8.0},{"damage":14.0,"enemies":"2 Thieves","floor":19.0,"turns":4.0},{"damage":9.0,"enemies":"Centurion and Healer","floor":20.0,"turns":5.0},{"damage":18.0,"enemies":"Book of Stabbing","floor":24.0,"turns":6.0},{"damage":7.0,"enemies":"HollowMod:Nosk","floor":27.0,"turns":9.0},{"damage":9.0,"enemies":"3 Cultists","floor":31.0,"turns":5.0},{"damage":57,"enemies":"Collector","floor":33,"turns":10}],"seed_played":"5082230605875210705","potions_obtained":[{"floor":1.0,"key":"blueLaboratory:TeslaPotion"},{"floor":4.0,"key":"blueLaboratory:AbyssPotion"},{"floor":11.0,"key":"Guardian:BlockOnCardUsePotion"},{"floor":16.0,"key":"SpeedPotion"},{"floor":19.0,"key":"blueLaboratory:BottleOfRum"}],"is_trial":false,"path_per_floor":["M","M","M","M","M","R","?","R","T","M","M","?","R","E","R","B",null,"M","M","M","AVR","?","R","E","R","T","E","?","T","?","M","R","B"],"character_chosen":"DEFECT","items_purchased":[],"campfire_rested":2,"item_purchase_floors":[],"current_hp_per_floor":[74,74,65,53,48,48,48,48,48,48,16,40,40,24,24,12,65,29,15,6,6,33,33,15,39,39,32,32,32,32,23,47,0,0],"gold":412,"neow_bonus":"TEN_PERCENT_HP_BONUS","is_daily":false,"chose_seed":false,"campfire_upgraded":5,"win_rate":0.0,"timestamp":1609358478,"path_taken":["M","?","M","M","?","R","?","R","T","M","M","?","R","E","R","BOSS","M","M","M","AVR","?","R","E","R","T","E","?","?","?","?","R","BOSS"],"items_purchased_type":[],"build_version":"2020-12-22","purchased_purges":1,"victory":false,"max_hp_per_floor":[82,82,82,82,82,82,82,82,82,82,82,82,82,82,82,82,82,82,82,82,82,82,82,82,82,82,82,82,82,82,82,82,82,82],"relic_stats":{"counters":[16,94],"Prayer Wheel":8,"obtain_stats":[{"infinitespire:CursedDice":24,"Prayer Wheel":5,"Ring of Chaos":17,"infinitespire:FocusingShard":29,"Geode":14,"Raider\u0027s Mask":21,"Replay:Bottled Eggs":9,"hubris:Towel":28,"Cracked Core":0,"Replay:Bottled Steam":27},{"infinitespire:CursedDice":13,"Prayer Wheel":5,"Ring of Chaos":9,"infinitespire:FocusingShard":14,"Geode":8,"Raider\u0027s Mask":12,"Replay:Bottled Eggs":5,"hubris:Towel":14,"Cracked Core":0,"Replay:Bottled Steam":14},{"infinitespire:CursedDice":70,"Prayer Wheel":16,"Ring of Chaos":47,"infinitespire:FocusingShard":79,"Geode":35,"Raider\u0027s Mask":64,"Replay:Bottled Eggs":16,"hubris:Towel":79,"Cracked Core":0,"Replay:Bottled Steam":79}]},"card_choices":[{"not_picked":["Panic Button","ReplayTheSpireMod:Reroute Power","Hologram"],"picked":"SKIP","floor":1.0},{"not_picked":["Genetic Algorithm","Darkness"],"picked":"Gash","floor":2.0},{"not_picked":["Compile Driver","Undo"],"picked":"Auto Shields","floor":3.0},{"not_picked":["BasicCrystalCard","Go for the Eyes"],"picked":"ReplayTheSpireMod:Fabricate Wheel","floor":4.0},{"not_picked":["Ball Lightning","Skim","Lockon"],"picked":"SKIP","floor":5.0},{"not_picked":["Sunder","Redo","Chaos"],"picked":"SKIP","floor":5.0},{"not_picked":["Stack","ReplaySolidLightProjector"],"picked":"Hologram","floor":10.0},{"not_picked":["ReplayTheSpireMod:System Scan","Stack","ReplaySolidLightProjector"],"picked":"SKIP","floor":10.0},{"not_picked":["BasicCrystalCard","Barrage"],"picked":"Leap","floor":11.0},{"not_picked":["Coolheaded","Sweeping Beam"],"picked":"Gash","floor":11.0},{"not_picked":["Hologram","Undo"],"picked":"BootSequence","floor":14.0},{"not_picked":["Conserve Battery","Consume","Stack+1"],"picked":"SKIP","floor":18.0},{"not_picked":["Melter","Coolheaded","Sweeping Beam"],"picked":"SKIP","floor":18.0},{"not_picked":["Beam Cell","Genetic Algorithm"],"picked":"Gash","floor":19.0},{"not_picked":["Rebound","Conserve Battery+1"],"picked":"Go for the Eyes+1","floor":19.0},{"not_picked":["Ball Lightning","Coolheaded+1","Tempest+1"],"picked":"SKIP","floor":20.0},{"not_picked":["Rebound","Compile Driver","Cold Snap"],"picked":"SKIP","floor":20.0},{"not_picked":["hubris:DoWhile","Tempest","Cold Snap"],"picked":"SKIP","floor":24.0},{"not_picked":["Defragment","hubris:Ukulele"],"picked":"Hologram","floor":27.0},{"not_picked":["Beam Cell","Sweeping Beam"],"picked":"Hologram","floor":31.0},{"not_picked":["Leap","Cold Snap+1","Steam"],"picked":"SKIP","floor":31.0}],"player_experience":1014951,"relics_obtained":[{"floor":9.0,"key":"Replay:Bottled Eggs"},{"floor":14.0,"key":"Geode"},{"floor":24.0,"key":"infinitespire:CursedDice"},{"floor":27.0,"key":"Replay:Bottled Steam"},{"floor":29.0,"key":"infinitespire:FocusingShard"}],"event_choices":[{"damage_healed":0.0,"max_hp_gain":0.0,"max_hp_loss":0.0,"gold_gain":0.0,"cards_transformed":["Defend_B"],"event_name":"Living Wall","player_choice":"Change","floor":7.0,"gold_loss":0.0,"damage_taken":0.0,"cards_obtained":["Consume"]},{"damage_healed":27.0,"max_hp_gain":0.0,"max_hp_loss":0.0,"gold_gain":0.0,"event_name":"The Library","player_choice":"Heal","floor":22.0,"gold_loss":0.0,"damage_taken":0.0},{"damage_healed":0.0,"max_hp_gain":0.0,"max_hp_loss":0.0,"gold_gain":100.0,"event_name":"Golden Shrine","player_choice":"Pray","floor":30.0,"gold_loss":0.0,"damage_taken":0.0}],"is_beta":false,"boss_relics":[{"not_picked":["Coffee Dripper","hubris:VirtuousBlindfold"],"picked":"Ring of Chaos"}],"items_purged_floors":[21],"is_endless":false,"potions_floor_spawned":[1,4,11,14,16,19],"killed_by":"Collector","ascension_level":6}}