{"host":"htqwg582tjjtn9p7","time":1609335915,"event":{"mods":["2.2 Compatiblity","AchievementEnabler","Act Like it!","Aspiration","BaseMod","Better Third Choice","Colored Map","Conspire","Curses Come First","Displayed Cursed Tome","Energized Spire","Force Act Four","GifTheSpireLib","Hermit","Highlight Path","JesterMod","Mad Scientist","Minty Spire (QoL Compilation)","Pale of the Ancients","Permanent Neow","Random Character Button","Relic Stats","Replay The Spire","Robot Space Explorer","Somnambulant","Spicy Shops","Spikes Relics","StSLib","Stuff the Spire","The Blue Laboratory","The Disciple","The Dragon Tamer","The Forsaken","The Gatherer","The Judge","The Jungle","The Marked","The Runesmith","The Servant 0.9.4"],"gold_per_floor":[114,114,79,92,24,54,54,54,54,81,81,91,91,107,107,181,181,195,195,181,197,73,73,103,28,100,100,100,120,120,145,145,222,222,232,232,244,257,55,55,68,98,98,117,151,167,167,97,97,97,107,121,121,121,121,136,136,213,213,213,213],"floor_reached":60,"playtime":3985,"items_purged":["Strike_R","Strike_R"],"score":1265,"play_id":"5db98559-ff46-4fc6-b782-e1a173182826","local_time":"20201230144515","is_ascension_mode":true,"campfire_choices":[{"data":"StuffTheSpire:Incineration","floor":7,"key":"SMITH"},{"data":"Pot Of Greed","floor":11,"key":"SMITH"},{"data":"True Grit","floor":13,"key":"SMITH"},{"data":"Pot Of Greed","floor":15,"key":"SMITH"},{"data":"StuffTheSpire:Resist","floor":23,"key":"SMITH"},{"floor":27,"key":"REST"},{"floor":30,"key":"REST"},{"floor":32,"key":"REST"},{"data":"Pot Of Greed","floor":40,"key":"SMITH"},{"data":"Limit Break","floor":47,"key":"SMITH"},{"data":"Spot Weakness","floor":49,"key":"SMITH"},{"data":"Seeing Red","floor":55,"key":"SMITH"},{"data":"Seeing Red","floor":57,"key":"SMITH"}],"circlet_count":0,"master_deck":["AscendersBane","Defend_R","Defend_R","Bash","Impervious","Infernal Blade","StuffTheSpire:Incineration+1","Rampage+1","Metallicize","StuffTheSpire:Resist+1","Rampage","Pot Of Greed+1","Pot Of Greed+1","Disarm","True Grit+1","Burning Pact","Fiend Fire","Seeing Red+1","Spot Weakness+1","Seeing Red+1","Disarm","Reaper","Entrench","Pot Of Greed+1","Feint","StuffTheSpire:Slingshot","Feel No Pain","Havoc","ReplayTheSpireMod:Limb From Limb+1","Metallicize","Limit Break+1","StuffTheSpire:Incineration+1","StuffTheSpire:Resist"],"relics":["Burning Blood","Vajra","Grinning Jar","Ice Cream","CosmicIsotope","ReplayFunnel","StuffTheSpire:Rhapsscallions","Runesmith:AutoHammer","Sandwich","SuspiciousGoo","Quantum Egg","PreservedInsect","paleoftheancients:Timepiece","Gremlin Horn","CultistMask","paleoftheancients:SoulOfTheCollector","Golden Egg"],"acts_visited":["Exordium","TheCity","TheBeyond","TheBeyond"],"potions_floor_usage":[6,10,16,20,24,24,31,41,45,50,60,60],"damage_taken":[{"damage":1,"enemies":"Cultist","floor":1,"turns":5},{"damage":0,"enemies":"2 Louse","floor":4,"turns":2},{"damage":22,"enemies":"Lagavulin","floor":6,"turns":6},{"damage":19,"enemies":"3 Sentries","floor":10,"turns":6},{"damage":0,"enemies":"Small Slimes","floor":12,"turns":3},{"damage":7,"enemies":"Blue Slaver","floor":14,"turns":4},{"damage":21,"enemies":"Slime Boss","floor":16,"turns":13},{"damage":22,"enemies":"3 Byrds","floor":18,"turns":7},{"damage":8,"enemies":"2 Thieves","floor":20,"turns":4},{"damage":31,"enemies":"Snake Plant","floor":21,"turns":4},{"damage":43,"enemies":"Slavers","floor":24,"turns":9},{"damage":42,"enemies":"Shelled Parasite and Fungi","floor":29,"turns":7},{"damage":17,"enemies":"conspire:Head Lice","floor":31,"turns":8},{"damage":45,"enemies":"Automaton","floor":33,"turns":10},{"damage":6,"enemies":"3 Shapes","floor":35,"turns":7},{"damage":7,"enemies":"3 Darklings","floor":37,"turns":7},{"damage":31,"enemies":"Spire Growth","floor":38,"turns":4},{"damage":0,"enemies":"Jaw Worm Horde","floor":41,"turns":5},{"damage":0,"enemies":"Nemesis","floor":42,"turns":7},{"damage":0,"enemies":"Maw","floor":44,"turns":7},{"damage":25,"enemies":"Reptomancer","floor":45,"turns":7},{"damage":9,"enemies":"Spire Growth","floor":46,"turns":4},{"damage":25,"enemies":"Replay:Hell Engine","floor":50,"turns":7},{"damage":24,"enemies":"Replay:Hell Engine","floor":51,"turns":6},{"damage":70,"enemies":"Replay:Hell Engine","floor":52,"turns":8},{"damage":0,"enemies":"Replay:Hell Engine","floor":56,"turns":8},{"damage":316,"enemies":"paleoftheancients:N","floor":60,"turns":12}],"seed_played":"2295060705148354287","potions_obtained":[{"floor":4,"key":"blueLaboratory:RememoryPotion"},{"floor":6,"key":"Venom Potion"},{"floor":14,"key":"blueLaboratory:FrostheartPotion"},{"floor":18,"key":"blueLaboratory:FrostheartPotion"},{"floor":21,"key":"Venom Potion"},{"floor":29,"key":"Adrenaline Potion"},{"floor":37,"key":"Adrenaline Potion"},{"floor":38,"key":"Fruit Juice"},{"floor":44,"key":"blueLaboratory:CorrosionFlask"},{"floor":46,"key":"Swift Potion"},{"floor":51,"key":"Energy Potion"},{"floor":56,"key":"Fruit Juice"}],"is_trial":false,"path_per_floor":["M","?","?","M","$","E","R","?","T","E","R","M","R","M","R","B",null,"M","?","M","M","$","R","E","$","T","R","?","M","R","E","R","B",null,"M","?","M","M","$","R","M","E","T","M","E","M","R","$","R","B","M","M","?","T","R","M","R","T","?","B"],"character_chosen":"IRONCLAD","items_purchased":["StuffTheSpire:Resist","BloodPotion","BloodPotion","Feel No Pain","StuffTheSpire:Resist"],"campfire_rested":3,"item_purchase_floors":[5,22,22,39,48],"current_hp_per_floor":[55,55,73,75,75,59,59,59,59,46,46,52,52,51,51,36,65,49,49,47,22,22,22,22,22,25,48,48,12,35,24,47,8,61,78,78,78,61,61,61,80,83,83,83,64,83,83,83,83,83,83,75,75,75,75,83,83,83,83,0,0],"gold":213,"neow_bonus":"TRANSFORM_TWO_CARDS","is_daily":false,"chose_seed":false,"campfire_upgraded":10,"win_rate":0.0,"timestamp":1609335915,"path_taken":["M","?","?","M","$","E","R","?","T","E","R","M","R","M","R","BOSS","M","?","M","?","$","R","E","?","T","R","?","?","R","E","R","BOSS","M","?","M","M","$","R","M","E","T","M","E","M","R","$","R","BOSS","M","M","?","T","R","M","R","T","?","BOSS"],"items_purchased_type":["Card","Potion","Potion","Card","Card"],"build_version":"2020-12-22","purchased_purges":2,"victory":false,"max_hp_per_floor":[75,75,75,75,75,75,75,75,75,75,75,75,75,75,75,75,75,75,75,75,75,75,75,75,75,78,78,78,78,78,78,78,78,78,78,78,78,78,78,78,83,83,83,83,83,83,83,83,83,83,83,83,83,83,83,83,83,83,83,88,88],"relic_stats":{"Gremlin Horn":[5,7],"counters":[27,177],"PreservedInsect":0,"obtain_stats":[{"Ice Cream":10,"ReplayFunnel":24,"Golden Egg":54,"Gremlin Horn":50,"StuffTheSpire:Rhapsscallions":26,"Quantum Egg":43,"Vajra":6,"SuspiciousGoo":42,"PreservedInsect":45,"Burning Blood":0,"Sandwich":34,"paleoftheancients:Timepiece":50,"CultistMask":50,"CosmicIsotope":17,"Runesmith:AutoHammer":31,"Grinning Jar":9,"paleoftheancients:SoulOfTheCollector":51},{"Ice Cream":4,"ReplayFunnel":11,"Golden Egg":25,"Gremlin Horn":23,"StuffTheSpire:Rhapsscallions":11,"Quantum Egg":19,"Vajra":3,"SuspiciousGoo":19,"PreservedInsect":21,"Burning Blood":0,"Sandwich":14,"paleoftheancients:Timepiece":23,"CultistMask":23,"CosmicIsotope":7,"Runesmith:AutoHammer":13,"Grinning Jar":3,"paleoftheancients:SoulOfTheCollector":24},{"Ice Cream":19,"ReplayFunnel":63,"Golden Egg":157,"Gremlin Horn":143,"StuffTheSpire:Rhapsscallions":63,"Quantum Egg":118,"Vajra":13,"SuspiciousGoo":118,"PreservedInsect":132,"Burning Blood":0,"Sandwich":88,"paleoftheancients:Timepiece":143,"CultistMask":143,"CosmicIsotope":39,"Runesmith:AutoHammer":78,"Grinning Jar":13,"paleoftheancients:SoulOfTheCollector":149}],"Burning Blood":114},"card_choices":[{"not_picked":["Clash","Thunderclap"],"picked":"StuffTheSpire:Incineration","floor":1},{"not_picked":["Twin Strike","Shockwave"],"picked":"Metallicize","floor":4},{"not_picked":["Shrug It Off","Clash"],"picked":"Rampage","floor":6},{"not_picked":["Flex","Massacre"],"picked":"Disarm","floor":10},{"not_picked":["Warcry","ReplayTheSpireMod:Strike From Hell"],"picked":"True Grit","floor":12},{"not_picked":["Demonic Infusion","ReplayTheSpireMod:LeadingStrike"],"picked":"Burning Pact","floor":14},{"not_picked":["Barricade","Feed"],"picked":"Fiend Fire","floor":16},{"not_picked":["True Grit","ReplayTheSpireMod:Strike From Hell"],"picked":"Seeing Red","floor":18},{"not_picked":["Replay:Undeath\u0027s Touch","Twin Strike","Iron Wave"],"picked":"SKIP","floor":20},{"not_picked":["Absolvement","Anger","Run Through"],"picked":"SKIP","floor":21},{"not_picked":["Thunderclap","Dark Embrace"],"picked":"Spot Weakness","floor":24},{"not_picked":["Hemogenesis","Dark Embrace"],"picked":"Seeing Red","floor":29},{"not_picked":["Dark Embrace","Sword Boomerang"],"picked":"Disarm","floor":31},{"not_picked":["Hemogenesis","Bludgeon"],"picked":"Reaper","floor":33},{"not_picked":["Perfected Strike+1","Sever Soul+1"],"picked":"Entrench","floor":35},{"not_picked":["PanicButton","Dramatic Entrance"],"picked":"Feint","floor":36},{"not_picked":["Havoc","Iron Wave","Second Wind"],"picked":"SKIP","floor":37},{"not_picked":["Perfected Strike","Clash"],"picked":"StuffTheSpire:Slingshot","floor":38},{"not_picked":["Perfected Strike+1","Warcry"],"picked":"Havoc","floor":41},{"not_picked":["Second Wind","Thunderclap"],"picked":"ReplayTheSpireMod:Limb From Limb+1","floor":42},{"not_picked":["Hemokinesis","Warcry"],"picked":"Metallicize","floor":44},{"not_picked":["Second Wind","Perfected Strike+1"],"picked":"Limit Break","floor":45},{"not_picked":["Abandon","Run Through+1"],"picked":"StuffTheSpire:Incineration+1","floor":46},{"not_picked":["Anger","Havoc+1","Headbutt"],"picked":"SKIP","floor":51},{"not_picked":["Thunderclap","Warcry","Heavy Blade"],"picked":"SKIP","floor":52},{"not_picked":["Sword Boomerang","Clothesline","Infernal Blade"],"picked":"SKIP","floor":56}],"player_experience":1828716,"relics_obtained":[{"floor":6,"key":"Vajra"},{"floor":9,"key":"Grinning Jar"},{"floor":10,"key":"Ice Cream"},{"floor":24,"key":"ReplayFunnel"},{"floor":26,"key":"StuffTheSpire:Rhapsscallions"},{"floor":31,"key":"Runesmith:AutoHammer"},{"floor":42,"key":"SuspiciousGoo"},{"floor":43,"key":"Quantum Egg"},{"floor":45,"key":"PreservedInsect"},{"floor":51,"key":"paleoftheancients:SoulOfTheCollector"},{"floor":54,"key":"Golden Egg"}],"event_choices":[{"damage_healed":18,"gold_gain":0,"player_choice":"Healed","damage_taken":0,"max_hp_gain":0,"max_hp_loss":0,"event_name":"The Cleric","floor":3,"gold_loss":35},{"damage_healed":0,"gold_gain":0,"player_choice":"Ignored","damage_taken":0,"max_hp_gain":0,"max_hp_loss":0,"event_name":"N\u0027loth","floor":19,"gold_loss":0},{"damage_healed":0,"gold_gain":0,"player_choice":"Memory 1","damage_taken":0,"max_hp_gain":0,"max_hp_loss":0,"event_name":"SensoryStone","floor":36,"gold_loss":0}],"is_beta":false,"boss_relics":[{"not_picked":["Replay:Bronze Core","Replay:Wanted Poster"],"picked":"CosmicIsotope"},{"not_picked":["StuffTheSpire:Kangaroo","conspire:SlowCooker"],"picked":"Sandwich"}],"items_purged_floors":[25,39],"is_endless":false,"potions_floor_spawned":[4,6,14,18,21,29,37,38,44,46,51,56],"killed_by":"paleoftheancients:N","ascension_level":15}}