{"host":"71h53w2p123dt4nv","time":1609355110,"event":{"mods":["AchievementEnabler","BaseMod","Better Third Choice","Minty Spire (QoL Compilation)","Rare Cards Sparkle","Shop Mod","StSLib","The Animator"],"gold_per_floor":[111,122,142,158,176,201,201,218,218,250,263,275,57,87,87,184,184,204,223,241,241,241],"floor_reached":21,"playtime":2053,"items_purged":[],"score":228,"play_id":"2c6bb048-4018-4352-ad04-131d28d4c795","local_time":"20201230200510","is_ascension_mode":true,"campfire_choices":[{"floor":7.0,"key":"RECALL"},{"data":"Armaments","floor":15.0,"key":"SMITH"}],"circlet_count":0,"master_deck":["Strike_R","Strike_R","Strike_R","Strike_R","Strike_R","Defend_R","Defend_R","Defend_R","Defend_R","Bash","Thunderclap","Flex","Inflame","Sword Boomerang","Armaments+1","Spot Weakness","Infernal Blade","Iron Wave","Pummel","Thunderclap","Twin Strike","Rage+1","Bludgeon","CurseOfTheBell","Shrug It Off+1","Thunderclap+1","Pummel+1"],"relics":["Burning Blood","Smiling Mask","Toxic Egg 2","Lantern","Strange Spoon","Matryoshka","Calling Bell","Shovel","Bronze Scales","Gremlin Horn"],"acts_visited":["Exordium","TheCity"],"potions_floor_usage":[],"damage_taken":[{"damage":6.0,"enemies":"Cultist","floor":1.0,"turns":3.0},{"damage":2.0,"enemies":"Jaw Worm","floor":2.0,"turns":3.0},{"damage":2.0,"enemies":"2 Louse","floor":3.0,"turns":3.0},{"damage":5.0,"enemies":"2 Fungi Beasts","floor":4.0,"turns":4.0},{"damage":13.0,"enemies":"Red Slaver","floor":5.0,"turns":3.0},{"damage":10.0,"enemies":"3 Sentries","floor":6.0,"turns":9.0},{"damage":7.0,"enemies":"Exordium Thugs","floor":8.0,"turns":4.0},{"damage":8.0,"enemies":"Gremlin Nob","floor":10.0,"turns":3.0},{"damage":1.0,"enemies":"2 Fungi Beasts","floor":11.0,"turns":3.0},{"damage":2.0,"enemies":"3 Louse","floor":12.0,"turns":2.0},{"damage":6.0,"enemies":"3 Sentries","floor":14.0,"turns":4.0},{"damage":16.0,"enemies":"Slime Boss","floor":16.0,"turns":6.0},{"damage":16.0,"enemies":"Shell Parasite","floor":18.0,"turns":2.0},{"damage":20.0,"enemies":"Chosen","floor":19.0,"turns":4.0},{"damage":39.0,"enemies":"Centurion and Healer","floor":20.0,"turns":4.0},{"damage":24,"enemies":"Snake Plant","floor":21,"turns":1}],"seed_played":"-663233322438580736","potions_obtained":[{"floor":3.0,"key":"BloodPotion"},{"floor":4.0,"key":"DuplicationPotion"},{"floor":5.0,"key":"HeartOfIron"},{"floor":8.0,"key":"Strength Potion"},{"floor":10.0,"key":"Energy Potion"},{"floor":11.0,"key":"PowerPotion"},{"floor":18.0,"key":"Dexterity Potion"}],"is_trial":false,"path_per_floor":["M","M","M","M","M","E","R","M","T","E","M","M","$","E","R","B",null,"M","M","M","M"],"character_chosen":"IRONCLAD","items_purchased":["Strange Spoon","Thunderclap","Twin Strike"],"campfire_rested":0,"item_purchase_floors":[13,13,13],"current_hp_per_floor":[80,80,80,80,73,69,69,68,68,66,80,80,80,80,80,70,80,70,56,23,0,0],"gold":241,"neow_bonus":"THREE_CARDS","is_daily":false,"chose_seed":false,"campfire_upgraded":1,"win_rate":0.0,"timestamp":1609355110,"path_taken":["M","M","M","M","M","E","R","M","T","E","?","M","$","E","R","BOSS","M","M","M","?"],"items_purchased_type":["Relic","Card","Card"],"build_version":"2020-12-22","purchased_purges":0,"victory":false,"max_hp_per_floor":[80,80,80,80,80,80,80,80,80,80,80,80,80,80,80,80,80,80,80,80,80,80],"card_choices":[{"not_picked":["Sword Boomerang","Blood for Blood"],"picked":"Thunderclap","floor":0.0},{"not_picked":["Clash","Seeing Red"],"picked":"Flex","floor":1.0},{"not_picked":["Blood for Blood","Flex","Feel No Pain"],"picked":"SKIP","floor":2.0},{"not_picked":["Power Through","Iron Wave"],"picked":"Inflame","floor":3.0},{"not_picked":["Whirlwind","Sever Soul"],"picked":"Sword Boomerang","floor":4.0},{"not_picked":["Rage","Shockwave"],"picked":"Armaments","floor":5.0},{"not_picked":["Flex","Hemokinesis"],"picked":"Spot Weakness","floor":6.0},{"not_picked":["Feel No Pain","Burning Pact"],"picked":"Infernal Blade","floor":8.0},{"not_picked":["Reckless Charge","Inflame"],"picked":"Iron Wave","floor":10.0},{"not_picked":["Cleave","Burning Pact+1"],"picked":"Pummel","floor":11.0},{"not_picked":["Entrench+1","Iron Wave","Flex+1"],"picked":"SKIP","floor":12.0},{"not_picked":["Heavy Blade","True Grit+1"],"picked":"Rage+1","floor":14.0},{"not_picked":["Fiend Fire","Juggernaut"],"picked":"Bludgeon","floor":16.0},{"not_picked":["Clash+1","Sword Boomerang"],"picked":"Shrug It Off+1","floor":18.0},{"not_picked":["Body Slam","Reaper"],"picked":"Thunderclap+1","floor":19.0},{"not_picked":["Sword Boomerang+1","Bloodletting+1"],"picked":"Pummel+1","floor":20.0}],"player_experience":195879,"relics_obtained":[{"floor":6.0,"key":"Smiling Mask"},{"floor":9.0,"key":"Toxic Egg 2"},{"floor":10.0,"key":"Lantern"},{"floor":14.0,"key":"Matryoshka"},{"floor":17.0,"key":"Shovel"},{"floor":17.0,"key":"Bronze Scales"},{"floor":17.0,"key":"Gremlin Horn"}],"event_choices":[],"is_beta":false,"boss_relics":[{"not_picked":["Runic Pyramid","SacredBark"],"picked":"Calling Bell"}],"items_purged_floors":[],"is_endless":false,"potions_floor_spawned":[3,4,5,8,10,11,18],"killed_by":"Snake Plant","ascension_level":2}}