{"host":"am0cr9xwekqmrere","time":1609356601,"event":{"mods":["AchievementEnabler","Act Like it!","BaseMod","Better Altar","Better Match","Better Note","Better Sensory Stone","Better Skull","Better Third Choice","BetterRewards","Conspire","Hubris","Infinite Spire","Minty Spire (QoL Compilation)","Rare Cards Sparkle","Spicy Shops","StSLib","The Marked","Unceasing Turn Reminder"],"gold_per_floor":[113,113,21,97,97,97,124,124,174,55,55,75,101,118,118,220,220,236,161,177,28,44,44,62,26,26,26,26,26],"floor_reached":28,"playtime":722,"items_purged":[],"score":374,"play_id":"890e9fdd-7591-4ce8-b10f-6d7e88009a69","local_time":"20201230133001","is_ascension_mode":false,"campfire_choices":[{"floor":6.0,"key":"REST"},{"data":"theMarked:ParalyzingBlade","floor":8.0,"key":"SMITH"},{"floor":15.0,"key":"REST"},{"floor":23,"key":"REST"}],"circlet_count":0,"master_deck":["theMarked:Strike","theMarked:Strike","theMarked:Strike","theMarked:Strike","theMarked:Strike","theMarked:Defend","theMarked:Defend","theMarked:Defend","theMarked:Defend","theMarked:SoldierOfQuellstein","Parasite","theMarked:HeightenedSenses","theMarked:EmpowerWeapon","theMarked:BanishingStrike","theMarked:MysticalArsenal","theMarked:ParalyzingBlade+1","theMarked:HeightenedSenses","theMarked:BanishingStrike","theMarked:BanishingStrike","theMarked:TurnInvisible","theMarked:WastefulDefense","theMarked:Abjuration","theMarked:Indomitable","theMarked:RogueSparks+1","theMarked:EternalStudent+1","theMarked:Improvise","theMarked:TwofoldDefense+1","theMarked:ComboAttacks"],"relics":["theMarked:ArtifactOfAir","Bronze Scales","hubris:EmptyBottle","hubris:CrystalStatue","theMarked:DemonDagger","Akabeko","infinitespire:BottledMercury","Blood Vial","SacredBark","Membership Card","hubris:SphereOfDissonance"],"acts_visited":["Exordium","TheCity"],"potions_floor_usage":[28],"damage_taken":[{"damage":0.0,"enemies":"Small Slimes","floor":1.0,"turns":3.0},{"damage":0.0,"enemies":"Lagavulin","floor":7.0,"turns":2.0},{"damage":0.0,"enemies":"Cultist","floor":12.0,"turns":2.0},{"damage":0.0,"enemies":"Gremlin Nob","floor":13.0,"turns":2.0},{"damage":11.0,"enemies":"Jaw Worm","floor":14.0,"turns":1.0},{"damage":38.0,"enemies":"Hexaghost","floor":16.0,"turns":6.0},{"damage":5.0,"enemies":"Shell Parasite","floor":18.0,"turns":2.0},{"damage":6,"enemies":"3 Byrds","floor":20,"turns":3},{"damage":27,"enemies":"Sentry and Sphere","floor":22,"turns":6},{"damage":21,"enemies":"Cultist and Chosen","floor":24,"turns":7},{"damage":45,"enemies":"Chosen and Byrds","floor":28,"turns":6}],"seed_played":"2890260025206623140","potions_obtained":[{"floor":7.0,"key":"Energy Potion"},{"floor":14.0,"key":"LiquidBronze"},{"floor":22,"key":"theMarked:ChargePotion"},{"floor":24,"key":"BlessingOfTheForge"}],"is_trial":false,"path_per_floor":["M","?","$","T","$","R","E","R","T","$","?","M","E","M","R","B",null,"M","?","M","$","M","R","M","$","T","?","M"],"character_chosen":"THE_DEFAULT","items_purchased":["Bronze Scales","hubris:EmptyBottle","theMarked:HeightenedSenses","DistilledChaos","theMarked:BanishingStrike","theMarked:MysticalArsenal","theMarked:HeightenedSenses","theMarked:BanishingStrike","Membership Card","theMarked:ComboAttacks"],"campfire_rested":3,"item_purchase_floors":[0,0,0,0,3,3,10,10,21,25],"current_hp_per_floor":[57,57,57,57,57,70,70,70,70,70,70,70,70,59,70,32,70,65,65,61,61,36,57,38,38,38,38,0,0],"gold":26,"neow_bonus":"","is_daily":false,"chose_seed":false,"campfire_upgraded":1,"win_rate":0.0,"timestamp":1609356601,"path_taken":["M","?","$","?","?","R","E","R","T","$","?","M","E","M","R","BOSS","M","?","?","$","M","R","M","?","T","?","M"],"items_purchased_type":["Relic","Relic","Card","Potion","Card","Card","Card","Card","Relic","Card"],"build_version":"2020-12-22","purchased_purges":0,"victory":false,"max_hp_per_floor":[70,70,70,70,70,70,70,70,70,70,70,70,70,70,70,70,70,70,70,70,70,70,70,70,70,70,70,70,70],"card_choices":[{"not_picked":["theMarked:Frustration","theMarked:ElectricStrings"],"picked":"theMarked:EmpowerWeapon","floor":1.0},{"not_picked":["theMarked:Generate","theMarked:ReduceFriction"],"picked":"theMarked:ParalyzingBlade","floor":7.0},{"not_picked":["theMarked:EmpowerWeapon","theMarked:WastefulAttack"],"picked":"theMarked:BanishingStrike","floor":12.0},{"not_picked":["theMarked:LightningStrikesTwice","theMarked:RepellingDischarge"],"picked":"theMarked:TurnInvisible","floor":13.0},{"not_picked":["theMarked:Electrocute","theMarked:Parry"],"picked":"theMarked:WastefulDefense","floor":14.0},{"not_picked":["theMarked:SuspiciousRaven","theMarked:ChannelForce"],"picked":"theMarked:Abjuration","floor":16.0},{"not_picked":["theMarked:ChainLightning","theMarked:Static"],"picked":"theMarked:Indomitable","floor":18.0},{"not_picked":["theMarked:CreepingChasm+1","theMarked:ReduceFriction+1"],"picked":"theMarked:RogueSparks+1","floor":19},{"not_picked":["theMarked:Aftermath","theMarked:HeightenedSenses+1"],"picked":"theMarked:EternalStudent","floor":20},{"not_picked":["theMarked:RepellingDischarge","theMarked:Parkour"],"picked":"theMarked:Improvise","floor":22},{"not_picked":["theMarked:ComboAttacks","theMarked:Parry"],"picked":"theMarked:TwofoldDefense+1","floor":24}],"player_experience":2543795,"relics_obtained":[{"floor":4.0,"key":"hubris:CrystalStatue"},{"floor":7.0,"key":"theMarked:DemonDagger"},{"floor":9.0,"key":"Akabeko"},{"floor":11.0,"key":"infinitespire:BottledMercury"},{"floor":13.0,"key":"Blood Vial"},{"floor":26,"key":"hubris:SphereOfDissonance"}],"event_choices":[{"damage_healed":0.0,"max_hp_gain":0.0,"max_hp_loss":0.0,"gold_gain":0.0,"event_name":"Purifier","player_choice":"Ignored","floor":2.0,"gold_loss":0.0,"damage_taken":0.0},{"damage_healed":0,"gold_gain":0,"player_choice":"2","damage_taken":0,"max_hp_gain":0,"max_hp_loss":0,"event_name":"betterMatch:BetterMatch","floor":19,"gold_loss":0,"cards_obtained":["betterMatch:UncommonCard"]},{"damage_healed":0,"gold_gain":0,"player_choice":"Upgraded","damage_taken":0,"max_hp_gain":0,"max_hp_loss":0,"event_name":"Upgrade Shrine","floor":27,"gold_loss":0,"cards_upgraded":["theMarked:EternalStudent"]}],"is_beta":false,"boss_relics":[{"not_picked":["infinitespire:Cupcake","Black Star"],"picked":"SacredBark"}],"items_purged_floors":[],"is_endless":false,"potions_floor_spawned":[7,14,22,24],"killed_by":"Chosen and Byrds","ascension_level":0}}