{"host":"k85tjwrh7mjrrc9a","time":1609299518,"event":{"mods":["AchievementEnabler","BaseMod","Colored Powertips","Highlight Path","Minty Spire (QoL Compilation)","Rare Cards Sparkle","StSLib"],"gold_per_floor":[216,227,238,238,83,113,113,141,164,164,164,183,212,228,228,323,323,334,334,334,35,35,35,55,55,55,55,68,78,278,278,278,382,382,398,250,267,247,266,266,276,276,276,290,290,309,309,27,27,27,27],"floor_reached":50,"playtime":3711,"items_purged":[],"score":483,"play_id":"f817eccc-4b42-4cea-8fb6-9ab19e706536","local_time":"20201229223838","is_ascension_mode":true,"campfire_choices":[{"data":"Chill","floor":7,"key":"SMITH"},{"floor":10,"key":"REST"},{"floor":15,"key":"REST"},{"data":"Machine Learning","floor":23,"key":"SMITH"},{"data":"Zap","floor":25,"key":"SMITH"},{"data":"Zap","floor":27,"key":"SMITH"},{"floor":32,"key":"REST"},{"floor":40,"key":"REST"},{"data":"Echo Form","floor":45,"key":"SMITH"},{"data":"Hologram","floor":49,"key":"SMITH"}],"circlet_count":0,"master_deck":["Strike_B","Defend_B","Defend_B","Defend_B","Defend_B","Zap+1","Dualcast","Chill+1","Steam","Coolheaded","Zap+1","Turbo","Echo Form+1","Turbo","Coolheaded","Sweeping Beam","Machine Learning+1","Go for the Eyes","Skim+1","Ball Lightning","Reboot","Amplify","Doubt","Parasite","Streamline","Sadistic Nature+1","Melter","Hologram+1"],"relics":["Cracked Core","Bag of Preparation","Juzu Bracelet","Strawberry","Busted Crown","Nloth\u0027s Gift","Lizard Tail","MutagenicStrength","Bag of Marbles","Empty Cage","Lantern","Frozen Egg 2"],"acts_visited":["Exordium","TheCity","TheBeyond"],"potions_floor_usage":[16,16,33,46,50,50],"damage_taken":[{"damage":6,"enemies":"Jaw Worm","floor":1,"turns":3},{"damage":0,"enemies":"Cultist","floor":2,"turns":3},{"damage":1,"enemies":"2 Louse","floor":3,"turns":3},{"damage":18,"enemies":"3 Sentries","floor":6,"turns":9},{"damage":45,"enemies":"Gremlin Nob","floor":8,"turns":6},{"damage":12,"enemies":"Red Slaver","floor":12,"turns":3},{"damage":9,"enemies":"Lagavulin","floor":13,"turns":7},{"damage":9,"enemies":"Large Slime","floor":14,"turns":5},{"damage":15,"enemies":"Hexaghost","floor":16,"turns":10},{"damage":13,"enemies":"Spheric Guardian","floor":18,"turns":4},{"damage":4,"enemies":"Chosen","floor":24,"turns":5},{"damage":2,"enemies":"3 Cultists","floor":28,"turns":5},{"damage":17,"enemies":"Snecko","floor":29,"turns":6},{"damage":120,"enemies":"Champ","floor":33,"turns":16},{"damage":6,"enemies":"Orb Walker","floor":35,"turns":4},{"damage":10,"enemies":"3 Darklings","floor":37,"turns":3},{"damage":60,"enemies":"Maw","floor":39,"turns":10},{"damage":25,"enemies":"Sphere and 2 Shapes","floor":41,"turns":7},{"damage":23,"enemies":"Writhing Mass","floor":44,"turns":8},{"damage":25,"enemies":"3 Darklings","floor":46,"turns":7},{"damage":75,"enemies":"Donu and Deca","floor":50,"turns":7}],"seed_played":"-8928034152534077605","potions_obtained":[{"floor":1,"key":"AttackPotion"},{"floor":3,"key":"Swift Potion"},{"floor":6,"key":"Explosive Potion"},{"floor":24,"key":"Weak Potion"},{"floor":33,"key":"Ancient Potion"},{"floor":38,"key":"Fire Potion"}],"is_trial":false,"path_per_floor":["M","M","M","?","$","E","R","E","T","R","$","M","E","M","R","B",null,"M","?","?","$","?","R","M","R","T","R","M","M","?","?","R","B",null,"M","$","M","?","M","R","M","?","T","M","R","M","?","$","R","B"],"character_chosen":"DEFECT","items_purchased":["Echo Form","Lizard Tail","Lantern","Sadistic Nature+1","Melter","Hologram"],"campfire_rested":4,"item_purchase_floors":[5,21,36,48,48,48],"current_hp_per_floor":[69,69,68,68,68,50,50,5,5,27,27,15,13,4,28,13,82,69,69,69,69,69,69,65,65,65,65,63,46,46,46,70,1,82,76,76,66,66,6,30,5,82,82,59,59,34,72,72,72,0,0],"gold":27,"neow_bonus":"HUNDRED_GOLD","is_daily":false,"chose_seed":false,"campfire_upgraded":6,"win_rate":0.0,"timestamp":1609299518,"path_taken":["M","M","M","?","$","E","R","E","T","R","?","M","E","M","R","BOSS","M","?","?","$","?","R","M","R","T","R","M","M","?","?","R","BOSS","M","$","M","?","M","R","M","?","T","M","R","M","?","$","R","BOSS"],"items_purchased_type":["Card","Relic","Relic","Card","Card","Card"],"build_version":"2020-12-22","purchased_purges":0,"victory":false,"max_hp_per_floor":[75,75,75,75,75,75,75,75,75,75,75,75,82,82,82,82,82,82,82,82,82,82,82,82,82,82,82,82,82,82,82,82,82,82,82,82,82,82,82,82,82,82,82,82,82,82,72,72,72,72,72],"card_choices":[{"not_picked":["Scrape","Doom and Gloom"],"picked":"Chill","floor":1},{"not_picked":["Cold Snap","Hello World"],"picked":"Steam","floor":2},{"not_picked":["BootSequence","Sweeping Beam"],"picked":"Coolheaded","floor":3},{"not_picked":["Doom and Gloom","Aggregate","Melter"],"picked":"SKIP","floor":6},{"not_picked":["Go for the Eyes","Chaos"],"picked":"Turbo","floor":8},{"not_picked":["Heatsinks","Gash"],"picked":"Coolheaded","floor":12},{"not_picked":["Thunder Strike","Hello World","Gash"],"picked":"SKIP","floor":13},{"not_picked":["Defragment","Ball Lightning"],"picked":"Sweeping Beam","floor":14},{"not_picked":["Echo Form","Creative AI"],"picked":"Machine Learning","floor":16},{"not_picked":[],"picked":"Go for the Eyes","floor":18},{"not_picked":[],"picked":"Skim+1","floor":24},{"not_picked":["Conserve Battery+1"],"picked":"SKIP","floor":28},{"not_picked":[],"picked":"Ball Lightning","floor":29},{"not_picked":[],"picked":"Amplify","floor":33},{"not_picked":["Chill"],"picked":"SKIP","floor":35},{"not_picked":["Force Field+1"],"picked":"SKIP","floor":37},{"not_picked":["Chaos"],"picked":"SKIP","floor":39},{"not_picked":["Chaos+1"],"picked":"SKIP","floor":41},{"not_picked":[],"picked":"Streamline","floor":44},{"not_picked":["Coolheaded"],"picked":"SKIP","floor":46}],"player_experience":96149,"relics_obtained":[{"floor":6,"key":"Bag of Preparation"},{"floor":8,"key":"Vajra"},{"floor":9,"key":"Juzu Bracelet"},{"floor":13,"key":"Strawberry"},{"floor":26,"key":"Bag of Marbles"},{"floor":43,"key":"Frozen Egg 2"}],"event_choices":[{"damage_healed":0,"gold_gain":0,"player_choice":"2 cards matched","damage_taken":0,"max_hp_gain":0,"max_hp_loss":0,"event_name":"Match and Keep!","floor":4,"gold_loss":0,"cards_obtained":["Zap","Turbo"]},{"damage_healed":0,"gold_gain":0,"player_choice":"Traded Relic","damage_taken":0,"relics_obtained":["Nloth\u0027s Gift"],"max_hp_gain":0,"max_hp_loss":0,"event_name":"N\u0027loth","floor":19,"relics_lost":["Vajra"],"gold_loss":0},{"damage_healed":0,"gold_gain":0,"player_choice":"Ignored","damage_taken":0,"max_hp_gain":0,"max_hp_loss":0,"event_name":"Vampires","floor":20,"gold_loss":0},{"damage_healed":0,"gold_gain":0,"player_choice":"Inject Mutagens","damage_taken":0,"relics_obtained":["MutagenicStrength"],"max_hp_gain":0,"max_hp_loss":0,"event_name":"Drug Dealer","floor":22,"gold_loss":0},{"damage_healed":0,"gold_gain":250,"player_choice":"Bet on Owner","damage_taken":0,"max_hp_gain":0,"max_hp_loss":0,"event_name":"The Joust","floor":30,"gold_loss":50},{"damage_healed":0,"gold_gain":0,"cards_transformed":["Strike_B"],"player_choice":"Transformed","damage_taken":0,"max_hp_gain":0,"max_hp_loss":0,"event_name":"Transmorgrifier","floor":31,"gold_loss":0,"cards_obtained":["Reboot"]},{"damage_healed":0,"gold_gain":0,"player_choice":"Bought 1 Potion","damage_taken":0,"max_hp_gain":0,"max_hp_loss":0,"event_name":"The Woman in Blue","floor":38,"gold_loss":0},{"damage_healed":77,"gold_gain":0,"player_choice":"Heal","damage_taken":0,"max_hp_gain":0,"max_hp_loss":0,"event_name":"MindBloom","floor":42,"gold_loss":0,"cards_obtained":["Doubt"]},{"damage_healed":72,"gold_gain":0,"player_choice":"Heal","damage_taken":0,"max_hp_gain":0,"max_hp_loss":10,"event_name":"The Moai Head","floor":47,"gold_loss":0}],"is_beta":false,"boss_relics":[{"not_picked":["Runic Dome","SacredBark"],"picked":"Busted Crown"},{"not_picked":["FrozenCore","Sozu"],"picked":"Empty Cage"}],"items_purged_floors":[],"is_endless":false,"potions_floor_spawned":[1,3,6,24,33,41],"killed_by":"Donu and Deca","ascension_level":1}}