{"host":"sc0o2qwpf9j16a4i","time":1609362540,"event":{"mods":["AchievementEnabler","BaseMod","BetterRewards","Block Reminder","Colored Map","Colored Powertips","Custom Start","Highlight Path","Minty Spire (QoL Compilation)","Relic Stats"],"gold_per_floor":[111,124,49,67,67,67,81,81,81,96,109,53,68,68,68,144,144,163,163,163],"floor_reached":19,"playtime":558,"items_purged":["Defend_R"],"score":322,"play_id":"4d9f5701-da03-4c55-ac35-390112637f92","local_time":"20201230230900","is_ascension_mode":true,"campfire_choices":[{"data":"Bash","floor":6,"key":"SMITH"},{"data":"Barricade","floor":8,"key":"SMITH"},{"floor":15,"key":"REST"}],"circlet_count":0,"master_deck":["AscendersBane","Bash+1","Flame Barrier+1","Spot Weakness+1","Metallicize+1","Sword Boomerang","Burning Pact","Clothesline","Barricade+1","Uppercut","Armaments","Body Slam","Dropkick","Exhume","True Grit","Double Tap","Havoc","Corruption","Sword Boomerang","Feel No Pain"],"relics":["Astrolabe","Paper Frog","Pandora\u0027s Box"],"acts_visited":["Exordium","TheCity"],"potions_floor_usage":[16,19],"damage_taken":[{"damage":3,"enemies":"Jaw Worm","floor":1,"turns":7},{"damage":3,"enemies":"2 Louse","floor":2,"turns":4},{"damage":3,"enemies":"Small Slimes","floor":4,"turns":4},{"damage":0,"enemies":"2 Fungi Beasts","floor":7,"turns":3},{"damage":17,"enemies":"Exordium Thugs","floor":10,"turns":5},{"damage":7,"enemies":"Looter","floor":11,"turns":4},{"damage":12,"enemies":"3 Louse","floor":13,"turns":4},{"damage":9,"enemies":"The Guardian","floor":16,"turns":11},{"damage":36,"enemies":"Chosen","floor":18,"turns":8},{"damage":34,"enemies":"Masked Bandits","floor":19,"turns":2}],"seed_played":"5039530135819566366","potions_obtained":[{"floor":1,"key":"Dexterity Potion"},{"floor":4,"key":"DuplicationPotion"}],"is_trial":false,"path_per_floor":["M","M","$","M","?","R","M","R","T","M","M","$","M","$","R","B",null,"M","?"],"character_chosen":"IRONCLAD","items_purchased":["Body Slam"],"campfire_rested":1,"item_purchase_floors":[12],"current_hp_per_floor":[65,62,62,59,59,59,59,59,59,42,35,35,23,23,45,36,65,29,0,0],"gold":163,"neow_bonus":"BOSS_RELIC","is_daily":false,"chose_seed":false,"campfire_upgraded":2,"win_rate":0.0,"timestamp":1609362540,"path_taken":["M","M","$","M","?","R","M","R","T","M","M","$","M","$","R","BOSS","M","?"],"items_purchased_type":["Card"],"build_version":"2020-12-22","purchased_purges":1,"victory":false,"max_hp_per_floor":[75,75,75,75,75,75,75,75,75,75,75,75,75,75,75,75,75,75,75,75],"relic_stats":{"counters":[10,52],"Astrolabe":["Flame Barrier","Spot Weakness","Metallicize"],"Pandora\u0027s Box":["True Grit","Double Tap","Havoc","Corruption","Sword Boomerang"],"obtain_stats":[{"Astrolabe":0,"Pandora\u0027s Box":17,"Burning Blood":0,"Paper Frog":9},{"Astrolabe":0,"Pandora\u0027s Box":8,"Burning Blood":0,"Paper Frog":4},{"Astrolabe":0,"Pandora\u0027s Box":42,"Burning Blood":0,"Paper Frog":18}]},"card_choices":[{"not_picked":["Pummel","Shrug It Off"],"picked":"Sword Boomerang","floor":1},{"not_picked":["True Grit","Second Wind"],"picked":"Burning Pact","floor":2},{"not_picked":["Twin Strike","Sentinel"],"picked":"Clothesline","floor":4},{"not_picked":["Headbutt","Dark Embrace"],"picked":"Barricade","floor":7},{"not_picked":["Infernal Blade","Battle Trance"],"picked":"Uppercut","floor":10},{"not_picked":["Clothesline","Flex"],"picked":"Armaments","floor":11},{"not_picked":["Rage","Pummel"],"picked":"Dropkick","floor":13},{"not_picked":["Demon Form","Brutality"],"picked":"Exhume","floor":16},{"not_picked":["Sever Soul","Battle Trance"],"picked":"Feel No Pain","floor":18}],"player_experience":454356,"relics_obtained":[{"floor":9,"key":"Paper Frog"}],"event_choices":[{"damage_healed":0,"gold_gain":0,"player_choice":"Leave","damage_taken":0,"max_hp_gain":0,"max_hp_loss":0,"event_name":"The Cleric","floor":5,"gold_loss":0},{"damage_healed":0,"gold_gain":0,"player_choice":"Fought Bandits","damage_taken":0,"max_hp_gain":0,"max_hp_loss":0,"event_name":"Masked Bandits","floor":19,"gold_loss":0}],"is_beta":false,"boss_relics":[{"not_picked":["Tiny House","SacredBark"],"picked":"Pandora\u0027s Box"}],"items_purged_floors":[3],"is_endless":false,"potions_floor_spawned":[1,4,10,11],"killed_by":"Masked Bandits","ascension_level":20}}