{"host":"56ghxnzsglgdq727","time":1609370830,"event":{"mods":["AchievementEnabler","BaseMod","Minty Spire (QoL Compilation)"],"gold_per_floor":[113,125,78,153,153,166,178,207,230,230,12,12,24,50,50,50,50],"floor_reached":16,"playtime":514,"items_purged":["Eruption"],"score":105,"play_id":"76071b0d-680e-4e8e-8bc2-9b64aa058a0a","local_time":"20201230182710","is_ascension_mode":true,"campfire_choices":[{"data":"PathToVictory","floor":10,"key":"SMITH"},{"floor":12,"key":"REST"},{"floor":15,"key":"REST"}],"circlet_count":0,"master_deck":["Strike_P","Strike_P","Strike_P","Strike_P","Defend_P","Defend_P","Defend_P","Defend_P","Vigilance","Pray","FlyingSleeves","PathToVictory+1","LikeWater"],"relics":["PureWater","Anchor","Potion Belt","Omamori","Odd Mushroom"],"acts_visited":["Exordium"],"potions_floor_usage":[8,8,14],"damage_taken":[{"damage":2,"enemies":"Small Slimes","floor":1,"turns":3},{"damage":0,"enemies":"2 Louse","floor":2,"turns":1},{"damage":12,"enemies":"Jaw Worm","floor":6,"turns":4},{"damage":14,"enemies":"Looter","floor":7,"turns":4},{"damage":5,"enemies":"Lagavulin","floor":8,"turns":4},{"damage":5,"enemies":"2 Fungi Beasts","floor":13,"turns":5},{"damage":19,"enemies":"The Mushroom Lair","floor":14,"turns":5},{"damage":61,"enemies":"Hexaghost","floor":16,"turns":11}],"seed_played":"-6364603737618167732","potions_obtained":[{"floor":6,"key":"SkillPotion"},{"floor":7,"key":"Energy Potion"},{"floor":13,"key":"BlessingOfTheForge"}],"is_trial":false,"path_per_floor":["M","M","$","?","?","M","M","E","T","R","$","R","M","?","R","B"],"character_chosen":"WATCHER","items_purchased":["PathToVictory","Omamori"],"campfire_rested":2,"item_purchase_floors":[3,11],"current_hp_per_floor":[70,70,70,59,64,52,38,33,33,33,33,56,51,32,55,0,0],"gold":50,"neow_bonus":"THREE_CARDS","is_daily":false,"chose_seed":false,"campfire_upgraded":1,"win_rate":0.0,"timestamp":1609370830,"path_taken":["M","M","$","?","?","M","?","E","T","R","$","R","M","?","R","BOSS"],"items_purchased_type":["Card","Relic"],"build_version":"2020-12-22","purchased_purges":1,"victory":false,"max_hp_per_floor":[72,72,72,72,77,77,77,77,77,77,77,77,77,77,77,77,77],"card_choices":[{"not_picked":["WindmillStrike","Consecrate"],"picked":"Pray","floor":0},{"not_picked":["JustLucky","EmptyMind","Nirvana"],"picked":"SKIP","floor":1},{"not_picked":["Conclude","FollowUp"],"picked":"FlyingSleeves","floor":2},{"not_picked":["BowlingBash","CutThroughFate"],"picked":"LikeWater","floor":6},{"not_picked":["Crescendo","Conclude","SignatureMove"],"picked":"SKIP","floor":7},{"not_picked":["Tantrum","WindmillStrike","CrushJoints"],"picked":"SKIP","floor":8},{"not_picked":["BowlingBash","SpiritShield","CutThroughFate"],"picked":"SKIP","floor":13}],"player_experience":63738,"relics_obtained":[{"floor":8,"key":"Anchor"},{"floor":9,"key":"Potion Belt"},{"floor":14,"key":"Odd Mushroom"}],"event_choices":[{"damage_healed":0,"gold_gain":75,"player_choice":"Gather Gold","damage_taken":11,"max_hp_gain":0,"max_hp_loss":0,"event_name":"World of Goop","floor":4,"gold_loss":0},{"damage_healed":0,"gold_gain":0,"player_choice":"Donut","damage_taken":0,"max_hp_gain":5,"max_hp_loss":0,"event_name":"Big Fish","floor":5,"gold_loss":0},{"damage_healed":0,"gold_gain":0,"player_choice":"Fought Mushrooms","damage_taken":0,"max_hp_gain":0,"max_hp_loss":0,"event_name":"Mushrooms","floor":14,"gold_loss":0}],"is_beta":false,"boss_relics":[],"items_purged_floors":[11],"is_endless":false,"potions_floor_spawned":[6,7,13],"killed_by":"Hexaghost","ascension_level":1}}