{"host":"56ghxnzsglgdq727","time":1609370306,"event":{"mods":["AchievementEnabler","BaseMod","Minty Spire (QoL Compilation)"],"gold_per_floor":[119,119,119,135,146,178,178,209,209,384,384,400,22,22,22,126,126,137,137,137,52,64,64,94,104,104,118,118,153,153,165,165,165,165],"floor_reached":33,"playtime":1001,"items_purged":["Doubt"],"score":334,"play_id":"0e5d271b-ef7d-4cba-9df2-bc70b94bb76f","local_time":"20201230181826","is_ascension_mode":true,"campfire_choices":[{"floor":7,"key":"REST"},{"floor":15,"key":"REST"},{"data":"Eruption","floor":23,"key":"SMITH"},{"floor":28,"key":"REST"},{"floor":32,"key":"REST"}],"circlet_count":0,"master_deck":["Strike_P","Strike_P","Strike_P","Strike_P","Defend_P","Defend_P","Defend_P","Defend_P","Eruption+1","Ragnarok","PathToVictory","Wireheading","CutThroughFate","Consecrate","Devotion","SandsOfTime","Indignation+1","Halt+1","WindmillStrike"],"relics":["PureWater","Matryoshka","FossilizedHelix","HornCleat","Bird Faced Urn","Strawberry","Sling","Prayer Wheel","Sozu","Toxic Egg 2","Nunchaku","Akabeko","Bag of Marbles","Kunai","Regal Pillow"],"acts_visited":["Exordium","TheCity"],"potions_floor_usage":[4,12],"damage_taken":[{"damage":0,"enemies":"Small Slimes","floor":1,"turns":2},{"damage":0,"enemies":"Cultist","floor":4,"turns":1},{"damage":0,"enemies":"2 Louse","floor":5,"turns":1},{"damage":30,"enemies":"Gremlin Nob","floor":6,"turns":4},{"damage":36,"enemies":"3 Sentries","floor":8,"turns":4},{"damage":14,"enemies":"Large Slime","floor":12,"turns":5},{"damage":28,"enemies":"The Guardian","floor":16,"turns":11},{"damage":16,"enemies":"3 Byrds","floor":18,"turns":5},{"damage":0,"enemies":"Shell Parasite","floor":22,"turns":4},{"damage":36,"enemies":"Gremlin Leader","floor":24,"turns":3},{"damage":0,"enemies":"Snecko","floor":25,"turns":2},{"damage":0,"enemies":"3 Cultists","floor":27,"turns":3},{"damage":0,"enemies":"Book of Stabbing","floor":29,"turns":1},{"damage":13,"enemies":"Cultist and Chosen","floor":31,"turns":4},{"damage":36,"enemies":"Collector","floor":33,"turns":6}],"seed_played":"-7438077510035007646","potions_obtained":[{"floor":1,"key":"AttackPotion"},{"floor":5,"key":"SteroidPotion"}],"is_trial":false,"path_per_floor":["M","?","$","M","M","E","R","E","T","?","?","M","$","?","R","B",null,"M","?","?","?","M","R","E","M","T","M","R","E","?","M","R","B"],"character_chosen":"WATCHER","items_purchased":["Strawberry","Sling"],"campfire_rested":4,"item_purchase_floors":[13,13],"current_hp_per_floor":[72,72,72,72,72,42,63,27,27,27,51,39,46,28,51,25,79,65,65,65,65,67,67,35,37,37,39,62,62,47,38,78,46,46],"gold":165,"neow_bonus":"ONE_RANDOM_RARE_CARD","is_daily":false,"chose_seed":false,"campfire_upgraded":1,"win_rate":0.0,"timestamp":1609370306,"path_taken":["M","?","$","M","?","E","R","E","T","?","?","M","$","?","R","BOSS","M","?","?","?","?","R","E","M","T","M","R","E","?","M","R","BOSS"],"items_purchased_type":["Relic","Relic"],"build_version":"2020-12-22","purchased_purges":1,"victory":false,"max_hp_per_floor":[72,72,72,72,72,72,72,72,72,72,72,72,79,79,79,79,79,79,79,79,79,79,79,79,79,79,79,79,79,84,84,84,84,84],"card_choices":[{"not_picked":["Adaptation","JustLucky","Fasting2"],"picked":"SKIP","floor":1},{"not_picked":["CrushJoints","WheelKick"],"picked":"PathToVictory","floor":4},{"not_picked":["Halt","BowlingBash"],"picked":"Wireheading","floor":5},{"not_picked":["BowlingBash","Prostrate"],"picked":"CutThroughFate","floor":6},{"not_picked":["Worship","Pray"],"picked":"Consecrate","floor":8},{"not_picked":["Conclude","FlurryOfBlows","Brilliance"],"picked":"SKIP","floor":12},{"not_picked":["Wish","SpiritShield"],"picked":"Devotion","floor":16},{"not_picked":["EmptyFist","Evaluate","ThirdEye"],"picked":"SKIP","floor":18},{"not_picked":["FlurryOfBlows","CrushJoints","Crescendo"],"picked":"SKIP","floor":18},{"not_picked":["WheelKick+1","Protect+1","BattleHymn"],"picked":"SKIP","floor":22},{"not_picked":["MentalFortress","FollowUp","Evaluate+1"],"picked":"SKIP","floor":22},{"not_picked":["FlyingSleeves+1","Consecrate"],"picked":"SandsOfTime","floor":24},{"not_picked":["CutThroughFate+1","Protect+1","FlyingSleeves"],"picked":"SKIP","floor":25},{"not_picked":["Evaluate+1","Halt+1","CarveReality"],"picked":"SKIP","floor":25},{"not_picked":["DeceiveReality+1","Wireheading+1"],"picked":"Indignation+1","floor":27},{"not_picked":["ReachHeaven","BowlingBash"],"picked":"Halt+1","floor":27},{"not_picked":["Crescendo+1","EmptyFist","FlyingSleeves+1"],"picked":"SKIP","floor":29},{"not_picked":["Prostrate+1","InnerPeace+1"],"picked":"WindmillStrike","floor":31},{"not_picked":["Consecrate+1","EmptyBody+1","BattleHymn"],"picked":"SKIP","floor":31}],"player_experience":62737,"relics_obtained":[{"floor":6,"key":"Matryoshka"},{"floor":8,"key":"FossilizedHelix"},{"floor":9,"key":"HornCleat"},{"floor":9,"key":"Bird Faced Urn"},{"floor":24,"key":"Akabeko"},{"floor":26,"key":"Bag of Marbles"},{"floor":26,"key":"Kunai"},{"floor":29,"key":"Regal Pillow"}],"event_choices":[{"cards_removed":["Vigilance"],"damage_healed":0,"gold_gain":0,"player_choice":"Purged","damage_taken":0,"max_hp_gain":0,"max_hp_loss":0,"event_name":"Purifier","floor":2,"gold_loss":0},{"damage_healed":0,"gold_gain":175,"player_choice":"AGREE","damage_taken":0,"max_hp_gain":0,"max_hp_loss":0,"event_name":"Liars Game","floor":10,"gold_loss":0,"cards_obtained":["Doubt"]},{"damage_healed":24,"gold_gain":0,"player_choice":"Banana","damage_taken":0,"max_hp_gain":0,"max_hp_loss":0,"event_name":"Big Fish","floor":11,"gold_loss":0},{"damage_healed":0,"gold_gain":0,"player_choice":"Success","damage_taken":18,"relics_obtained":["Prayer Wheel"],"max_hp_gain":0,"max_hp_loss":0,"event_name":"Scrap Ooze","floor":14,"gold_loss":0},{"damage_healed":0,"gold_gain":0,"player_choice":"Opened","damage_taken":0,"relics_obtained":["Toxic Egg 2"],"max_hp_gain":0,"max_hp_loss":0,"event_name":"The Mausoleum","floor":19,"gold_loss":0,"cards_obtained":["Writhe"]},{"cards_removed":["Writhe"],"damage_healed":0,"gold_gain":0,"player_choice":"Elegance","damage_taken":0,"max_hp_gain":0,"max_hp_loss":0,"event_name":"Back to Basics","floor":20,"gold_loss":0},{"damage_healed":0,"gold_gain":0,"player_choice":"Obtained Relic","damage_taken":0,"relics_obtained":["Nunchaku"],"max_hp_gain":0,"max_hp_loss":0,"event_name":"Addict","floor":21,"gold_loss":85},{"damage_healed":0,"gold_gain":0,"player_choice":"Shed Blood","damage_taken":20,"max_hp_gain":5,"max_hp_loss":0,"event_name":"Forgotten Altar","floor":30,"gold_loss":0}],"is_beta":false,"boss_relics":[{"not_picked":["HolyWater","Astrolabe"],"picked":"Sozu"}],"items_purged_floors":[13],"is_endless":false,"potions_floor_spawned":[1,5,25,31],"killed_by":"Collector","ascension_level":1}}