{"host":"s9n53dspxjwkh5no","time":1609362595,"event":{"mods":["AchievementEnabler","Aspiration","Bard","BaseMod","Beaked The Cultist","Better Altar","Better Match","Better Note","Better Sensory Stone","Better Skull","Better Third Choice","BetterRewards","Colored Map","Colored Powertips","Conspire","Dio Mod","Disable Question Mark Monsters","Downfall","Energized Spire","Halation","Hermit","Hubris","Marisa????????","Marked Mod","Melee Mod","Minty Spire (QoL Compilation)","Quick Restart","Random Character Button","Rare Cards Sparkle","Reimu??????","Relic Stats","Remilia??????","Replay The Spire","Shade Mod","Small Relic Pack","Spicy Shops","StSLib","The Animator","The Bug Knight","The Construct","The Disciple","The Hierophant","The Problem Sleuth","The Runesmith","The Servant 0.9.4","The Valiant","The Wild Card","TheArtist","TheBandit","TheVacant","Wandering Minibosses","vexMod"],"gold_per_floor":[110,123,56,43,3,3,22,22,22,40,52,70,70,1,1,100,100,110,110,110,142,158,158,176,208,233,233,233,208,208],"floor_reached":29,"playtime":1274,"items_purged":[],"score":319,"play_id":"697fc845-cc9d-489c-88fc-b81792a6bffb","local_time":"20201230140955","is_ascension_mode":false,"campfire_choices":[{"data":"animator:ChaikaBohdan","floor":6,"key":"SMITH"},{"floor":15,"key":"REST"},{"floor":23,"key":"REST"},{"floor":27,"key":"REST"}],"circlet_count":0,"master_deck":["animator:Strike_Overlord","animator:Defend_Overlord","animator:Strike","animator:Strike","animator:Defend","animator:Defend","animator:Defend","animator:Cocytus","animator:Demiurge","animator:MamiTomoe+1","animator:Vanir","animator:ElricAlphonse","animator:ChaikaBohdan+1","animator:Megumin+5","animator:PandorasActor","animator:Melzalgald","animator:Tatsumaki","animator:Spearman","animator:Mitsurugi","animator:Berserker","animator:Eve","animator:YunYun","animator:Azekura+1","animator:Entoma","MastersStateliness","animator:Sebas"],"relics":["animator:TheMissingPiece","animator:PurgingStone","Ring of Searing","Thread and Needle","hubris:DisguiseKit","conspire:SlowCooker"],"acts_visited":["Exordium","TheCity"],"potions_floor_usage":[4,4,4,4,4,4,7,7,7,11,16,25,29,29],"damage_taken":[{"damage":1,"enemies":"Cultist","floor":1,"turns":3},{"damage":0,"enemies":"2 Louse","floor":2,"turns":2},{"damage":9,"enemies":"Jaw Worm","floor":4,"turns":6},{"damage":21,"enemies":"3 Louse","floor":7,"turns":6},{"damage":0,"enemies":"Looter","floor":10,"turns":2},{"damage":0,"enemies":"Large Slime","floor":11,"turns":4},{"damage":4,"enemies":"Blue Slaver","floor":12,"turns":2},{"damage":27,"enemies":"Fading Forest","floor":16,"turns":11},{"damage":12,"enemies":"Spheric Guardian","floor":18,"turns":3},{"damage":21,"enemies":"3 Byrds","floor":21,"turns":4},{"damage":20,"enemies":"Sentry and Sphere","floor":22,"turns":4},{"damage":5,"enemies":"3 Cultists","floor":24,"turns":4},{"damage":13,"enemies":"Centurion and Healer","floor":25,"turns":5},{"damage":44,"enemies":"Snake Plant","floor":29,"turns":4}],"seed_played":"-1965438527020948190","potions_obtained":[{"floor":1,"key":"EntropicBrew"},{"floor":2,"key":"EntropicBrew"},{"floor":4,"key":"EntropicBrew"},{"floor":10,"key":"sneckomod:MuddlingPotion"},{"floor":16,"key":"FearPotion"},{"floor":24,"key":"AttackPotion"},{"floor":25,"key":"Elixir"}],"is_trial":false,"path_per_floor":["M","M","$","M","$","R","M","?","T","M","M","M","T","$","R","B",null,"M","?","?","M","M","R","M","M","T","R","?","M"],"character_chosen":"THE_ANIMATOR","items_purchased":["vexMod:Cooldron","animator:MamiTomoe+1","animator:ChaikaBohdan","animator:Megumin","animator:Mitsurugi","animator:Berserker"],"campfire_rested":3,"item_purchase_floors":[0,0,3,5,14,14],"current_hp_per_floor":[65,65,65,56,56,56,35,35,35,35,35,31,31,31,50,23,66,54,59,59,38,19,39,34,21,21,41,41,0,0],"gold":208,"neow_bonus":"","is_daily":false,"chose_seed":false,"campfire_upgraded":1,"win_rate":0.0,"timestamp":1609362595,"path_taken":["M","?","$","M","?","R","?","?","T","M","M","M","?","$","R","BOSS","M","?","?","M","M","R","?","M","T","R","?","M"],"items_purchased_type":["Relic","Card","Card","Card","Card","Card"],"build_version":"2020-12-22","purchased_purges":0,"victory":false,"max_hp_per_floor":[66,66,66,66,66,66,66,66,66,66,66,66,66,66,66,66,66,66,66,66,66,67,67,67,67,67,67,67,67,67],"relic_stats":{"counters":[25,106],"obtain_stats":[{"hubris:DisguiseKit":13,"ScarletDevilRocket":6,"NeowsBlessing":0,"animator:TheMissingPiece":0,"Oddly Smooth Stone":9,"Blue Doll":20,"Thread and Needle":9,"conspire:SlowCooker":17,"Ring of Searing":8,"Replay:Baseball":24,"vexMod:Cooldron":0,"animator:PurgingStone":0,"aspiration:BabyByrd":10,"Ring of Peace":5,"hubris:ScarierMask":17,"animator:LivingPicture":0,"halation:PinkSoulGem":12},{"hubris:DisguiseKit":18,"ScarletDevilRocket":3,"NeowsBlessing":0,"animator:TheMissingPiece":0,"Oddly Smooth Stone":5,"Blue Doll":8,"Thread and Needle":15,"conspire:SlowCooker":19,"Ring of Searing":15,"Replay:Baseball":10,"vexMod:Cooldron":11,"animator:PurgingStone":0,"aspiration:BabyByrd":5,"Ring of Peace":2,"hubris:ScarierMask":6,"animator:LivingPicture":0,"halation:PinkSoulGem":5},{"hubris:DisguiseKit":71,"ScarletDevilRocket":4,"NeowsBlessing":0,"animator:TheMissingPiece":0,"Oddly Smooth Stone":10,"Blue Doll":29,"Thread and Needle":63,"conspire:SlowCooker":82,"Ring of Searing":63,"Replay:Baseball":39,"vexMod:Cooldron":46,"animator:PurgingStone":0,"aspiration:BabyByrd":10,"Ring of Peace":2,"hubris:ScarierMask":20,"animator:LivingPicture":0,"halation:PinkSoulGem":10}]},"card_choices":[{"not_picked":["animator:Yoichi","animator:TsurugaMeisai"],"picked":"animator:Vanir","floor":1},{"not_picked":["animator:Tet","animator:CrowleyEusford"],"picked":"animator:ElricAlphonse","floor":2},{"not_picked":["animator:AcuraAkari","animator:Laby"],"picked":"animator:Raven","floor":4},{"not_picked":["animator:Cocytus","animator:Evileye"],"picked":"animator:PandorasActor","floor":7},{"not_picked":["animator:Shizu","animator:Sebas"],"picked":"animator:Melzalgald","floor":10},{"not_picked":["animator:Illya","animator:Viivi"],"picked":"animator:Tatsumaki","floor":11},{"not_picked":["animator:Verdia","animator:IzunaHatsuse"],"picked":"animator:Spearman","floor":12},{"not_picked":["animator:Gilgamesh","animator:ItamiYouji","KillingBlow"],"picked":"animator:Eve","floor":16},{"not_picked":["animator:Vanir","animator:Chris"],"picked":"animator:YunYun","floor":18},{"not_picked":["animator:Verdia","animator:Shinoa+1","NightDance"],"picked":"animator:Azekura+1","floor":21},{"not_picked":["animator:SuzuneAmano","animator:Guy","animator:Azekura"],"picked":"animator:Entoma","floor":22},{"not_picked":["animator:Nanami","animator:Gluttony","animator:Caster"],"picked":"MastersStateliness","floor":24},{"not_picked":["animator:Cocytus","animator:Shalltear"],"picked":"animator:Sebas","floor":25}],"player_experience":361527,"relics_obtained":[{"floor":8,"key":"Ring of Searing"},{"floor":9,"key":"Thread and Needle"},{"floor":13,"key":"hubris:DisguiseKit"}],"event_choices":[{"cards_removed":["animator:Raven"],"damage_healed":5,"gold_gain":0,"player_choice":"Offered Common","damage_taken":0,"max_hp_gain":0,"max_hp_loss":0,"event_name":"Bonfire Elementals","floor":19,"gold_loss":0},{"cards_removed":["animator:Raven"],"damage_healed":5,"gold_gain":0,"player_choice":"Offered Special","damage_taken":0,"max_hp_gain":0,"max_hp_loss":0,"event_name":"Bonfire Elementals","floor":19,"gold_loss":0},{"cards_removed":["animator:Strike"],"damage_healed":0,"gold_gain":0,"player_choice":"Purged","damage_taken":0,"max_hp_gain":0,"max_hp_loss":0,"event_name":"Purifier","floor":20,"gold_loss":0},{"cards_removed":["MastersStateliness"],"damage_healed":0,"gold_gain":0,"player_choice":"Give","damage_taken":0,"max_hp_gain":0,"max_hp_loss":0,"event_name":"betterNote:BetterNote","floor":28,"gold_loss":0,"cards_obtained":["None"]}],"is_beta":false,"boss_relics":[{"not_picked":["Ring of Chaos","vexMod:TanglingVine"],"picked":"conspire:SlowCooker"}],"items_purged_floors":[],"is_endless":false,"potions_floor_spawned":[1,2,4,10,16,24,25],"killed_by":"Snake Plant","ascension_level":0}}