{"host":"bbrtpn53yniy7wad","time":1609300395,"event":{"mods":["AchievementEnabler","BaseMod","Colored Map","Minty Spire (QoL Compilation)","SuperFastMode"],"gold_per_floor":[117,131,131,145,295,329,329,360,372,384,384],"floor_reached":10,"playtime":154,"items_purged":[],"score":152,"play_id":"289759b3-85bf-4677-91a9-686f81f8e8c7","local_time":"20201230125315","is_ascension_mode":true,"campfire_choices":[{"floor":7,"key":"REST"}],"circlet_count":0,"master_deck":["AscendersBane","Strike_G","Strike_G","Strike_G","Strike_G","Strike_G","Defend_G","Defend_G","Defend_G","Defend_G","Defend_G","Survivor","Neutralize","Crippling Poison","Flechettes","Deadly Poison","Dagger Throw"],"relics":["Ring of the Snake","NeowsBlessing","Omamori","Torii","MawBank","Kunai"],"acts_visited":["Exordium"],"potions_floor_usage":[6,10],"damage_taken":[{"damage":0.0,"enemies":"Cultist","floor":1.0,"turns":1.0},{"damage":0.0,"enemies":"Jaw Worm","floor":2.0,"turns":1.0},{"damage":0,"enemies":"Small Slimes","floor":4,"turns":1},{"damage":32,"enemies":"Gremlin Nob","floor":6,"turns":4},{"damage":14,"enemies":"Lagavulin","floor":8,"turns":8},{"damage":52,"enemies":"Gremlin Nob","floor":10,"turns":4}],"seed_played":"1034402299874652063","potions_obtained":[{"floor":1.0,"key":"Dexterity Potion"},{"floor":4,"key":"ColorlessPotion"}],"is_trial":false,"path_per_floor":["M","M","?","M","?","E","R","E","T","E"],"character_chosen":"THE_SILENT","items_purchased":[],"campfire_rested":1,"item_purchase_floors":[],"current_hp_per_floor":[59,59,54,54,54,22,41,27,27,0,0],"gold":384,"neow_bonus":"THREE_ENEMY_KILL","is_daily":false,"chose_seed":false,"campfire_upgraded":0,"win_rate":0.0,"timestamp":1609300395,"path_taken":["M","M","?","M","?","E","R","E","T","E"],"items_purchased_type":[],"build_version":"2020-12-22","purchased_purges":0,"victory":false,"max_hp_per_floor":[66,66,66,66,66,66,66,66,66,66,66],"card_choices":[{"not_picked":["Dodge and Roll","Reflex"],"picked":"Crippling Poison","floor":1.0},{"not_picked":["Quick Slash","Bane"],"picked":"Flechettes","floor":2},{"not_picked":["Slice","Outmaneuver"],"picked":"Deadly Poison","floor":4},{"not_picked":["Tools of the Trade","Deflect"],"picked":"Dagger Throw","floor":6},{"not_picked":["Poisoned Stab","Terror","Quick Slash"],"picked":"SKIP","floor":8}],"player_experience":1025464,"relics_obtained":[{"floor":6,"key":"Torii"},{"floor":8,"key":"MawBank"},{"floor":9,"key":"Kunai"}],"event_choices":[{"damage_healed":0,"gold_gain":0,"player_choice":"Success","damage_taken":5,"relics_obtained":["Omamori"],"max_hp_gain":0,"max_hp_loss":0,"event_name":"Scrap Ooze","floor":3,"gold_loss":0},{"damage_healed":0,"gold_gain":150,"player_choice":"AGREE","damage_taken":0,"max_hp_gain":0,"max_hp_loss":0,"event_name":"Liars Game","floor":5,"gold_loss":0,"cards_obtained":["Doubt"]}],"is_beta":false,"boss_relics":[],"items_purged_floors":[],"is_endless":false,"potions_floor_spawned":[1,4],"killed_by":"Gremlin Nob","ascension_level":20}}