{"host":"lhctfk12b9nlyebx","time":1609359227,"event":{"mods":["BaseMod","Card Forge","Colored Map","Highlight Path","Infinite Spire","Minty Spire (QoL Compilation)","Quick Restart","Relic Filter","Replay The Spire","StSLib","The Alterego","vexMod"],"gold_per_floor":[117,130,130,205,49,49,49,79,79,79,105,105,122,68,82,98,98,116,116,211,211,230,45,45,62,80,80,107,107,122,122,222,222,232,248,259,259,362,362,362,461,461,471,481,481,494,544,544,160,172,172,199,199,217,235,235,235,235,235,337,337,343,152,152,153,165,165,176,176,201,201,208,208,208,218,218,218,312,312,323,323,329,337,38,38,137,137,161,161,161,165,170,170,180,180,266,266,266,346,396,397,397,406,133,139,156,156,156,156,156,161,161,168,240,240,240,320,320,320],"floor_reached":118,"playtime":6095,"items_purged":[],"score":2049,"play_id":"73766161-4fac-48f1-b124-c1114f778f23","local_time":"20201230201347","is_ascension_mode":false,"campfire_choices":[{"data":"1","floor":7,"key":"LIFT"},{"floor":10,"key":"REST"},{"data":"2","floor":17,"key":"LIFT"},{"data":"3","floor":19,"key":"LIFT"},{"floor":29,"key":"REST"},{"floor":37,"key":"REST"},{"floor":48,"key":"REST"},{"floor":53,"key":"REST"},{"floor":56,"key":"REST"},{"floor":58,"key":"REST"},{"floor":59,"key":"REST"},{"floor":67,"key":"REST"},{"floor":69,"key":"REST"},{"floor":77,"key":"REST"},{"floor":85,"key":"REST"},{"floor":90,"key":"REST"},{"floor":95,"key":"REST"},{"floor":108,"key":"REST"},{"floor":112,"key":"REST"},{"floor":116,"key":"REST"}],"circlet_count":0,"master_deck":["Defragment+1","Static Discharge+1","Static Discharge+1","Thunder Strike+1","Electrodynamics+1","Self Repair+1","Genetic Algorithm+1","Storm+1","Biased Cognition+1","Consume+1","Lockon+1","Amplify+1","Loop+1","Defragment+1","Defragment+1","Storm+1","Tempest+1","Defragment+1","Consume+1","Loop+1","Loop+1","Defragment+1","Consume+1","Biased Cognition"],"relics":["Cracked Core","Hammer of Thor","Seething Fire","Anvil of the Gods","Girya","Garlic","infinitespire:PuzzleCube","Inserter","Blue Doll","Divine Protection","vexMod:PlasmaPancake","Mummified Hand","Fusion Hammer","Replay:Ancient Bell","MealTicket","Pantograph","Thread and Needle","Torii","Pen Nib","Ornamental Fan","White Beast Statue","Geode","Prayer Wheel","Prayer Wheel","Prayer Wheel","vexMod:TanglingVine","BargainBundle","PreservedInsect","infinitespire:ShieldingShard","Replay:Antivirus Software","Vajra","Matryoshka","Nuclear Battery","Emotion Chip","Sozu","Prayer Wheel","Replay:Rubber Ducky","Lee\u0027s Waffle","Dream Catcher","Whetstone","Ancient Tea Set","Darkstone Periapt","Philosopher\u0027s Stone","Tiny House","Lantern","ReplayTheSpireMod:ShopPack","Nunchaku","infinitespire:CheckeredPen","infinitespire:SolderingIron","infinitespire:Magic Flask","Replay:Drink Me"],"acts_visited":["Exordium","TheCity","TheBeyond","Exordium","TheCity","TheBeyond","Exordium"],"potions_floor_usage":[20,20,28,32,38,41,41,41,60,60,96,96,96],"damage_taken":[{"damage":3,"enemies":"Jaw Worm","floor":1,"turns":2},{"damage":5,"enemies":"2 Louse","floor":2,"turns":2},{"damage":10,"enemies":"3 Sentries","floor":8,"turns":3},{"damage":4,"enemies":"Small Slimes","floor":13,"turns":2},{"damage":0,"enemies":"3 Louse","floor":15,"turns":2},{"damage":4,"enemies":"Lots of Slimes","floor":16,"turns":2},{"damage":0,"enemies":"2 Fungi Beasts","floor":18,"turns":1},{"damage":0,"enemies":"Slime Boss","floor":20,"turns":4},{"damage":15,"enemies":"Shell Parasite","floor":22,"turns":2},{"damage":22,"enemies":"2 Thieves","floor":25,"turns":3},{"damage":0,"enemies":"3 Cultists","floor":26,"turns":2},{"damage":9,"enemies":"Nightmare","floor":28,"turns":4},{"damage":9,"enemies":"Centurion and Healer","floor":30,"turns":2},{"damage":11,"enemies":"Colosseum Slavers","floor":32,"turns":1},{"damage":17,"enemies":"Colosseum Nobs","floor":32,"turns":3},{"damage":4,"enemies":"Snake Plant","floor":34,"turns":2},{"damage":0,"enemies":"3 Cultists","floor":35,"turns":2},{"damage":0,"enemies":"Snecko","floor":36,"turns":3},{"damage":2,"enemies":"Automaton","floor":38,"turns":3},{"damage":2,"enemies":"Automaton","floor":41,"turns":3},{"damage":2,"enemies":"3 Darklings","floor":43,"turns":2},{"damage":0,"enemies":"Orb Walker","floor":44,"turns":2},{"damage":1,"enemies":"4 Shapes","floor":46,"turns":3},{"damage":0,"enemies":"Mind Bloom Boss Battle","floor":47,"turns":2},{"damage":17,"enemies":"Writhing Mass","floor":50,"turns":3},{"damage":0,"enemies":"3 Darklings","floor":54,"turns":1},{"damage":0,"enemies":"4 Shapes","floor":55,"turns":2},{"damage":32,"enemies":"Replay:Hell Engine","floor":60,"turns":5},{"damage":0,"enemies":"Cultist","floor":62,"turns":2},{"damage":1,"enemies":"Small Slimes","floor":65,"turns":2},{"damage":0,"enemies":"Jaw Worm","floor":66,"turns":1},{"damage":0,"enemies":"Exordium Wildlife","floor":68,"turns":2},{"damage":1,"enemies":"Looter","floor":72,"turns":1},{"damage":0,"enemies":"2 Fungi Beasts","floor":75,"turns":2},{"damage":0,"enemies":"Hexaghost","floor":78,"turns":2},{"damage":0,"enemies":"Spheric Guardian","floor":80,"turns":2},{"damage":18,"enemies":"2 Thieves","floor":82,"turns":2},{"damage":0,"enemies":"Centurion and Healer","floor":83,"turns":2},{"damage":0,"enemies":"Sentry and Sphere","floor":91,"turns":2},{"damage":0,"enemies":"Cultist and Chosen","floor":92,"turns":2},{"damage":1,"enemies":"Snake Plant","floor":94,"turns":2},{"damage":39,"enemies":"Champ","floor":96,"turns":3},{"damage":8,"enemies":"Champ","floor":99,"turns":3},{"damage":1,"enemies":"3 Darklings","floor":101,"turns":2},{"damage":1,"enemies":"3 Shapes","floor":103,"turns":2},{"damage":0,"enemies":"Jaw Worm Horde","floor":105,"turns":3},{"damage":0,"enemies":"R_Hoarder","floor":106,"turns":2},{"damage":33,"enemies":"4 Shapes","floor":111,"turns":3},{"damage":0,"enemies":"Spire Growth","floor":113,"turns":3},{"damage":0,"enemies":"infinitespire:Three Voidlings","floor":114,"turns":2},{"damage":0,"enemies":"Nightmare_Alpha","floor":114,"turns":3},{"damage":0,"enemies":"Maw","floor":115,"turns":2},{"damage":70,"enemies":"Replay:Hell Engine","floor":117,"turns":4}],"seed_played":"1783023748815949480","potions_obtained":[{"floor":3,"key":"Fire Potion"},{"floor":8,"key":"Adrenaline Potion"},{"floor":20,"key":"SkillPotion"},{"floor":22,"key":"Toxic Potion"},{"floor":26,"key":"FocusPotion"},{"floor":30,"key":"SneckoOil"},{"floor":35,"key":"Ancient Potion"},{"floor":38,"key":"Weak Potion"},{"floor":40,"key":"Doom Potion"},{"floor":40,"key":"CultistPotion"},{"floor":41,"key":"Toxic Potion"},{"floor":46,"key":"ColorlessPotion"},{"floor":50,"key":"Elixir"},{"floor":55,"key":"Regen Potion"},{"floor":60,"key":"Weak Potion"},{"floor":62,"key":"Reflective Coating"},{"floor":65,"key":"FocusPotion"}],"is_trial":false,"path_per_floor":["M","M","?","?","$","?","R","E","$","R","T","?","M","$","M","M","R","M","R","B",null,"M","$","?","M","M","$","NM","R","M","T","?","?","M","M","M","R","B",null,"R_BF","B",null,"M","M","?","M","?","R","$","M","T","T","R","M","M","R","?","R","R","B",null,"M","$","?","M","M","R","M","R","T","T","M","?","$","M","?","R","B",null,"M","AVR","M","M","$","R","?","?","T","T","R","M","M","?","M","R","B",null,"R_BF","B",null,"M","?","M","$","M","E","?","R","T","T","M","R","M","?","M","R","B",null],"character_chosen":"DEFECT","items_purchased":["ReplayTheSpireMod:Calculation Training","Static Discharge","Self Repair+1","Electrodynamics","Ball Lightning","Pen Nib","Ornamental Fan","Loop+1","ReplayTheSpireMod:Calculation Training","BargainBundle","PreservedInsect","infinitespire:ShieldingShard","FocusPotion","Replay:Rubber Ducky","Lee\u0027s Waffle","Lantern","ReplayTheSpireMod:ShopPack"],"campfire_rested":17,"item_purchase_floors":[5,5,14,23,23,49,49,63,63,63,63,63,63,84,84,104,104],"current_hp_per_floor":[72,67,67,56,56,56,56,46,46,68,68,75,71,71,72,72,72,72,72,72,72,67,67,67,55,65,65,72,72,63,63,61,61,57,67,78,78,78,78,78,78,78,78,78,74,74,74,74,74,57,57,57,74,74,74,74,74,74,74,62,74,74,74,74,73,73,74,74,74,74,74,73,73,74,74,71,74,74,74,74,74,56,56,81,81,81,81,81,81,81,81,81,66,65,86,48,48,73,86,91,91,91,90,91,91,91,91,91,91,91,73,91,91,91,91,91,31,69,69],"gold":320,"neow_bonus":"ONE_RARE_RELIC","is_daily":false,"chose_seed":false,"campfire_upgraded":0,"win_rate":0.0,"timestamp":1609359227,"path_taken":["M","M","?","?","?","?","R","E","$","R","T","?","M","$","M","M","R","M","R","BOSS","M","$","?","M","M","$","NM","R","?","T","?","?","M","M","M","R","BOSS","R_BF","BOSS","M","M","?","M","?","R","$","M","T","T","R","M","M","R","?","R","R","BOSS","M","$","?","M","M","R","M","R","T","T","M","?","$","?","?","R","BOSS","M","AVR","M","M","$","R","?","?","T","T","R","M","M","?","M","R","BOSS","R_BF","BOSS","M","?","M","$","M","E","?","R","T","T","?","R","M","?","M","R","BOSS"],"items_purchased_type":["Card","Card","Card","Card","Card","Relic","Relic","Card","Card","Relic","Relic","Relic","Potion","Relic","Relic","Relic","Relic"],"build_version":"2020-12-22","purchased_purges":0,"victory":false,"max_hp_per_floor":[75,75,75,75,75,75,75,75,75,75,75,75,72,72,72,72,72,72,72,72,72,72,72,72,72,72,72,72,72,72,72,78,78,78,78,78,78,78,78,78,78,78,78,78,74,74,74,74,74,74,74,74,74,74,74,74,74,74,74,74,74,74,74,74,74,74,74,74,74,74,74,74,74,74,74,74,74,74,74,74,74,74,74,81,81,81,81,81,81,81,81,81,86,86,86,86,86,86,86,91,91,91,91,91,91,91,91,91,91,91,91,91,91,91,91,91,91,69,69],"card_choices":[{"not_picked":["Beam Cell","Force Field"],"picked":"Defragment","floor":1},{"not_picked":["Steam","Conserve Battery"],"picked":"Static Discharge","floor":2},{"not_picked":["Fission","Barrage"],"picked":"Melter","floor":8},{"not_picked":["Hologram","Force Field"],"picked":"Redo","floor":13},{"not_picked":["BasicCrystalCard","ReplaySolidLightProjector","Rebound"],"picked":"SKIP","floor":15},{"not_picked":["Sweeping Beam","FIFO Queue"],"picked":"Ball Lightning","floor":16},{"not_picked":["Hello World","Beam Cell","Panic Button"],"picked":"SKIP","floor":18},{"not_picked":["Rainbow","Seek"],"picked":"Thunder Strike","floor":20},{"not_picked":["Go for the Eyes","BootSequence","Stack"],"picked":"SKIP","floor":22},{"not_picked":["Barrage+1","Sunder"],"picked":"Self Repair","floor":25},{"not_picked":["Rebound","FTL","Sweeping Beam+1"],"picked":"SKIP","floor":26},{"not_picked":["ReplayTheSpireMod:GoodbyeWorld","BasicCrystalCard","Ball Lightning"],"picked":"SKIP","floor":28},{"not_picked":["Rebound","Panic Button+1"],"picked":"Genetic Algorithm","floor":30},{"not_picked":["Redo","Turbo","Panic Button"],"picked":"SKIP","floor":34},{"not_picked":["Coolheaded+1","Stack"],"picked":"Storm","floor":35},{"not_picked":["Steam","Multi-Cast","Leap"],"picked":"SKIP","floor":36},{"not_picked":["Thunder Strike","Reboot"],"picked":"Biased Cognition","floor":38},{"not_picked":["AbeCurse","CurseOfTheBell"],"picked":"Writhe","floor":42},{"not_picked":["Writhe","Decay"],"picked":"Pain","floor":42},{"not_picked":["Doubt","Parasite"],"picked":"Clumsy","floor":42},{"not_picked":["Static Discharge","Streamline","Aggregate+1"],"picked":"SKIP","floor":43},{"not_picked":["Stack","Ball Lightning+1"],"picked":"Consume+1","floor":44},{"not_picked":["Undo","Gash","Force Field+1"],"picked":"SKIP","floor":46},{"not_picked":["Cold Snap+1","Beam Cell"],"picked":"Lockon+1","floor":47},{"not_picked":["ReplayTheSpireMod:Reroute Power+1","Go for the Eyes"],"picked":"ReplayTheSpireMod:Fabricate Wheel","floor":50},{"not_picked":["Stack","Double Energy","Barrage+1"],"picked":"SKIP","floor":54},{"not_picked":["Skim","Chill","Self Repair"],"picked":"SKIP","floor":54},{"not_picked":["Go for the Eyes+1","ReplayTheSpireMod:Reroute Power","Hologram+1"],"picked":"SKIP","floor":54},{"not_picked":["Rebound","Crystallizer+1"],"picked":"FIFO Queue+1","floor":55},{"not_picked":["Go for the Eyes","Skim+1","Rebound+1"],"picked":"SKIP","floor":55},{"not_picked":["Coolheaded","Sweeping Beam","Conserve Battery"],"picked":"SKIP","floor":55},{"not_picked":["Meteor Strike","Buffer"],"picked":"Amplify","floor":60},{"not_picked":["ReplayTheSpireMod:??????????????????????","Replay:Fractal Strike"],"picked":"infinitespire:Gouge","floor":61},{"not_picked":["Sweeping Beam","Conserve Battery","White Noise"],"picked":"SKIP","floor":62},{"not_picked":["Barrage","Leap","Sweeping Beam"],"picked":"SKIP","floor":62},{"not_picked":["Rip and Tear","Conserve Battery","Go for the Eyes"],"picked":"SKIP","floor":62},{"not_picked":["Steam","Ball Lightning","Hologram"],"picked":"SKIP","floor":62},{"not_picked":["Rebound","Gash","Coolheaded"],"picked":"SKIP","floor":65},{"not_picked":["Streamline","Coolheaded","Darkness"],"picked":"SKIP","floor":65},{"not_picked":["ReplayGash","All For One","Redo"],"picked":"SKIP","floor":65},{"not_picked":["Coolheaded","Sweeping Beam","Scrape"],"picked":"SKIP","floor":65},{"not_picked":["Aggregate","Lockon"],"picked":"Defragment","floor":66},{"not_picked":["ReplayTheSpireMod:GoodbyeWorld","Buffer"],"picked":"Defragment","floor":66},{"not_picked":["Sunder","Heatsinks","Fusion"],"picked":"SKIP","floor":66},{"not_picked":["Redo","Gash","Turbo"],"picked":"SKIP","floor":66},{"not_picked":["Go for the Eyes","Redo"],"picked":"ReplayTheSpireMod:Fabricate Wheel","floor":68},{"not_picked":["Rebound","Leap","Beam Cell"],"picked":"SKIP","floor":68},{"not_picked":["Glacier","Crystallizer","Stack"],"picked":"SKIP","floor":68},{"not_picked":["Barrage","FTL","Doom and Gloom"],"picked":"SKIP","floor":68},{"not_picked":["Beam Cell","Doom and Gloom"],"picked":"Storm","floor":72},{"not_picked":["Hologram","Beam Cell","Fusion"],"picked":"SKIP","floor":72},{"not_picked":["Reinforced Body","Redo","Turbo"],"picked":"SKIP","floor":72},{"not_picked":["Sweeping Beam","Coolheaded","Rebound"],"picked":"SKIP","floor":72},{"not_picked":["Compile Driver","Reprogram"],"picked":"Tempest","floor":75},{"not_picked":["Rebound","Coolheaded","ReplayTheSpireMod:Repulse"],"picked":"SKIP","floor":75},{"not_picked":["Creative AI","Barrage","Hologram"],"picked":"SKIP","floor":75},{"not_picked":["Steam","Time Bomb","Coolheaded"],"picked":"SKIP","floor":75},{"not_picked":["ReplayTheSpireMod:Fabricate Wheel","All For One"],"picked":"Amplify","floor":78},{"not_picked":["Sweeping Beam+1","FIFO Queue"],"picked":"Defragment+1","floor":80},{"not_picked":["FIFO Queue+1","Static Discharge"],"picked":"Barrage","floor":80},{"not_picked":["Hologram","Go for the Eyes","Rebound+1"],"picked":"SKIP","floor":80},{"not_picked":["Go for the Eyes","Ball Lightning","Coolheaded"],"picked":"SKIP","floor":80},{"not_picked":["Storm+1","Compile Driver","Time Bomb"],"picked":"SKIP","floor":82},{"not_picked":["Storm","Rainbow","Conserve Battery"],"picked":"SKIP","floor":82},{"not_picked":["Steam","ReplaySolidLightProjector","Barrage+1"],"picked":"SKIP","floor":82},{"not_picked":["ReplaySolidLightProjector","Crystallizer+1","Turbo"],"picked":"SKIP","floor":82},{"not_picked":["Undo+1","Stack","Storm"],"picked":"SKIP","floor":82},{"not_picked":["ReplayTheSpireMod:GoodbyeWorld","Reinforced Body"],"picked":"Consume","floor":83},{"not_picked":["Beam Cell","Consume+1"],"picked":"Loop","floor":83},{"not_picked":["Skim","Leap","Streamline+1"],"picked":"SKIP","floor":83},{"not_picked":["Ball Lightning+1","White Noise","Fusion"],"picked":"SKIP","floor":83},{"not_picked":["Go for the Eyes","White Noise+1","Sunder+1"],"picked":"SKIP","floor":83},{"not_picked":["Skim","Leap","Streamline+1"],"picked":"SKIP","floor":83},{"not_picked":["Ball Lightning+1","White Noise","Fusion"],"picked":"SKIP","floor":83},{"not_picked":["Go for the Eyes","White Noise+1","Sunder+1"],"picked":"SKIP","floor":83},{"not_picked":["Rebound+1","Sweeping Beam+1","Conserve Battery+1"],"picked":"SKIP","floor":91},{"not_picked":["Ball Lightning","Turbo","Rebound+1"],"picked":"SKIP","floor":91},{"not_picked":["Ball Lightning","Go for the Eyes","Redo"],"picked":"SKIP","floor":91},{"not_picked":["Panic Button","Chaos","Go for the Eyes"],"picked":"SKIP","floor":91},{"not_picked":["ReplayTheSpireMod:GoodbyeWorld","Chaos","Coolheaded"],"picked":"SKIP","floor":91},{"not_picked":["Panic Button","Conserve Battery"],"picked":"Loop+1","floor":92},{"not_picked":["Hologram+1","ReplayRNGCard","Panic Button"],"picked":"SKIP","floor":92},{"not_picked":["Time Bomb","Conserve Battery+1","Sunder+1"],"picked":"SKIP","floor":92},{"not_picked":["Streamline","Conserve Battery","Redo+1"],"picked":"SKIP","floor":92},{"not_picked":["Chill","Stack","BasicCrystalCard"],"picked":"SKIP","floor":92},{"not_picked":["Heatsinks","Electrodynamics","Leap"],"picked":"SKIP","floor":94},{"not_picked":["Static Discharge","Sweeping Beam","Conserve Battery"],"picked":"SKIP","floor":94},{"not_picked":["ReplayTheSpireMod:Reroute Power+1","Compile Driver","Stack"],"picked":"SKIP","floor":94},{"not_picked":["Barrage","Thunder Strike","Double Energy"],"picked":"SKIP","floor":94},{"not_picked":["Ball Lightning+1","Sweeping Beam+1","Conserve Battery+1"],"picked":"SKIP","floor":94},{"not_picked":["Multi-Cast","Creative AI"],"picked":"Echo Form","floor":96},{"not_picked":["Leap","Gash+1"],"picked":"Defragment+1","floor":101},{"not_picked":["Barrage+1","Coolheaded"],"picked":"Genetic Algorithm+1","floor":101},{"not_picked":["Glacier","FIFO Queue+1","Turbo"],"picked":"SKIP","floor":101},{"not_picked":["Steam","Lockon+1","Cold Snap+1"],"picked":"SKIP","floor":101},{"not_picked":["Aggregate+1","Turbo","Doom and Gloom+1"],"picked":"SKIP","floor":101},{"not_picked":["Stack","Turbo","ReplayGash"],"picked":"SKIP","floor":103},{"not_picked":["BasicCrystalCard","ReplayTheSpireMod:Reroute Power+1","Hologram"],"picked":"SKIP","floor":103},{"not_picked":["ReplayTheSpireMod:System Scan","Compile Driver","Scrape+1"],"picked":"SKIP","floor":103},{"not_picked":["Leap+1","Coolheaded+1","Rip and Tear+1"],"picked":"SKIP","floor":103},{"not_picked":["Beam Cell","Redo+1","Barrage"],"picked":"SKIP","floor":103},{"not_picked":["Barrage+1","Rebound","Coolheaded"],"picked":"SKIP","floor":105},{"not_picked":["Panic Button","Darkness+1","ReplaySolidLightProjector"],"picked":"SKIP","floor":105},{"not_picked":["Time Bomb","Beam Cell+1","Turbo+1"],"picked":"SKIP","floor":105},{"not_picked":["Steam+1","Ball Lightning+1","Cold Snap+1"],"picked":"SKIP","floor":105},{"not_picked":["Turbo+1","Reinforced Body+1","Crystallizer+1"],"picked":"SKIP","floor":105},{"not_picked":["Tempest+1","Crystallizer","Steam"],"picked":"SKIP","floor":106},{"not_picked":["Reinforced Body+1","Defragment"],"picked":"Consume+1","floor":111},{"not_picked":["Gash","ReplayTheSpireMod:Fabricate Wheel","Ball Lightning+1"],"picked":"SKIP","floor":111},{"not_picked":["Gash","Go for the Eyes","Steam+1"],"picked":"SKIP","floor":111},{"not_picked":["Glacier+1","FTL+1","Leap+1"],"picked":"SKIP","floor":111},{"not_picked":["Darkness+1","Barrage","Compile Driver+1"],"picked":"SKIP","floor":111},{"not_picked":["Hologram+1","ReplayTheSpireMod:GoodbyeWorld+1","Rip and Tear+1"],"picked":"SKIP","floor":113},{"not_picked":["Echo Form","FTL","Turbo"],"picked":"SKIP","floor":113},{"not_picked":["Barrage+1","Cold Snap","BasicCrystalCard+1"],"picked":"SKIP","floor":113},{"not_picked":["Storm+1","Turbo","Panic Button"],"picked":"SKIP","floor":113},{"not_picked":["Steam+1","Conserve Battery","Barrage+1"],"picked":"SKIP","floor":113},{"not_picked":["Sunder+1","Panic Button","Melter"],"picked":"SKIP","floor":115},{"not_picked":["Leap+1","Panic Button+1","Coolheaded+1"],"picked":"SKIP","floor":115},{"not_picked":["Ball Lightning","Sweeping Beam","Streamline+1"],"picked":"SKIP","floor":115},{"not_picked":["Hologram+1","Sweeping Beam+1","Barrage+1"],"picked":"SKIP","floor":115},{"not_picked":["Beam Cell","ReplayTheSpireMod:GoodbyeWorld","Compile Driver+1"],"picked":"SKIP","floor":115},{"not_picked":["Reboot","Buffer"],"picked":"Biased Cognition","floor":117}],"player_experience":188107,"relics_obtained":[{"floor":8,"key":"Garlic"},{"floor":11,"key":"infinitespire:PuzzleCube"},{"floor":28,"key":"Blue Doll"},{"floor":31,"key":"Divine Protection"},{"floor":32,"key":"vexMod:PlasmaPancake"},{"floor":32,"key":"Mummified Hand"},{"floor":47,"key":"Torii"},{"floor":51,"key":"White Beast Statue"},{"floor":52,"key":"Geode"},{"floor":70,"key":"Replay:Antivirus Software"},{"floor":71,"key":"Vajra"},{"floor":88,"key":"Dream Catcher"},{"floor":88,"key":"Whetstone"},{"floor":89,"key":"Ancient Tea Set"},{"floor":89,"key":"Darkstone Periapt"},{"floor":106,"key":"Nunchaku"},{"floor":109,"key":"infinitespire:CheckeredPen"},{"floor":110,"key":"infinitespire:SolderingIron"},{"floor":114,"key":"infinitespire:Magic Flask"}],"event_choices":[{"damage_healed":0,"gold_gain":75,"player_choice":"Gather Gold","damage_taken":11,"max_hp_gain":0,"max_hp_loss":0,"event_name":"World of Goop","floor":4,"gold_loss":0},{"damage_healed":18,"gold_gain":0,"player_choice":"Healed and dodged fight","damage_taken":0,"max_hp_gain":0,"max_hp_loss":0,"event_name":"Mushrooms","floor":12,"gold_loss":0,"cards_obtained":["Parasite"]},{"damage_healed":0,"gold_gain":0,"player_choice":"Ignored","damage_taken":0,"max_hp_gain":0,"max_hp_loss":0,"event_name":"Transmorgrifier","floor":24,"gold_loss":0},{"damage_healed":0,"gold_gain":0,"player_choice":"Fight","damage_taken":0,"max_hp_gain":0,"max_hp_loss":0,"event_name":"Colosseum","floor":32,"gold_loss":0},{"damage_healed":0,"gold_gain":0,"player_choice":"Fought Nobs","damage_taken":0,"max_hp_gain":0,"max_hp_loss":0,"event_name":"Colosseum","floor":32,"gold_loss":0},{"damage_healed":0,"gold_gain":0,"player_choice":"Max HP","damage_taken":0,"max_hp_gain":0,"max_hp_loss":4,"event_name":"Winding Halls","floor":45,"gold_loss":0},{"damage_healed":0,"gold_gain":0,"player_choice":"Fight","damage_taken":0,"max_hp_gain":0,"max_hp_loss":0,"event_name":"MindBloom","floor":47,"gold_loss":0},{"damage_healed":0,"gold_gain":0,"player_choice":"Memory 1","damage_taken":0,"max_hp_gain":0,"max_hp_loss":0,"event_name":"SensoryStone","floor":57,"gold_loss":0},{"damage_healed":0,"gold_gain":0,"player_choice":"0 cards matched","damage_taken":0,"max_hp_gain":0,"max_hp_loss":0,"event_name":"Match and Keep!","floor":73,"gold_loss":0,"cards_obtained":[]},{"damage_healed":0,"gold_gain":0,"player_choice":"Success","damage_taken":3,"relics_obtained":["Matryoshka"],"max_hp_gain":0,"max_hp_loss":0,"event_name":"Scrap Ooze","floor":76,"gold_loss":0},{"damage_healed":0,"gold_gain":99,"player_choice":"Stole From Cult","damage_taken":0,"max_hp_gain":0,"max_hp_loss":0,"event_name":"Nest","floor":86,"gold_loss":0},{"damage_healed":0,"gold_gain":0,"player_choice":"Ignored","damage_taken":0,"max_hp_gain":0,"max_hp_loss":0,"event_name":"Beggar","floor":87,"gold_loss":0},{"damage_healed":0,"gold_gain":0,"player_choice":"Shed Blood","damage_taken":20,"max_hp_gain":5,"max_hp_loss":0,"event_name":"Forgotten Altar","floor":93,"gold_loss":0},{"damage_healed":0,"gold_gain":0,"player_choice":"Ignored","damage_taken":0,"max_hp_gain":0,"max_hp_loss":0,"event_name":"Tomb of Lord Red Mask","floor":102,"gold_loss":0},{"damage_healed":0,"gold_gain":0,"player_choice":"Bought 0 Potions","damage_taken":0,"max_hp_gain":0,"max_hp_loss":0,"event_name":"The Woman in Blue","floor":107,"gold_loss":0}],"is_beta":false,"boss_relics":[{"not_picked":["Cursed Key","Honey Jar"],"picked":"Inserter"},{"not_picked":["Philosopher\u0027s Stone","Replay:Grab Bag"],"picked":"Fusion Hammer"},{"not_picked":["vexMod:RockOfEvil","Painkiller Herb"],"picked":"Replay:Ancient Bell"},{"not_picked":["Tiny Chest","vexMod:BarristanHead"],"picked":"MealTicket"},{"not_picked":["Onion Ring","vexMod:ScavengeHelm"],"picked":"Pantograph"},{"not_picked":["FossilizedHelix","infinitespire:Magic Flask"],"picked":"Thread and Needle"},{"not_picked":["Kintsugi","Velvet Choker"],"picked":"vexMod:TanglingVine"},{"not_picked":["vexMod:BigBerry","Black Star"],"picked":"Nuclear Battery"},{"not_picked":["Runic Pyramid","vexMod:RockOfEvil"],"picked":"Philosopher\u0027s Stone"},{"not_picked":["Kintsugi","SlaversCollar"],"picked":"Tiny House"},{"not_picked":["vexMod:MysteryBossChallenge","Ring of Chaos"],"picked":"Replay:Drink Me"}],"items_purged_floors":[],"is_endless":true,"potions_floor_spawned":[8,20,22,26,30,35,38,41,46,50,54,55,60,62,65,66,68,72,75,78,80,82,83,91,92,94,96,99,101,103,105,106,111,113,114,114,115,117],"ascension_level":0}}