{"host":"w2kjv12xyhtt0cv2","time":1609305140,"event":{"mods":["Act Like it!","BaseMod","Colored Map","Friendly Minions","Gensokyo","Highlight Path","Hubris","Kiyohime（清姬）","Marisa（F雨　魔理沙）","Minty Spire (QoL Compilation)","Quick Restart","Reimu（博丽灵梦）","Relic Stats","Replay The Spire","RumiaBox-露米娅的神秘盒子","Shop Mod","Spicy Shops","StSLib","The Cursed","The Servant 0.9.4","UnlockEverythingMod","Waifu the Spire","[功能]功能增强和修复MOD","vexMod","【功能Mod】Neow奖励","【遗物卡牌】REMEMod","没有小屋子和绿帽子啦"],"gold_per_floor":[112,112,131,131,8,37,52,81,162,193,52,52,71,97,97,199,199,212,212,83,83,83,93,150,168,168,186,216,79,99,127,127,157,157],"floor_reached":33,"playtime":3259,"items_purged":["Defend_S"],"score":579,"play_id":"8673daab-7d28-46e0-932e-6b8c39ace3a4","local_time":"20201230131220","is_ascension_mode":true,"campfire_choices":[{"floor":15.0,"key":"RECALL"},{"data":"REME_BattleFury","floor":32,"key":"SMITH"}],"circlet_count":0,"master_deck":["Strike_S","Strike_S","Strike_S","Strike_S","Defend_S","KidneyShot","Exchange","REME_BattleFury+1","BottledTime","SilverMatrix","Contraction","InstantArmor","Duplication","BestPractice","FloweringNight","Potential+1","Night Terror","Luminosity+1","Spin+1","Moonlight"],"relics":["Uniform","REME_ComplimentaryCards","Gensokyo:YoukaiFlower","Gensokyo:PortableGap","Omamori","ReplayTheSpireMod:TigerMarble","StrikeDummy","PaperSwan","Replay:Rubber Ducky","Strange Spoon","hubris:MedicalManual","SoulBox","MagicDraw1","Medical Kit","Gensokyo:MosesMiracle","LastBattle","Strawberry","Pet Ghost","vexMod:TimeEaterHat","vexMod:PlasmaPancake"],"acts_visited":["Gensokyo:Gensokyo","Gensokyo:Gensokyoer"],"potions_floor_usage":[33],"damage_taken":[{"damage":2.0,"enemies":"Gensokyo:2_Kodama","floor":1.0,"turns":2.0},{"damage":2.0,"enemies":"Gensokyo:Gryphon","floor":3.0,"turns":3.0},{"damage":18.0,"enemies":"Gensokyo:Aya","floor":6.0,"turns":6.0},{"damage":0.0,"enemies":"Gensokyo:Python","floor":7.0,"turns":2.0},{"damage":0.0,"enemies":"Gensokyo:Cirno","floor":8.0,"turns":5.0},{"damage":0.0,"enemies":"Gensokyo:Mamizou","floor":10.0,"turns":5.0},{"damage":5.0,"enemies":"Gensokyo:Gryphon_and_Rabbit","floor":13.0,"turns":3.0},{"damage":0.0,"enemies":"Gensokyo:Aya","floor":14.0,"turns":3.0},{"damage":0.0,"enemies":"Gensokyo:Yukari","floor":16.0,"turns":3.0},{"damage":0.0,"enemies":"Gensokyo:Chomper","floor":18.0,"turns":3.0},{"damage":0.0,"enemies":"Gensokyo:CosmicMonolith","floor":23.0,"turns":3.0},{"damage":9.0,"enemies":"Gensokyo:Reisen","floor":24.0,"turns":5.0},{"damage":1.0,"enemies":"Gensokyo:Slime_Group","floor":25.0,"turns":3.0},{"damage":0.0,"enemies":"Gensokyo:Chomper_and_Gloop","floor":27.0,"turns":3.0},{"damage":0.0,"enemies":"Gensokyo:Koishi","floor":28.0,"turns":4.0},{"damage":5.0,"enemies":"Gensokyo:Swordslinger","floor":30.0,"turns":4.0},{"damage":5,"enemies":"Gensokyo:Tenshi","floor":31,"turns":4},{"damage":48,"enemies":"Gensokyo:Kaguya","floor":33,"turns":7}],"seed_played":"-2518193985273365582","potions_obtained":[{"floor":3.0,"key":"Elixir"},{"floor":7.0,"key":"BlessingOfTheForge"},{"floor":8.0,"key":"PowerPotion"},{"floor":10.0,"key":"PowerPotion"},{"floor":14.0,"key":"Dexterity Potion"},{"floor":16.0,"key":"BlessingOfTheForge"},{"floor":18.0,"key":"ColorlessPotion"},{"floor":23.0,"key":"REME_GoldPotion"},{"floor":24.0,"key":"Reflective Coating"},{"floor":31,"key":"REME_GoldPotion"}],"is_trial":false,"path_per_floor":["M","?","M","?","$","E","M","E","T","E","$","?","M","E","R","B",null,"M","?","$","?","?","M","E","M","T","M","E","$","M","E","R","B"],"character_chosen":"THE_SERVANT","items_purchased":["Omamori","Strange Spoon","Medical Kit","vexMod:TimeEaterHat"],"campfire_rested":0,"item_purchase_floors":[5,11,20,29],"current_hp_per_floor":[63,63,61,59,59,41,41,41,41,45,45,45,40,40,40,40,54,54,54,54,49,49,49,40,39,46,46,46,46,41,42,42,0,0],"gold":157,"neow_bonus":"TRANSFORM_CARD","is_daily":false,"chose_seed":false,"campfire_upgraded":1,"win_rate":0.0,"timestamp":1609305140,"path_taken":["M","?","?","?","$","E","M","E","T","E","?","?","M","E","R_BF","BOSS","M","?","$","?","?","M","E","M","T","?","E","?","?","E","R","BOSS"],"items_purchased_type":["Relic","Relic","Relic","Relic"],"build_version":"2020-12-22","purchased_purges":1,"victory":false,"max_hp_per_floor":[65,65,65,59,59,59,59,59,59,59,59,59,59,59,59,59,59,59,55,55,55,55,55,55,55,62,62,62,62,62,68,68,68,68],"relic_stats":{"Strange Spoon":[73],"counters":[18,68],"Medical Kit":[0],"obtain_stats":[{"vexMod:PlasmaPancake":31,"Gensokyo:MosesMiracle":25,"vexMod:TimeEaterHat":29,"hubris:MedicalManual":14,"SoulBox":17,"Uniform":0,"Omamori":5,"PaperSwan":9,"LastBattle":24,"Gensokyo:PortableGap":4,"Medical Kit":20,"Pet Ghost":28,"Replay:Rubber Ducky":10,"MagicDraw1":19,"Strange Spoon":11,"Frozen Eye":28,"Gensokyo:DayTheSeaSplit":22,"Strawberry":26,"Gensokyo:YoukaiFlower":2,"ReplayTheSpireMod:TigerMarble":6,"StrikeDummy":8,"REME_ComplimentaryCards":0},{"vexMod:PlasmaPancake":17,"Gensokyo:MosesMiracle":13,"vexMod:TimeEaterHat":15,"hubris:MedicalManual":8,"SoulBox":9,"Uniform":0,"Omamori":2,"PaperSwan":5,"LastBattle":12,"Gensokyo:PortableGap":2,"Medical Kit":10,"Pet Ghost":15,"Replay:Rubber Ducky":6,"MagicDraw1":10,"Strange Spoon":6,"Frozen Eye":14,"Gensokyo:DayTheSeaSplit":10,"Strawberry":13,"Gensokyo:YoukaiFlower":1,"ReplayTheSpireMod:TigerMarble":3,"StrikeDummy":5,"REME_ComplimentaryCards":0},{"vexMod:PlasmaPancake":61,"Gensokyo:MosesMiracle":46,"vexMod:TimeEaterHat":53,"hubris:MedicalManual":29,"SoulBox":32,"Uniform":0,"Omamori":5,"PaperSwan":18,"LastBattle":43,"Gensokyo:PortableGap":5,"Medical Kit":35,"Pet Ghost":53,"Replay:Rubber Ducky":23,"MagicDraw1":35,"Strange Spoon":23,"Frozen Eye":49,"Gensokyo:DayTheSeaSplit":35,"Strawberry":46,"Gensokyo:YoukaiFlower":2,"ReplayTheSpireMod:TigerMarble":11,"StrikeDummy":18,"REME_ComplimentaryCards":0}]},"card_choices":[{"not_picked":["Rearm","Unruled"],"picked":"BottledTime","floor":1.0},{"not_picked":["Manipulate","Rewind","TimeWarp"],"picked":"SKIP","floor":3.0},{"not_picked":["Revamp","FlawlessForm"],"picked":"SilverMatrix","floor":6.0},{"not_picked":["ShiftingGears","SpecialFormula"],"picked":"Contraction","floor":7.0},{"not_picked":["Contraction","Revamp"],"picked":"InstantArmor","floor":8.0},{"not_picked":["Ricochet","GearUp"],"picked":"Duplication","floor":10.0},{"not_picked":["SilverBlades","Ricochet","Rearm"],"picked":"SKIP","floor":13.0},{"not_picked":["DancingSilver","RealityMarble"],"picked":"BestPractice","floor":14.0},{"not_picked":["FlawlessForm","Dilation"],"picked":"FloweringNight","floor":16.0},{"not_picked":["FanOfKnives","Unruled"],"picked":"Potential+1","floor":18.0},{"not_picked":["Starlight","Unruled","DoubleEdge"],"picked":"SKIP","floor":23.0},{"not_picked":["ShiftingGears","FloweringNight"],"picked":"Luminosity+1","floor":24.0},{"not_picked":["Rearm","Potential"],"picked":"Spin+1","floor":25.0},{"not_picked":["Rewind","GearUp+1"],"picked":"Moonlight","floor":27.0},{"not_picked":["WasteNot+1","TimeWarp","Starlight"],"picked":"SKIP","floor":28.0},{"not_picked":["Spin","Potential","Rearm"],"picked":"SKIP","floor":30.0},{"not_picked":["TimeWarp+1","Revamp+1","Unruled"],"picked":"SKIP","floor":31}],"player_experience":59305,"relics_obtained":[{"floor":6.0,"key":"ReplayTheSpireMod:TigerMarble"},{"floor":8.0,"key":"StrikeDummy"},{"floor":9.0,"key":"PaperSwan"},{"floor":10.0,"key":"Replay:Rubber Ducky"},{"floor":14.0,"key":"hubris:MedicalManual"},{"floor":24.0,"key":"LastBattle"},{"floor":25.0,"key":"Gensokyo:MosesMiracle"},{"floor":26.0,"key":"Strawberry"},{"floor":28.0,"key":"Pet Ghost"},{"floor":31,"key":"vexMod:PlasmaPancake"}],"event_choices":[],"is_beta":false,"boss_relics":[{"not_picked":["Replay:Drink Me","Replay:Wanted Poster"],"picked":"SoulBox"}],"items_purged_floors":[5],"is_endless":false,"potions_floor_spawned":[3,7,8,10,14,16,18,23,24,28,31],"killed_by":"Gensokyo:Kaguya","ascension_level":5}}