{"host":"am0cr9xwekqmrere","time":1609355842,"event":{"mods":["AchievementEnabler","Act Like it!","BaseMod","Better Altar","Better Match","Better Note","Better Sensory Stone","Better Skull","Better Third Choice","BetterRewards","Conspire","Hubris","Infinite Spire","Minty Spire (QoL Compilation)","Rare Cards Sparkle","Spicy Shops","StSLib","The Marked","Unceasing Turn Reminder"],"gold_per_floor":[111,190,190,1,11,36,49,60,84,84,99,99,115,143,143,239,239,255,266,12,31,31,31,59,59,59],"floor_reached":25,"playtime":968,"items_purged":[],"score":408,"play_id":"96d3dcfc-7d20-48cc-91a8-c1382e0ce0b5","local_time":"20201230131722","is_ascension_mode":false,"campfire_choices":[{"floor":10,"key":"REST"},{"floor":15,"key":"REST"},{"data":"theMarked:MagicAdept","floor":23,"key":"SMITH"}],"circlet_count":0,"master_deck":["theMarked:Strike","theMarked:Strike","theMarked:Strike+1","theMarked:Strike+1","theMarked:Strike","theMarked:Defend+1","theMarked:Defend","theMarked:Defend","theMarked:Defend","theMarked:SoldierOfQuellstein","theMarked:BanishingWave","theMarked:ContemptForTheProud","theMarked:HeightenedSenses","theMarked:ElementalBlade","theMarked:ElectricStrings","theMarked:Frustration","theMarked:Abjuration","theMarked:Parry","theMarked:ComboAttacks","theMarked:WardOff","theMarked:TakeOffHeels+1","theMarked:EmpowerWeapon","theMarked:EnhancedHearing","theMarked:MagicAdept+1","theMarked:Aftermath","theMarked:HeritageOfTheMarked+1","theMarked:MysticalArsenal","theMarked:ParalyzingBlade","theMarked:ParalyzingBlade+1","theMarked:Defy"],"relics":["theMarked:ArtifactOfAir","theMarked:DemonDagger","Lee\u0027s Waffle","ClockworkSouvenir","Mango","Anchor","Oddly Smooth Stone","SlaversCollar","War Paint","Blood Vial"],"acts_visited":["Exordium","TheCity"],"potions_floor_usage":[11,16,16,19],"damage_taken":[{"damage":6.0,"enemies":"Jaw Worm","floor":1.0,"turns":3.0},{"damage":0,"enemies":"conspire:RoseBush","floor":5,"turns":3},{"damage":27,"enemies":"Lagavulin","floor":6,"turns":6},{"damage":0,"enemies":"Small Slimes","floor":7,"turns":3},{"damage":4,"enemies":"conspire:2 RoseBushes","floor":8,"turns":5},{"damage":0,"enemies":"Large Slime","floor":11,"turns":4},{"damage":0,"enemies":"Red Slaver","floor":13,"turns":3},{"damage":7,"enemies":"Gremlin Nob","floor":14,"turns":3},{"damage":0,"enemies":"Slime Boss","floor":16,"turns":4},{"damage":7,"enemies":"Shell Parasite","floor":18,"turns":7},{"damage":5,"enemies":"3 Byrds","floor":19,"turns":5},{"damage":31,"enemies":"3 Cultists","floor":21,"turns":6},{"damage":31,"enemies":"Gremlin Leader","floor":24,"turns":7},{"damage":24,"enemies":"Snake Plant","floor":25,"turns":4}],"seed_played":"-2509416205753486770","potions_obtained":[{"floor":6,"key":"ColorlessPotion"},{"floor":7,"key":"LiquidBronze"},{"floor":11,"key":"infinitespire:BlackPotion"}],"is_trial":false,"path_per_floor":["M","?","?","$","M","E","M","M","T","R","M","?","M","E","R","B",null,"M","M","$","M","?","R","E","M"],"character_chosen":"THE_DEFAULT","items_purchased":["theMarked:DemonDagger","Lee\u0027s Waffle","theMarked:BanishingWave","ClockworkSouvenir","theMarked:ContemptForTheProud","theMarked:HeightenedSenses","theMarked:ElementalBlade","theMarked:ElectricStrings","theMarked:Abjuration","theMarked:Parry","Dexterity Potion","theMarked:MysticalArsenal","War Paint"],"campfire_rested":2,"item_purchase_floors":[0,0,0,0,0,0,0,0,4,4,4,20,20],"current_hp_per_floor":[71,71,56,56,56,43,43,39,39,66,66,66,66,59,86,86,91,84,79,79,48,48,48,17,0,0],"gold":59,"neow_bonus":"","is_daily":false,"chose_seed":false,"campfire_upgraded":1,"win_rate":0.0,"timestamp":1609355842,"path_taken":["M","?","?","$","M","E","?","M","T","R","M","?","M","E","R","BOSS","M","?","$","M","?","R","E","M"],"items_purchased_type":["Relic","Relic","Card","Relic","Card","Card","Card","Card","Card","Card","Potion","Card","Relic"],"build_version":"2020-12-22","purchased_purges":0,"victory":false,"max_hp_per_floor":[77,77,77,77,77,91,91,91,91,91,91,91,91,91,91,91,91,91,91,91,91,91,91,91,91,91],"card_choices":[{"not_picked":["theMarked:WastefulDefense","theMarked:TwofoldDefense"],"picked":"theMarked:Frustration","floor":1.0},{"not_picked":["theMarked:RepellingDischarge","theMarked:Electrify"],"picked":"theMarked:ComboAttacks","floor":5},{"not_picked":["theMarked:ChainLightning","theMarked:ResourceFulStrike"],"picked":"theMarked:WardOff","floor":6},{"not_picked":["theMarked:KeepCalmAndFightOn","theMarked:ResourceFulStrike","theMarked:ContemptForTheProud"],"picked":"SKIP","floor":7},{"not_picked":["theMarked:Parry","theMarked:Parkour"],"picked":"theMarked:TakeOffHeels","floor":8},{"not_picked":["theMarked:ChainLightning","theMarked:BanishingStrike"],"picked":"theMarked:EmpowerWeapon","floor":11},{"not_picked":["theMarked:ChainLightning","theMarked:LightningStrikesTwice"],"picked":"theMarked:EnhancedHearing","floor":13},{"not_picked":["theMarked:KeepCalmAndFightOn","theMarked:ElectricStrings","theMarked:Panic"],"picked":"SKIP","floor":14},{"not_picked":["theMarked:ThrowWeapon","theMarked:TurnInvisible"],"picked":"theMarked:MagicAdept","floor":16},{"not_picked":["theMarked:WastefulAttack","theMarked:Frustration+1"],"picked":"theMarked:Aftermath","floor":18},{"not_picked":["theMarked:WastefulAttack+1","theMarked:DeterminationOfTheMarked+1"],"picked":"theMarked:HeritageOfTheMarked+1","floor":19},{"not_picked":["theMarked:WardOff","theMarked:Static"],"picked":"theMarked:ParalyzingBlade","floor":21},{"not_picked":["theMarked:ElectricStrings+1","theMarked:Overthink"],"picked":"theMarked:Defy","floor":24}],"player_experience":2542827,"relics_obtained":[{"floor":6,"key":"Mango"},{"floor":9,"key":"Anchor"},{"floor":14,"key":"Oddly Smooth Stone"},{"floor":24,"key":"Blood Vial"}],"event_choices":[{"damage_healed":0.0,"max_hp_gain":0.0,"max_hp_loss":0.0,"gold_gain":79.0,"event_name":"Golden Wing","player_choice":"Gained Gold","floor":2.0,"gold_loss":0.0,"damage_taken":0.0},{"damage_healed":71,"gold_gain":0,"player_choice":"Upgrade","damage_taken":15,"max_hp_gain":0,"max_hp_loss":77,"event_name":"betterThird:BetterShining","floor":3,"gold_loss":0,"cards_upgraded":["theMarked:Strike","theMarked:Strike"]},{"damage_healed":0,"gold_gain":0,"player_choice":"Bought 0 Potions","damage_taken":0,"max_hp_gain":0,"max_hp_loss":0,"event_name":"The Woman in Blue","floor":12,"gold_loss":0},{"cards_removed":["theMarked:Abjuration"],"damage_healed":0,"gold_gain":0,"player_choice":"Take \u0026 Give","damage_taken":0,"max_hp_gain":0,"max_hp_loss":0,"event_name":"betterNote:BetterNote","floor":22,"gold_loss":0,"cards_obtained":["theMarked:ParalyzingBlade"]}],"is_beta":false,"boss_relics":[{"not_picked":["conspire:SeveredTorchhead","Busted Crown"],"picked":"SlaversCollar"}],"items_purged_floors":[],"is_endless":false,"potions_floor_spawned":[6,7,8,11,14],"killed_by":"Snake Plant","ascension_level":0}}