{"host":"kw4o7b3ro2ktmmbe","time":1609370775,"event":{"mods":["BaseMod","Evolution","Minty Spire (QoL Compilation)","Shade Mod","StSLib"],"gold_per_floor":[111,126,126,137,137,137,154,172,199,199,199,46,46,61,61,173,173,202,211,224,266,116,116,157,157,181,181,181,206,275,290,290,395,395,408,427,649,667,694,694,734,755,764,471,471,480,504,525,525,525,525],"floor_reached":50,"playtime":2830,"items_purged":[],"score":655,"play_id":"f6b36c58-6484-4ff9-b443-eb84cb6a1691","local_time":"20201231122615","is_ascension_mode":true,"campfire_choices":[{"data":"Shade:PotionOfRestlessness","floor":6.0,"key":"SMITH"},{"data":"Shade:AnimateDead","floor":13.0,"key":"SMITH"},{"data":"Shade:Bonestorm","floor":15.0,"key":"SMITH"},{"data":"Shade:AuraOfUnlife","floor":23.0,"key":"SMITH"},{"data":"Shade:OpenGraves","floor":25.0,"key":"SMITH"},{"data":"Shade:Bonestorm","floor":27.0,"key":"SMITH"},{"floor":32.0,"key":"REST"},{"floor":40,"key":"REST"},{"floor":49,"key":"REST"}],"circlet_count":0,"master_deck":["Shade:Bonestorm+1","Shade:Bonestorm+1","Shade:Bonestorm","Shade:Bonestorm","Shade:GraveStillness","Shade:GraveStillness","Shade:AnimateDead+1","Shade:CarefulCut","Panache","Shade:PotionOfRestlessness+1","Shade:PoundOfFlesh","Shade:FuneraryJewels","Shade:DarkOfNight","Shade:AuraOfUnlife+1","Writhe","Shade:OpenGraves+1","Shade:PotionOfRestlessness+1","Shade:FleshOffering+1","Madness","Madness","Shade:FuneraryArmor+1","Shade:SkeletonArmy+1","Shade:ScuttlingHand+1","Decay","Shade:OpenGraves+1","Pain","Shade:FuneraryArmor+1","Shade:Premonition+1"],"relics":["Shade:YorickSkull","EVO:Axolotl","CeramicFish","Tiny Chest","Empty Cage","Smiling Mask","Red Mask","Orichalcum","Happy Flower","Blood Vial","MutagenicStrength","Sundial","Blue Candle","Cursed Key","Pear","HornCleat","Pen Nib","DollysMirror","Gremlin Horn"],"acts_visited":["TheCity","TheBeyond"],"potions_floor_usage":[33,33,39,41,50,50],"damage_taken":[{"damage":0.0,"enemies":"Small Slimes","floor":1.0,"turns":2.0},{"damage":0.0,"enemies":"Cultist","floor":2.0,"turns":2.0},{"damage":0.0,"enemies":"2 Louse","floor":4.0,"turns":1.0},{"damage":0.0,"enemies":"Large Slime","floor":7.0,"turns":2.0},{"damage":0.0,"enemies":"2 Fungi Beasts","floor":8.0,"turns":1.0},{"damage":0.0,"enemies":"3 Louse","floor":14.0,"turns":2.0},{"damage":0.0,"enemies":"Hexaghost","floor":16.0,"turns":7.0},{"damage":2.0,"enemies":"Chosen","floor":18.0,"turns":3.0},{"damage":9.0,"enemies":"2 Thieves","floor":20.0,"turns":2.0},{"damage":0.0,"enemies":"Masked Bandits","floor":21.0,"turns":2.0},{"damage":23.0,"enemies":"Gremlin Leader","floor":24.0,"turns":4.0},{"damage":12.0,"enemies":"Book of Stabbing","floor":29.0,"turns":4.0},{"damage":1.0,"enemies":"Chosen and Byrds","floor":31.0,"turns":3.0},{"damage":8,"enemies":"Collector","floor":33,"turns":5},{"damage":0,"enemies":"3 Shapes","floor":35,"turns":3},{"damage":32,"enemies":"3 Darklings","floor":36,"turns":3},{"damage":14,"enemies":"Jaw Worm Horde","floor":39,"turns":3},{"damage":33,"enemies":"Nemesis","floor":41,"turns":7},{"damage":1,"enemies":"Maw","floor":42,"turns":6},{"damage":4,"enemies":"Transient","floor":47,"turns":5},{"damage":2,"enemies":"3 Darklings","floor":48,"turns":3},{"damage":50,"enemies":"Time Eater","floor":50,"turns":3}],"seed_played":"4281648923108170813","potions_obtained":[{"floor":2.0,"key":"Weak Potion"},{"floor":7.0,"key":"SteroidPotion"},{"floor":8.0,"key":"EssenceOfSteel"},{"floor":14.0,"key":"Explosive Potion"},{"floor":20.0,"key":"GamblersBrew"},{"floor":21.0,"key":"Ancient Potion"},{"floor":29.0,"key":"Ancient Potion"},{"floor":31.0,"key":"AttackPotion"},{"floor":35,"key":"PowerPotion"},{"floor":41,"key":"LiquidBronze"},{"floor":48,"key":"PowerPotion"}],"is_trial":false,"path_per_floor":["M","M","$","M","?","R","M","M","T","$","?","$","R","M","R","B",null,"M","?","M","?","$","R","E","R","T","R","?","E","T","M","R","B",null,"M","M","?","?","M","R","E","M","T","$","?","T","M","M","R","B"],"character_chosen":"SHADE","items_purchased":["Tiny Chest","Orichalcum","Pen Nib","DollysMirror"],"campfire_rested":3,"item_purchase_floors":[12,22,44,44],"current_hp_per_floor":[47,47,47,47,47,47,47,47,47,47,47,47,47,47,47,47,65,63,63,54,54,54,54,31,31,31,31,31,21,21,22,41,35,65,65,33,33,25,13,32,11,12,12,12,12,12,10,10,32,0,0],"gold":525,"neow_bonus":"RANDOM_COLORLESS_2","is_daily":false,"chose_seed":false,"campfire_upgraded":6,"win_rate":0.0,"timestamp":1609370775,"path_taken":["M","M","$","M","?","R","M","?","T","?","?","$","R","M","R","BOSS","M","?","M","?","$","R","E","R","T","R","?","E","?","M","R","BOSS","M","M","?","?","M","R","E","M","T","$","?","?","?","M","R","BOSS"],"items_purchased_type":["Relic","Relic","Relic","Relic"],"build_version":"2020-12-22","purchased_purges":0,"victory":false,"max_hp_per_floor":[65,65,65,65,65,65,65,65,65,65,65,65,65,65,65,65,65,65,65,65,65,65,65,65,65,65,65,65,65,65,65,65,65,65,65,65,65,65,65,65,75,75,75,75,75,75,75,75,75,75,75],"card_choices":[{"not_picked":["The Bomb","Apotheosis"],"picked":"Panache","floor":0.0},{"not_picked":["Shade:SoulToxin","Shade:ExtraLimbs"],"picked":"Shade:PotionOfRestlessness","floor":1.0},{"not_picked":["Shade:FeralStrike","Shade:FleshToFlesh","Shade:FleshOffering"],"picked":"SKIP","floor":2.0},{"not_picked":["Shade:SpontaneousRitual","Shade:Frenzy"],"picked":"Shade:PoundOfFlesh","floor":4.0},{"not_picked":["Shade:FeralStrike","Shade:SanguineRitual"],"picked":"Shade:FuneraryJewels","floor":7.0},{"not_picked":["Shade:ClawBack","Shade:GreyBargain","Shade:SpontaneousRitual"],"picked":"SKIP","floor":8.0},{"not_picked":["Shade:FeralStrike","Shade:Bonestorm","Shade:Trample"],"picked":"SKIP","floor":14.0},{"not_picked":["Shade:GreaterAnimation","Shade:Consume"],"picked":"Shade:DarkOfNight","floor":16.0},{"not_picked":["Shade:Patience+1","Shade:PressTheAttack"],"picked":"Shade:AuraOfUnlife","floor":18.0},{"not_picked":["Shade:GraveStillness","Shade:CoffinDance+1","Shade:Bonestorm"],"picked":"SKIP","floor":20.0},{"not_picked":["Shade:CommandSoldier","Shade:WallOfFlesh+1"],"picked":"Shade:OpenGraves","floor":21.0},{"not_picked":["Shade:Carnophage","Shade:AncientSpear"],"picked":"Shade:PotionOfRestlessness+1","floor":24.0},{"not_picked":["Shade:RavenousHorde+1","Shade:Asphyxiate","Shade:TouchOfTheGrave"],"picked":"SKIP","floor":29.0},{"not_picked":["Shade:FreshBones","Shade:Premonition","Shade:SpontaneousRitual"],"picked":"SKIP","floor":31.0},{"not_picked":["Shade:Brains","Shade:WallOfFlesh+1","Shade:Bonestorm"],"picked":"SKIP","floor":35},{"not_picked":["Shade:FuneraryArmor+1","Shade:Brains+1"],"picked":"Shade:FleshOffering+1","floor":36},{"not_picked":["Shade:CallWraith","Shade:ExtraLimbs+1"],"picked":"Shade:FuneraryArmor+1","floor":39},{"not_picked":["Shade:PoundOfFlesh+1","Shade:LyeBath+1"],"picked":"Shade:SkeletonArmy+1","floor":41},{"not_picked":["Shade:FuneraryJewels","Shade:SanguineRitual"],"picked":"Shade:ScuttlingHand+1","floor":42},{"not_picked":["Shade:Brains","Shade:CallWraith+1"],"picked":"Shade:FuneraryArmor+1","floor":47},{"not_picked":["Shade:LyeBath","Shade:OneIsEnough"],"picked":"Shade:Premonition+1","floor":48}],"player_experience":1815862,"relics_obtained":[{"floor":9.0,"key":"CeramicFish"},{"floor":21.0,"key":"Red Mask"},{"floor":24.0,"key":"Happy Flower"},{"floor":26.0,"key":"Blood Vial"},{"floor":29.0,"key":"Sundial"},{"floor":30.0,"key":"Blue Candle"},{"floor":41,"key":"Pear"},{"floor":43,"key":"HornCleat"},{"floor":46,"key":"Gremlin Horn"}],"event_choices":[{"damage_healed":0.0,"max_hp_gain":0.0,"max_hp_loss":0.0,"gold_gain":0.0,"event_name":"The Woman in Blue","player_choice":"Bought 0 Potions","floor":5.0,"gold_loss":0.0,"damage_taken":0.0},{"damage_healed":0.0,"max_hp_gain":0.0,"max_hp_loss":0.0,"gold_gain":0.0,"event_name":"The Cleric","player_choice":"Leave","floor":11.0,"gold_loss":0.0,"damage_taken":0.0},{"damage_healed":0.0,"max_hp_gain":0.0,"max_hp_loss":0.0,"gold_gain":0.0,"event_name":"The Mausoleum","player_choice":"Opened","floor":19.0,"gold_loss":0.0,"damage_taken":0.0,"relics_obtained":["Smiling Mask"],"cards_obtained":["Writhe"]},{"damage_healed":0.0,"max_hp_gain":0.0,"max_hp_loss":0.0,"gold_gain":0.0,"event_name":"Masked Bandits","player_choice":"Fought Bandits","floor":21.0,"gold_loss":0.0,"damage_taken":0.0},{"damage_healed":0.0,"max_hp_gain":0.0,"max_hp_loss":0.0,"gold_gain":0.0,"event_name":"Drug Dealer","player_choice":"Inject Mutagens","floor":28.0,"gold_loss":0.0,"damage_taken":0.0,"relics_obtained":["MutagenicStrength"]},{"damage_healed":0,"gold_gain":222,"player_choice":"Wore Mask","damage_taken":0,"max_hp_gain":0,"max_hp_loss":0,"event_name":"Tomb of Lord Red Mask","floor":37,"gold_loss":0},{"damage_healed":0,"gold_gain":0,"player_choice":"Embrace Madness","damage_taken":8,"max_hp_gain":0,"max_hp_loss":0,"event_name":"Winding Halls","floor":38,"gold_loss":0,"cards_obtained":["Madness","Madness"]},{"damage_healed":0,"gold_gain":0,"player_choice":"Ignored","damage_taken":0,"max_hp_gain":0,"max_hp_loss":0,"event_name":"The Moai Head","floor":45,"gold_loss":0}],"is_beta":false,"boss_relics":[{"not_picked":["Tiny House","Velvet Choker"],"picked":"Empty Cage"},{"not_picked":["Black Star","Snecko Eye"],"picked":"Cursed Key"}],"items_purged_floors":[],"is_endless":false,"potions_floor_spawned":[2,7,8,14,20,21,29,31,35,41,48],"killed_by":"Time Eater","ascension_level":2}}