{"host":"5fasz840ryq7obdf","time":1609364754,"event":{"mods":["AchievementEnabler","BaseMod","Bestiary","Better Altar","Better Skull","Better Third Choice","BetterRewards","Block Reminder","Colored Powertips","Curses Come First","Downfall","Highlight Path","Minty Spire (QoL Compilation)","Quick Restart","Relic Sorter","Relic Stats","Shop Mod","Spicy Shops","StSLib","SuperFastMode"],"gold_per_floor":[117,131,147,166,181,212,212,237,237,237,251,283,248,19,19,96,96,107,157,13,24,24,24,82,92,92,127,31,50,250,260,260,336,336,350,368,393,393,61,91,118,149,203,203,238,255,286,97,97,97,97,97,97,0,29,29],"floor_reached":57,"playtime":3983,"items_purged":["Strike_G","Strike_G","Strike_G","Backstab"],"score":4116,"play_id":"d0d7ee4e-994d-4a90-b94e-856b179752bf","local_time":"20201230214554","is_ascension_mode":true,"campfire_choices":[{"floor":10,"key":"REST"},{"data":"Apotheosis","floor":15,"key":"SMITH"},{"data":"1","floor":23,"key":"LIFT"},{"data":"Burst","floor":32,"key":"SMITH"},{"data":"2","floor":44,"key":"LIFT"},{"floor":49,"key":"RECALL"},{"data":"3","floor":53,"key":"LIFT"}],"circlet_count":0,"master_deck":["AscendersBane","Strike_G+1","Defend_G","Defend_G","Defend_G","Defend_G","Defend_G","Survivor","Neutralize","Footwork+1","Terror","Cloak And Dagger","expansioncontent:Collect+1","Well Laid Plans+1","Infinite Blades+1","Trip","Burst+1","Deflect","Outmaneuver","Escape Plan","Blur","Apotheosis+1","Blade Dance","Footwork+1","Backflip","Footwork+1","Slice","Outmaneuver","Infinite Blades+1","Storm of Steel","Well Laid Plans+1","Noxious Fumes+1","Calculated Gamble","Die Die Die","Accuracy+1","PiercingWail+1","Outmaneuver+1","Blur","Tactician+1","Acrobatics","Adrenaline","Backflip+1","Dodge and Roll+1","Escape Plan","Footwork+1","Skewer","Cloak And Dagger+1","Acrobatics","Adrenaline+1","Master of Strategy+1","expansioncontent:CaCaw+1","Dodge and Roll+1","Dodge and Roll+1"],"relics":["Ring of the Snake","Frozen Egg 2","Shuriken","Anchor","HornCleat","Membership Card","Girya","Sling","Nunchaku","Bag of Marbles","Orrery","Pen Nib","PreservedInsect","Art of War","Vajra","Whetstone","Omamori","Eternal Feather","Ice Cream","Toolbox","Sozu","ClockworkSouvenir","Ancient Tea Set","The Courier","Singing Bowl","Oddly Smooth Stone","Black Star","WingedGreaves","Bronze Scales","Bag of Preparation","Bottled Lightning","Lantern","HandDrill","Mummified Hand","Bottled Tornado","Question Card","Mercury Hourglass","Smiling Mask","Sundial","War Paint","Gremlin Horn","Unceasing Top","Toxic Egg 2","TwistedFunnel","StrikeDummy","Paper Crane"],"acts_visited":["Exordium","TheCity","TheBeyond","TheEnding"],"potions_floor_usage":[56,56],"damage_taken":[{"damage":0,"enemies":"Cultist","floor":1,"turns":4},{"damage":0,"enemies":"Jaw Worm","floor":2,"turns":2},{"damage":0,"enemies":"2 Louse","floor":3,"turns":5},{"damage":0,"enemies":"Looter","floor":4,"turns":2},{"damage":1,"enemies":"Exordium Thugs","floor":5,"turns":5},{"damage":0,"enemies":"Gremlin Nob","floor":6,"turns":3},{"damage":0,"enemies":"3 Sentries","floor":8,"turns":4},{"damage":3,"enemies":"3 Louse","floor":11,"turns":2},{"damage":0,"enemies":"Lagavulin","floor":12,"turns":3},{"damage":0,"enemies":"Slime Boss","floor":16,"turns":5},{"damage":0,"enemies":"3 Byrds","floor":18,"turns":2},{"damage":0,"enemies":"Shell Parasite","floor":21,"turns":4},{"damage":7,"enemies":"Book of Stabbing","floor":24,"turns":3},{"damage":0,"enemies":"Centurion and Healer","floor":25,"turns":3},{"damage":0,"enemies":"Gremlin Leader","floor":27,"turns":1},{"damage":0,"enemies":"Chosen and Byrds","floor":29,"turns":4},{"damage":0,"enemies":"Cultist and Chosen","floor":31,"turns":5},{"damage":4,"enemies":"Automaton","floor":33,"turns":7},{"damage":1,"enemies":"3 Shapes","floor":35,"turns":5},{"damage":0,"enemies":"Orb Walker","floor":36,"turns":3},{"damage":0,"enemies":"Mind Bloom Boss Battle","floor":37,"turns":5},{"damage":0,"enemies":"Reptomancer","floor":40,"turns":2},{"damage":0,"enemies":"Giant Head","floor":41,"turns":4},{"damage":0,"enemies":"Nemesis","floor":42,"turns":5},{"damage":0,"enemies":"Reptomancer","floor":45,"turns":3},{"damage":0,"enemies":"Writhing Mass","floor":46,"turns":2},{"damage":0,"enemies":"Giant Head","floor":47,"turns":9},{"damage":8,"enemies":"Time Eater","floor":50,"turns":6},{"damage":4,"enemies":"Donu and Deca","floor":51,"turns":5},{"damage":18,"enemies":"Shield and Spear","floor":55,"turns":5},{"damage":23,"enemies":"The Heart","floor":56,"turns":6}],"seed_played":"3628771424970531917","potions_obtained":[{"floor":2,"key":"AttackPotion"},{"floor":4,"key":"Slimebound:ThreeZeroPotion"}],"is_trial":false,"path_per_floor":["M","M","M","M","M","E","?","E","T","R","M","E","?","$","R","B",null,"M","?","$","M","$","R","E","M","T","E","$","M","?","M","R","B",null,"M","M","?","?","$","E","E","E","T","R","E","M","E","$","R","B","B",null,"R","$","E","B",null],"character_chosen":"THE_SILENT","items_purchased":["Frozen Egg 2","Shuriken","Footwork+1","Terror","Cloak And Dagger","expansioncontent:Collect+1","Anchor","HornCleat","Membership Card","Well Laid Plans+1","Infinite Blades+1","Girya","Sling","Trip","Nunchaku","Bag of Marbles","Orrery","Pen Nib","Blur","PreservedInsect","Apotheosis","Blade Dance","Ice Cream","Toolbox","Noxious Fumes+1","Calculated Gamble","ClockworkSouvenir","Oddly Smooth Stone","Blur","Bronze Scales","Bag of Preparation","Bottled Lightning","Lantern","HandDrill","Master of Strategy+1","expansioncontent:CaCaw+1","TwistedFunnel","Dodge and Roll+1","Dodge and Roll+1"],"campfire_rested":1,"item_purchase_floors":[0,0,0,0,0,0,0,0,0,0,0,0,0,0,0,0,0,0,0,0,0,0,14,14,14,14,20,28,28,39,39,39,39,39,48,48,48,54,54],"current_hp_per_floor":[18,18,18,18,17,17,12,12,12,31,28,28,44,44,65,65,66,66,66,66,66,66,66,59,59,59,61,61,61,61,61,68,64,67,66,66,66,66,66,66,68,68,68,70,70,70,70,70,70,62,58,67,70,70,54,31],"gold":29,"neow_bonus":"","is_daily":false,"chose_seed":false,"campfire_upgraded":2,"win_rate":0.0,"timestamp":1609364754,"path_taken":["M","M","M","?","M","E","?","E","T","R","M","E","?","$","R","BOSS","M","?","$","M","?","R","E","M","T","E","$","M","?","M","R","BOSS","M","M","?","?","$","E","E","E","T","R","E","M","E","$","R","BOSS","BOSS","R","$","E","BOSS"],"items_purchased_type":["Relic","Relic","Card","Card","Card","Card","Relic","Relic","Relic","Card","Card","Relic","Relic","Card","Relic","Relic","Relic","Relic","Card","Relic","Card","Card","Relic","Relic","Card","Card","Relic","Relic","Card","Relic","Relic","Relic","Relic","Relic","Card","Card","Relic","Card","Card"],"build_version":"2020-12-22","purchased_purges":4,"victory":true,"max_hp_per_floor":[66,66,66,66,66,66,66,66,66,66,66,66,66,66,66,66,66,66,66,66,66,66,66,66,66,66,68,68,68,68,68,68,68,68,68,68,68,68,68,68,70,70,70,70,70,70,70,70,70,70,70,70,70,70,72,72],"relic_stats":{"Singing Bowl":6,"Gremlin Horn":[28,28],"counters":[532,1945],"Eternal Feather":33,"Pen Nib":[30],"PreservedInsect":1554,"Bag of Preparation":[20],"Whetstone":["Die Die Die","Neutralize","Strike_G","Strike_G"],"War Paint":["PiercingWail","Backflip"],"Question Card":5,"Smiling Mask":10,"Mercury Hourglass":[133],"Sozu":10,"Nunchaku":[31],"Shuriken":[55],"Mummified Hand":[84],"Sundial":[2],"Bronze Scales":[172],"Art of War":[11],"Black Star":6,"HandDrill":[18],"obtain_stats":[{"TwistedFunnel":19,"Golden Egg":40,"Replay:Accelerometer":10,"Vampiric Spirits":4,"Spirit Poop":5,"Whetstone":40,"Ginger":0,"Bottled Tornado":0,"Sling":0,"Boot":3,"Old Coin":39,"Blood Vial":48,"Replay:Wanted Poster":36,"Replay:Ringing Soul":40,"Sundial":11,"MealTicket":0,"HandDrill":2,"Replay:Bottled Flurry":53,"Kunai":26,"Replay:Wax Seal":0,"Replay:Bottled Steam":12,"Pear":27,"Blue Candle":41,"Counterbalance":39,"Tingsha":0,"Eternal Feather":26,"Pen Nib":36,"Paper Crane":36,"Akabeko":2,"SlaversCollar":17,"Bird Faced Urn":6,"ReplayTheSpireMod:Ring of Collecting":47,"Pandora\u0027s Box":17,"Kintsugi":34,"StrikeDummy":29,"Unceasing Top":0,"Ring of the Serpent":17,"Lantern":23,"Regal Pillow":28,"Singing Bowl":36,"Torii":25,"Blue Doll":0,"Painkiller Herb":17,"Bag of Preparation":6,"Replay:Multitool":11,"Smiling Mask":20,"Cursed Key":34,"Ancient Tea Set":4,"Pet Ghost":23,"Replay:Rubber Ducky":21,"Matryoshka":8,"Ring of Fangs":25,"Shovel":45,"Ninja Scroll":10,"Ring of Peace":22,"Toolbox":54,"WingedGreaves":37,"Chemical X":0,"Replay:Bottled Eggs":12,"InkBottle":21,"Ring of the Snake":0,"Potion Belt":9,"Lee\u0027s Waffle":0,"The Specimen":17,"Golden Idol":2,"Basket Of Snakes":5,"PreservedInsect":9,"The Courier":28,"Omamori":0,"Ring of Greed":47,"Frozen Egg 2":17,"MawBank":14,"Replay:Arrowhead":0,"Busted Crown":17,"Ornamental Fan":54,"Bloody Idol":19,"Ring of Misfortune":39,"Orrery":0,"Turnip":0,"Art of War":40,"Durian":42,"Garlic":23,"Bottled Lightning":26,"ReplayTheSpireMod:Lightbulb":42,"Toy Ornithopter":9,"Ice Cream":0,"Divine Protection":6,"Tiny House":17,"Calipers":43,"Gremlin Horn":0,"CeramicFish":44,"Vajra":0,"HoveringKite":34,"Sozu":34,"Centennial Puzzle":22,"Lizard Tail":38,"HornCleat":42,"DollysMirror":25,"Strawberry":46,"Prayer Wheel":17,"Philosopher\u0027s Stone":34,"Iron Hammer":6,"Toxic Egg 2":7,"Byrd Skull":13,"Girya":44,"Happy Flower":0,"Ring of Hypnosis":38,"ReplayTheSpireMod:CursedCoin":48,"Astrolabe":17,"Replay:Grab Bag":17,"Oddly Smooth Stone":11,"Letter Opener":40,"Replay:Kaleidoscope":28,"War Paint":0,"Question Card":17,"Du-Vu Doll":13,"OrangePellets":4,"Bottled Flame":32,"Replay:Baseball":40,"ReplayTheSpireMod:Shallot":9,"Shuriken":25,"Bronze Scales":26,"Onion Ring":0,"Molten Egg 2":9,"Simple Rune":28,"ReplayTheSpireMod:TigerMarble":44,"Nloth\u0027s Gift":22,"Black Star":34,"Grinning Jar":15,"Mirror":40,"ReplayTheSpireMod:DimensionalGlitch":34,"Pocketwatch":14,"Meat on the Bone":0,"Darkstone Periapt":9,"ReplayFunnel":15,"ReplayTheSpireMod:Ring of Exchange":25,"Replay:PocketPolymizer":55,"Snake Skull":0,"Juzu Bracelet":30,"Incense Burner":0,"Sizzling Blood":12,"Replay:Mystery Machine":55,"Empty Cage":34,"ClockworkSouvenir":54,"Frozen Eye":10,"Nunchaku":43,"Dream Catcher":26,"Replay:Bandana":14,"Tough Bandages":14,"Chameleon Ring":36,"Mummified Hand":31,"Pantograph":55,"Tiny Chest":6,"Red Mask":36,"Replay:Bottled Snecko":10,"Runic Pyramid":17,"Gremlin Food":26,"BargainBundle":0,"ReplayTheSpireMod:Ninjato":0,"Replay:Towering Pillar of Hats":0,"Guide Book":0,"Quantum Egg":17,"Orichalcum":55,"Medical Kit":46,"White Beast Statue":19,"Mercury Hourglass":8,"Calling Bell":17,"Strange Spoon":0,"Anchor":55,"Pondfish Scales":42,"CaptainsWheel":54,"Ring of Fury":22,"ChewingGum":17,"Bag of Marbles":49,"Snack Pack":0,"Coffee Dripper":17,"Membership Card":8,"TungstenRod":0},{"TwistedFunnel":77,"Golden Egg":144,"Replay:Accelerometer":270,"Vampiric Spirits":153,"Spirit Poop":68,"Whetstone":88,"Ginger":127,"Bottled Tornado":42,"Sling":29,"Boot":43,"Old Coin":317,"Blood Vial":27,"Replay:Wanted Poster":141,"Replay:Ringing Soul":201,"Sundial":37,"MealTicket":32,"HandDrill":97,"Replay:Bottled Flurry":354,"Kunai":16,"Replay:Wax Seal":150,"Replay:Bottled Steam":217,"Pear":83,"Blue Candle":88,"Counterbalance":172,"Tingsha":29,"Eternal Feather":251,"Pen Nib":21,"Paper Crane":21,"Akabeko":33,"SlaversCollar":247,"Bird Faced Urn":184,"ReplayTheSpireMod:Ring of Collecting":205,"Pandora\u0027s Box":332,"Kintsugi":169,"StrikeDummy":401,"Unceasing Top":29,"Ring of the Serpent":40,"Lantern":14,"Regal Pillow":17,"Singing Bowl":86,"Torii":110,"Blue Doll":127,"Painkiller Herb":332,"Bag of Preparation":4,"Replay:Multitool":302,"Smiling Mask":51,"Cursed Key":85,"Ancient Tea Set":445,"Pet Ghost":138,"Replay:Rubber Ducky":136,"Matryoshka":46,"Ring of Fangs":224,"Shovel":349,"Ninja Scroll":131,"Ring of Peace":248,"Toolbox":354,"WingedGreaves":522,"Chemical X":296,"Replay:Bottled Eggs":132,"InkBottle":51,"Ring of the Snake":0,"Potion Belt":46,"Lee\u0027s Waffle":96,"The Specimen":105,"Golden Idol":1,"Basket Of Snakes":153,"PreservedInsect":70,"The Courier":83,"Omamori":96,"Ring of Greed":205,"Frozen Egg 2":105,"MawBank":39,"Replay:Arrowhead":150,"Busted Crown":187,"Ornamental Fan":125,"Bloody Idol":248,"Ring of Misfortune":346,"Orrery":29,"Turnip":296,"Art of War":61,"Durian":174,"Garlic":224,"Bottled Lightning":82,"ReplayTheSpireMod:Lightbulb":409,"Toy Ornithopter":5,"Ice Cream":96,"Divine Protection":360,"Tiny House":9,"Calipers":89,"Gremlin Horn":0,"CeramicFish":25,"Vajra":0,"HoveringKite":20,"Sozu":313,"Centennial Puzzle":79,"Lizard Tail":117,"HornCleat":495,"DollysMirror":110,"Strawberry":146,"Prayer Wheel":76,"Philosopher\u0027s Stone":115,"Iron Hammer":388,"Toxic Egg 2":36,"Byrd Skull":158,"Girya":290,"Happy Flower":96,"Ring of Hypnosis":285,"ReplayTheSpireMod:CursedCoin":175,"Astrolabe":134,"Replay:Grab Bag":332,"Oddly Smooth Stone":7,"Letter Opener":24,"Replay:Kaleidoscope":225,"War Paint":32,"Question Card":76,"Du-Vu Doll":74,"OrangePellets":358,"Bottled Flame":140,"Replay:Baseball":318,"ReplayTheSpireMod:Shallot":214,"Shuriken":16,"Bronze Scales":110,"Onion Ring":127,"Molten Egg 2":155,"Simple Rune":400,"ReplayTheSpireMod:TigerMarble":145,"Nloth\u0027s Gift":335,"Black Star":519,"Grinning Jar":159,"Mirror":231,"ReplayTheSpireMod:DimensionalGlitch":283,"Pocketwatch":8,"Meat on the Bone":66,"Darkstone Periapt":46,"ReplayFunnel":159,"ReplayTheSpireMod:Ring of Exchange":224,"Replay:PocketPolymizer":382,"Snake Skull":32,"Juzu Bracelet":18,"Incense Burner":96,"Sizzling Blood":302,"Replay:Mystery Machine":265,"Empty Cage":58,"ClockworkSouvenir":354,"Frozen Eye":131,"Nunchaku":24,"Dream Catcher":55,"Replay:Bandana":219,"Tough Bandages":273,"Chameleon Ring":373,"Mummified Hand":114,"Pantograph":126,"Tiny Chest":45,"Red Mask":59,"Replay:Bottled Snecko":243,"Runic Pyramid":50,"Gremlin Food":139,"BargainBundle":127,"ReplayTheSpireMod:Ninjato":127,"Replay:Towering Pillar of Hats":150,"Guide Book":179,"Quantum Egg":365,"Orichalcum":95,"Medical Kit":291,"White Beast Statue":77,"Mercury Hourglass":5,"Calling Bell":76,"Strange Spoon":210,"Anchor":178,"Pondfish Scales":232,"CaptainsWheel":381,"Ring of Fury":248,"ChewingGum":332,"Bag of Marbles":147,"Snack Pack":179,"Coffee Dripper":220,"Membership Card":36,"TungstenRod":325},{"TwistedFunnel":427,"Golden Egg":660,"Replay:Accelerometer":1067,"Vampiric Spirits":686,"Spirit Poop":395,"Whetstone":467,"Ginger":613,"Bottled Tornado":241,"Sling":179,"Boot":244,"Old Coin":1200,"Blood Vial":148,"Replay:Wanted Poster":648,"Replay:Ringing Soul":817,"Sundial":209,"MealTicket":186,"HandDrill":504,"Replay:Bottled Flurry":1316,"Kunai":93,"Replay:Wax Seal":681,"Replay:Bottled Steam":877,"Pear":450,"Blue Candle":467,"Counterbalance":729,"Tingsha":179,"Eternal Feather":986,"Pen Nib":120,"Paper Crane":120,"Akabeko":190,"SlaversCollar":973,"Bird Faced Urn":760,"ReplayTheSpireMod:Ring of Collecting":833,"Pandora\u0027s Box":1265,"Kintsugi":726,"StrikeDummy":1466,"Unceasing Top":179,"Ring of the Serpent":230,"Lantern":82,"Regal Pillow":97,"Singing Bowl":460,"Torii":544,"Blue Doll":613,"Painkiller Herb":1265,"Bag of Preparation":20,"Replay:Multitool":1142,"Smiling Mask":286,"Cursed Key":456,"Ancient Tea Set":1610,"Pet Ghost":640,"Replay:Rubber Ducky":637,"Matryoshka":260,"Ring of Fangs":898,"Shovel":1302,"Ninja Scroll":622,"Ring of Peace":975,"Toolbox":1316,"WingedGreaves":1899,"Chemical X":1126,"Replay:Bottled Eggs":625,"InkBottle":286,"Ring of the Snake":0,"Potion Belt":260,"Lee\u0027s Waffle":501,"The Specimen":525,"Golden Idol":2,"Basket Of Snakes":686,"PreservedInsect":401,"The Courier":450,"Omamori":501,"Ring of Greed":833,"Frozen Egg 2":525,"MawBank":219,"Replay:Arrowhead":681,"Busted Crown":775,"Ornamental Fan":602,"Bloody Idol":975,"Ring of Misfortune":1296,"Orrery":179,"Turnip":1126,"Art of War":353,"Durian":733,"Garlic":898,"Bottled Lightning":446,"ReplayTheSpireMod:Lightbulb":1488,"Toy Ornithopter":24,"Ice Cream":501,"Divine Protection":1333,"Tiny House":46,"Calipers":472,"Gremlin Horn":0,"CeramicFish":136,"Vajra":0,"HoveringKite":115,"Sozu":1183,"Centennial Puzzle":435,"Lizard Tail":569,"HornCleat":1788,"DollysMirror":544,"Strawberry":664,"Prayer Wheel":425,"Philosopher\u0027s Stone":563,"Iron Hammer":1430,"Toxic Egg 2":204,"Byrd Skull":700,"Girya":1110,"Happy Flower":501,"Ring of Hypnosis":1099,"ReplayTheSpireMod:CursedCoin":734,"Astrolabe":632,"Replay:Grab Bag":1265,"Oddly Smooth Stone":32,"Letter Opener":132,"Replay:Kaleidoscope":902,"War Paint":186,"Question Card":425,"Du-Vu Doll":415,"OrangePellets":1328,"Bottled Flame":645,"Replay:Baseball":1205,"ReplayTheSpireMod:Shallot":869,"Shuriken":93,"Bronze Scales":544,"Onion Ring":613,"Molten Egg 2":694,"Simple Rune":1463,"ReplayTheSpireMod:TigerMarble":663,"Nloth\u0027s Gift":1271,"Black Star":1886,"Grinning Jar":701,"Mirror":922,"ReplayTheSpireMod:DimensionalGlitch":1094,"Pocketwatch":39,"Meat on the Bone":392,"Darkstone Periapt":260,"ReplayFunnel":701,"ReplayTheSpireMod:Ring of Exchange":898,"Replay:PocketPolymizer":1414,"Snake Skull":186,"Juzu Bracelet":102,"Incense Burner":501,"Sizzling Blood":1142,"Replay:Mystery Machine":1051,"Empty Cage":333,"ClockworkSouvenir":1316,"Frozen Eye":622,"Nunchaku":132,"Dream Catcher":308,"Replay:Bandana":881,"Tough Bandages":1072,"Chameleon Ring":1376,"Mummified Hand":557,"Pantograph":606,"Tiny Chest":254,"Red Mask":338,"Replay:Bottled Snecko":960,"Runic Pyramid":281,"Gremlin Food":642,"BargainBundle":613,"ReplayTheSpireMod:Ninjato":613,"Replay:Towering Pillar of Hats":681,"Guide Book":749,"Quantum Egg":1354,"Orichalcum":496,"Medical Kit":1112,"White Beast Statue":427,"Mercury Hourglass":24,"Calling Bell":425,"Strange Spoon":858,"Anchor":744,"Pondfish Scales":926,"CaptainsWheel":1409,"Ring of Fury":975,"ChewingGum":1265,"Bag of Marbles":668,"Snack Pack":749,"Coffee Dripper":886,"Membership Card":204,"TungstenRod":1245}],"Unceasing Top":[6],"Ring of the Snake":[414]},"card_choices":[{"not_picked":["Poisoned Stab","Footwork+1"],"picked":"Burst","floor":0},{"not_picked":["Underhanded Strike","Eviscerate"],"picked":"Deflect","floor":0},{"not_picked":["Poisoned Stab","Dagger Spray"],"picked":"Outmaneuver","floor":0},{"not_picked":["Deadly Poison","Well Laid Plans+1"],"picked":"Escape Plan","floor":0},{"not_picked":["Prepared","Caltrops+1"],"picked":"Footwork+1","floor":1},{"not_picked":["Dodge and Roll","Dagger Spray"],"picked":"Backflip","floor":2},{"not_picked":["Deadly Poison","Outmaneuver"],"picked":"Footwork+1","floor":3},{"not_picked":["Underhanded Strike","Acrobatics"],"picked":"Slice","floor":4},{"not_picked":["Predator","Well Laid Plans+1"],"picked":"Outmaneuver","floor":5},{"not_picked":["Escape Plan","Prepared"],"picked":"Infinite Blades+1","floor":6},{"not_picked":["Blade Dance","Poisoned Stab"],"picked":"Backstab","floor":8},{"not_picked":["Masterful Stab","Dodge and Roll"],"picked":"Storm of Steel","floor":11},{"not_picked":["Reflex","Footwork+1"],"picked":"Well Laid Plans+1","floor":12},{"not_picked":["Doppelganger","Storm of Steel"],"picked":"Die Die Die","floor":16},{"not_picked":["Bane","Bouncing Flask"],"picked":"Accuracy+1","floor":18},{"not_picked":["Quick Slash+1","Slice","Endless Agony+1"],"picked":"SKIP","floor":21},{"not_picked":["Dagger Spray","Masterful Stab"],"picked":"PiercingWail","floor":24},{"not_picked":["Caltrops+1","Reflex"],"picked":"Outmaneuver+1","floor":25},{"not_picked":["Dagger Throw","Riddle With Holes","Underhanded Strike"],"picked":"Singing Bowl","floor":27},{"not_picked":["Distraction+1","Blade Dance"],"picked":"Tactician+1","floor":29},{"not_picked":["Concentrate","PiercingWail"],"picked":"Acrobatics","floor":31},{"not_picked":["Tools of the Trade+1","Wraith Form v2+1"],"picked":"Adrenaline","floor":33},{"not_picked":["Acrobatics","Outmaneuver"],"picked":"Backflip","floor":35},{"not_picked":["Doppelganger","Prepared"],"picked":"Dodge and Roll+1","floor":36},{"not_picked":["Dash+1","Outmaneuver+1"],"picked":"Escape Plan","floor":37},{"not_picked":["Blade Dance","Die Die Die"],"picked":"Footwork+1","floor":40},{"not_picked":["Riddle With Holes","PiercingWail","Masterful Stab"],"picked":"Singing Bowl","floor":41},{"not_picked":["Poisoned Stab","Dash+1","Dagger Throw"],"picked":"Skewer","floor":42},{"not_picked":["Slice","Outmaneuver","Dodge and Roll"],"picked":"Cloak And Dagger+1","floor":45},{"not_picked":["PiercingWail+1","Deflect","Crippling Poison+1"],"picked":"Acrobatics","floor":46},{"not_picked":["Noxious Fumes+1","Setup+1","Footwork+1"],"picked":"Adrenaline+1","floor":47},{"not_picked":["Bane+1","Quick Slash+1","Concentrate+1","Backstab"],"picked":"Singing Bowl","floor":55}],"player_experience":1312207,"relics_obtained":[{"floor":6,"key":"Vajra"},{"floor":8,"key":"Whetstone"},{"floor":9,"key":"Omamori"},{"floor":12,"key":"Eternal Feather"},{"floor":24,"key":"Ancient Tea Set"},{"floor":26,"key":"The Courier"},{"floor":27,"key":"Singing Bowl"},{"floor":37,"key":"WingedGreaves"},{"floor":40,"key":"Mummified Hand"},{"floor":40,"key":"Bottled Tornado"},{"floor":41,"key":"Question Card"},{"floor":41,"key":"Mercury Hourglass"},{"floor":42,"key":"Smiling Mask"},{"floor":42,"key":"Sundial"},{"floor":45,"key":"War Paint"},{"floor":45,"key":"Gremlin Horn"},{"floor":47,"key":"Unceasing Top"},{"floor":47,"key":"Toxic Egg 2"},{"floor":55,"key":"StrikeDummy"},{"floor":55,"key":"Paper Crane"}],"event_choices":[{"damage_healed":0,"gold_gain":1,"player_choice":"LEAVE","damage_taken":5,"max_hp_gain":0,"max_hp_loss":0,"event_name":"betterThird:BetterScrap","floor":7,"gold_loss":0,"cards_obtained":["Darkness"]},{"damage_healed":16,"gold_gain":0,"player_choice":"Healed","damage_taken":0,"max_hp_gain":0,"max_hp_loss":0,"event_name":"The Cleric","floor":13,"gold_loss":35},{"damage_healed":0,"gold_gain":100,"player_choice":"Bet on Murderer","damage_taken":0,"max_hp_gain":0,"max_hp_loss":0,"event_name":"The Joust","floor":19,"gold_loss":50},{"damage_healed":0,"gold_gain":200,"player_choice":"Gold","damage_taken":0,"max_hp_gain":0,"max_hp_loss":0,"event_name":"Wheel of Change","floor":30,"gold_loss":0},{"damage_healed":0,"gold_gain":0,"player_choice":"Fight","damage_taken":0,"max_hp_gain":0,"max_hp_loss":0,"event_name":"MindBloom","floor":37,"gold_loss":0},{"cards_removed":["Strike_G"],"damage_healed":0,"gold_gain":0,"player_choice":"Removed Attack","damage_taken":0,"max_hp_gain":0,"max_hp_loss":0,"event_name":"Falling","floor":38,"gold_loss":0}],"is_beta":false,"boss_relics":[{"not_picked":["Runic Pyramid","Astrolabe"],"picked":"Sozu"},{"not_picked":["SlaversCollar","Calling Bell"],"picked":"Black Star"}],"items_purged_floors":[0,0,20,54],"is_endless":false,"potions_floor_spawned":[2,4,8,11,18,21,25,29,31,35,36,37,41,47,55],"ascension_level":20}}