{"host":"aaqofma31c3gm2hj","time":1609328715,"event":{"mods":["BaseMod","Minty Spire (QoL Compilation)","Replay The Spire","Spicy Shops","StSLib"],"gold_per_floor":[114,389,401,179,179,179,209,227,227,302,302,335,335,335,335],"floor_reached":14,"playtime":170,"items_purged":["Strike_R"],"score":222,"play_id":"199cd07e-8bc8-40ad-a42e-d05249b6b76f","local_time":"20201230194515","is_ascension_mode":true,"campfire_choices":[{"data":"Burning Pact","floor":6.0,"key":"SMITH"},{"data":"Fiend Fire","floor":13.0,"key":"SMITH"},{"data":"Strike_R+1","floor":13.0,"key":"SMITH"}],"circlet_count":0,"master_deck":["AscendersBane","Strike_R+1","Strike_R+1","Strike_R","Strike_R","Defend_R","Defend_R","Defend_R","Defend_R","Bash","Burning Pact+1","Regret","Regret","Fiend Fire+1"],"relics":["Burning Blood","NeowsBlessing","BargainBundle","Frozen Egg 2","Ginger","Simple Rune","Mirror","Replay:Arrowhead"],"acts_visited":["Exordium"],"potions_floor_usage":[14],"damage_taken":[{"damage":0.0,"enemies":"2 Louse","floor":1.0,"turns":1.0},{"damage":0.0,"enemies":"Cultist","floor":3.0,"turns":1.0},{"damage":0.0,"enemies":"3 Sentries","floor":7.0,"turns":2.0},{"damage":0.0,"enemies":"Jaw Worm","floor":8.0,"turns":1.0},{"damage":0,"enemies":"Lagavulin","floor":14,"turns":1}],"seed_played":"3467843024330657313","potions_obtained":[],"is_trial":false,"path_per_floor":["M","?","M","$","?","R","E","M","T","?","T","?","R","E"],"character_chosen":"IRONCLAD","items_purchased":["BargainBundle","DistilledChaos","DuplicationPotion"],"campfire_rested":0,"item_purchase_floors":[4,4,4],"current_hp_per_floor":[74,74,75,75,75,75,75,75,75,64,64,40,40,40,40],"gold":335,"neow_bonus":"THREE_ENEMY_KILL","is_daily":false,"chose_seed":false,"campfire_upgraded":3,"win_rate":0.0,"timestamp":1609328715,"path_taken":["M","?","?","$","?","R","E","M","T","?","?","?","R","E"],"items_purchased_type":["Relic","Potion","Potion"],"build_version":"2020-12-22","purchased_purges":1,"victory":false,"max_hp_per_floor":[75,75,75,75,75,75,75,75,75,75,75,75,75,75,75],"card_choices":[{"not_picked":["Iron Wave","ReplayReversal"],"picked":"Burning Pact","floor":1.0},{"not_picked":["Headbutt","Intimidate","Havoc"],"picked":"SKIP","floor":3.0},{"not_picked":["Clash","Cleave"],"picked":"Fiend Fire","floor":7.0},{"not_picked":["Havoc","Reckless Charge","Replay:Undeath\u0027s Touch"],"picked":"SKIP","floor":8.0}],"player_experience":550158,"relics_obtained":[{"floor":7.0,"key":"Ginger"},{"floor":9.0,"key":"Simple Rune"},{"floor":11.0,"key":"Mirror"},{"floor":12.0,"key":"Replay:Arrowhead"}],"event_choices":[{"damage_healed":0.0,"max_hp_gain":0.0,"max_hp_loss":0.0,"gold_gain":275.0,"event_name":"Golden Shrine","player_choice":"Desecrate","floor":2.0,"gold_loss":0.0,"damage_taken":0.0,"cards_obtained":["Regret"]},{"damage_healed":0.0,"max_hp_gain":0.0,"max_hp_loss":0.0,"gold_gain":0.0,"event_name":"Big Fish","player_choice":"Box","floor":5.0,"gold_loss":0.0,"damage_taken":0.0,"relics_obtained":["Frozen Egg 2"],"cards_obtained":["Regret"]},{"damage_healed":0.0,"max_hp_gain":0.0,"max_hp_loss":0.0,"gold_gain":75.0,"event_name":"World of Goop","player_choice":"Gather Gold","floor":10.0,"gold_loss":0.0,"damage_taken":11.0}],"is_beta":false,"boss_relics":[],"items_purged_floors":[4],"is_endless":false,"potions_floor_spawned":[7],"killed_by":"Lagavulin","ascension_level":20}}