{"host":"j29osl8nelwi4hyu","time":1609313199,"event":{"mods":["BaseMod","Colored Powertips","Hubris","Infinite Spire","Minty Spire (QoL Compilation)","Replay The Spire","StSLib"],"gold_per_floor":[116,116,130,148,165,165,194,194,194,214,214,224,224,234,234,329,329,342,342,354,429,41,41,60,90,90,106,131,131,131,36,36,134,134,153,164,174,18,18,18,18,18,18,46,46,77,77,95,95,95,95,95,43,43,43],"floor_reached":54,"playtime":4137,"items_purged":[],"score":1046,"play_id":"25d54bc8-43d3-4000-86d5-279e336d1f74","local_time":"20201229232639","is_ascension_mode":true,"campfire_choices":[{"data":"Multi-Cast","floor":6.0,"key":"SMITH"},{"floor":11.0,"key":"REST"},{"data":"Sunder","floor":13.0,"key":"SMITH"},{"floor":15.0,"key":"REST"},{"data":"ReplayTheSpireMod:Brewmster","floor":23.0,"key":"SMITH"},{"floor":30.0,"key":"REST"},{"data":"Self Repair","floor":30.0,"key":"SMITH"},{"floor":32.0,"key":"REST"},{"floor":32.0,"key":"RECALL"},{"floor":40.0,"key":"REST"},{"data":"Buffer","floor":40.0,"key":"SMITH"},{"floor":42.0,"key":"REST"},{"data":"infinitespire:Collect","floor":42.0,"key":"SMITH"},{"floor":47.0,"key":"REST"},{"data":"Force Field","floor":47.0,"key":"SMITH"},{"floor":52.0,"key":"REST"},{"data":"Panacea","floor":52.0,"key":"SMITH"}],"circlet_count":0,"master_deck":["Strike_B","Strike_B","Strike_B","Defend_B","Defend_B","Defend_B","Zap","Dualcast","Stack","Steam","Sweeping Beam","Static Discharge+1","Multi-Cast+1","Beam Cell","Gash","Sunder+1","Reinforced Body","hubris:SpecializedCircuitry","Steam+1","Melter","Self Repair+1","ReplayTheSpireMod:Brewmster+1","Loop+1","Skim+1","Ball Lightning","Time Bomb","Replay:Sssssssssstrike","Panacea+1","Buffer+1","AbeCurse","FIFO Queue+1","Force Field+1","Undo+1","Conserve Battery","Steam+1","ReplayTheSpireMod:Brewmster+1","infinitespire:Collect+1","Time Bomb+1","Conserve Battery+1","Self Repair+1","Beam Cell","Coolheaded"],"relics":["Cracked Core","Replay:Accelerometer","hubris:GrandSneckoEye","Nunchaku","Tiny Chest","Pantograph","Letter Opener","Prayer Wheel","infinitespire:Magic Flask","Abe\u0027s Treasure","DollysMirror","Prayer Wheel","hubris:KleinBottle","Cables","Dream Catcher","hubris:Towel","Snack Pack"],"acts_visited":["Exordium","TheCity","TheBeyond","TheEnding"],"potions_floor_usage":[54],"damage_taken":[{"damage":2.0,"enemies":"Small Slimes","floor":1.0,"turns":3.0},{"damage":5.0,"enemies":"Cultist","floor":3.0,"turns":4.0},{"damage":1.0,"enemies":"Jaw Worm","floor":4.0,"turns":2.0},{"damage":6.0,"enemies":"Blue Slaver","floor":5.0,"turns":4.0},{"damage":35.0,"enemies":"Lagavulin","floor":7.0,"turns":7.0},{"damage":3.0,"enemies":"Red Slaver","floor":10.0,"turns":3.0},{"damage":13.0,"enemies":"3 Louse","floor":12.0,"turns":3.0},{"damage":15.0,"enemies":"Gremlin Gang","floor":14.0,"turns":2.0},{"damage":42.0,"enemies":"Slime Boss","floor":16.0,"turns":8.0},{"damage":0.0,"enemies":"3 Byrds","floor":18.0,"turns":3.0},{"damage":4.0,"enemies":"2 Thieves","floor":20.0,"turns":3.0},{"damage":1.0,"enemies":"Snecko","floor":24.0,"turns":5.0},{"damage":14.0,"enemies":"Slavers","floor":25.0,"turns":4.0},{"damage":7.0,"enemies":"Snake Plant","floor":27.0,"turns":4.0},{"damage":43.0,"enemies":"Book of Stabbing","floor":28.0,"turns":6.0},{"damage":0.0,"enemies":"Collector","floor":33.0,"turns":8.0},{"damage":0.0,"enemies":"3 Shapes","floor":35.0,"turns":5.0},{"damage":19.0,"enemies":"3 Darklings","floor":36.0,"turns":6.0},{"damage":36.0,"enemies":"Jaw Worm Horde","floor":37.0,"turns":5.0},{"damage":32.0,"enemies":"Giant Head","floor":44.0,"turns":11.0},{"damage":34.0,"enemies":"Reptomancer","floor":46.0,"turns":6.0},{"damage":0.0,"enemies":"Writhing Mass","floor":48.0,"turns":8.0},{"damage":71.0,"enemies":"Time Eater","floor":50.0,"turns":9.0},{"damage":89,"enemies":"Shield and Spear","floor":54,"turns":5}],"seed_played":"1607450111363911350","potions_obtained":[{"floor":1.0,"key":"Elixir"},{"floor":5.0,"key":"Energy Potion"},{"floor":10.0,"key":"Fruit Juice"},{"floor":12.0,"key":"LiquidBronze"},{"floor":16.0,"key":"SkillPotion"},{"floor":18.0,"key":"Energy Potion"},{"floor":25.0,"key":"SkillPotion"},{"floor":28.0,"key":"Swift Potion"},{"floor":35.0,"key":"SkillPotion"},{"floor":36.0,"key":"Ancient Potion"},{"floor":46.0,"key":"SpeedPotion"}],"is_trial":false,"path_per_floor":["M","?","M","M","M","R","E","?","T","M","R","M","R","M","R","B",null,"M","?","M","?","$","R","M","E","T","M","E","?","R","$","R","B",null,"M","M","M","$","T","R","$","R","T","E","?","E","R","M","R","B",null,"R","$","E"],"character_chosen":"DEFECT","items_purchased":["Tiny Chest","Self Repair","ReplayTheSpireMod:Brewmster","Panacea","DollysMirror","hubris:KleinBottle","Coolheaded"],"campfire_rested":8,"item_purchase_floors":[22,22,22,31,38,41,53],"current_hp_per_floor":[48,75,70,69,63,63,28,28,28,30,54,41,41,26,50,8,62,62,62,58,50,50,50,56,52,52,52,16,4,28,28,52,80,80,80,71,45,45,45,69,50,74,74,57,57,40,64,80,80,23,66,80,80,0,0],"gold":43,"neow_bonus":"TRANSFORM_TWO_CARDS","is_daily":false,"chose_seed":false,"campfire_upgraded":8,"win_rate":0.0,"timestamp":1609313199,"path_taken":["M","?","M","M","?","R","E","?","T","M","R","M","R","M","R","BOSS","M","?","M","?","$","R","M","E","T","?","E","?","R","$","R","BOSS","M","?","M","$","?","R","?","R","T","E","?","E","R","M","R","BOSS","R","$","E"],"items_purchased_type":["Relic","Card","Card","Card","Relic","Relic","Card"],"build_version":"2020-12-22","purchased_purges":0,"victory":false,"max_hp_per_floor":[75,75,75,75,75,75,75,75,75,80,80,80,80,80,80,80,80,80,80,80,80,80,80,80,80,80,80,80,80,80,80,80,80,80,80,80,80,80,80,80,80,80,80,80,80,80,80,80,80,80,80,80,80,80,80],"card_choices":[{"not_picked":["Stack","Double Energy"],"picked":"Steam","floor":1.0},{"not_picked":["hubris:PowerSurge","Hologram"],"picked":"Sweeping Beam","floor":3.0},{"not_picked":["Crystallizer","Hologram"],"picked":"Static Discharge","floor":4.0},{"not_picked":["Turbo","Ball Lightning"],"picked":"Multi-Cast","floor":5.0},{"not_picked":["hubris:Prefetch","Lockon"],"picked":"Beam Cell","floor":7.0},{"not_picked":["Storm","BasicCrystalCard"],"picked":"Gash","floor":10.0},{"not_picked":["Redo","Compile Driver"],"picked":"Sunder","floor":12.0},{"not_picked":["Stack","Darkness"],"picked":"Reinforced Body","floor":14.0},{"not_picked":["Multi-Cast","All For One"],"picked":"hubris:SpecializedCircuitry","floor":16.0},{"not_picked":["Cold Snap","Double Energy"],"picked":"Steam+1","floor":18.0},{"not_picked":["Fusion+1","Leap"],"picked":"Melter","floor":20.0},{"not_picked":["Sweeping Beam","Chaos"],"picked":"Loop+1","floor":24.0},{"not_picked":["Conserve Battery","Tempest"],"picked":"Skim+1","floor":25.0},{"not_picked":["Scrape","Rebound"],"picked":"Ball Lightning","floor":27.0},{"not_picked":["Static Discharge","Coolheaded"],"picked":"Time Bomb","floor":28.0},{"not_picked":["Machine Learning","Meteor Strike"],"picked":"Buffer","floor":33.0},{"not_picked":["Reinforced Body+1","Hologram+1"],"picked":"FIFO Queue+1","floor":35.0},{"not_picked":["BasicCrystalCard","Time Bomb+1"],"picked":"Force Field","floor":35.0},{"not_picked":["Storm+1","BasicCrystalCard"],"picked":"Undo+1","floor":36.0},{"not_picked":["Genetic Algorithm","Rebound+1","ReplaySort"],"picked":"SKIP","floor":36.0},{"not_picked":["Compile Driver","Stack"],"picked":"Conserve Battery","floor":37.0},{"not_picked":["Cold Snap","Streamline+1"],"picked":"Steam+1","floor":37.0},{"not_picked":["ReplayTheSpireMod:Echoes of Time","infinitespire:Gouge"],"picked":"infinitespire:Collect","floor":41.0},{"not_picked":["Redo+1","Genetic Algorithm"],"picked":"Time Bomb+1","floor":44.0},{"not_picked":["Chill","Turbo+1"],"picked":"Conserve Battery+1","floor":46.0},{"not_picked":["Rebound","Leap+1"],"picked":"Self Repair+1","floor":48.0},{"not_picked":["Turbo+1","Cold Snap+1","Recycle+1"],"picked":"SKIP","floor":48.0},{"not_picked":["Rebound","Beam Cell","Steam+1"],"picked":"SKIP","floor":48.0},{"not_picked":["Compile Driver+1","Barrage+1"],"picked":"Beam Cell","floor":52.0}],"player_experience":290808,"relics_obtained":[{"floor":7.0,"key":"Replay:Accelerometer"},{"floor":25.0,"key":"Pantograph"},{"floor":26.0,"key":"Letter Opener"},{"floor":28.0,"key":"infinitespire:Magic Flask"},{"floor":39.0,"key":"Prayer Wheel"},{"floor":43.0,"key":"Cables"},{"floor":44.0,"key":"Dream Catcher"},{"floor":46.0,"key":"Snack Pack"}],"event_choices":[{"cards_removed":["Rip and Tear"],"damage_healed":27.0,"max_hp_gain":0.0,"max_hp_loss":0.0,"gold_gain":0.0,"event_name":"Bonfire Elementals","player_choice":"Offered Uncommon","floor":2.0,"gold_loss":0.0,"damage_taken":0.0},{"damage_healed":0.0,"max_hp_gain":0.0,"max_hp_loss":0.0,"gold_gain":75.0,"event_name":"FaceTrader","player_choice":"Touch","floor":21.0,"gold_loss":0.0,"damage_taken":8.0},{"damage_healed":0.0,"max_hp_gain":0.0,"max_hp_loss":0.0,"gold_gain":0.0,"event_name":"Knowing Skull","player_choice":"CARD ","floor":29.0,"potions_obtained":[],"gold_loss":0.0,"damage_taken":12.0,"cards_obtained":["Replay:Sssssssssstrike"]}],"is_beta":false,"boss_relics":[{"not_picked":["SacredBark","hubris:Backtick"],"picked":"hubris:GrandSneckoEye"},{"not_picked":["Cursed Key","hubris:BlackHole"],"picked":"Abe\u0027s Treasure"}],"items_purged_floors":[],"is_endless":false,"potions_floor_spawned":[1,5,10,12,16,18,25,28,35,36,46],"killed_by":"Shield and Spear","ascension_level":6}}