{"host":"sc0o2qwpf9j16a4i","time":1609338983,"event":{"mods":["AchievementEnabler","BaseMod","BetterRewards","Block Reminder","Colored Map","Colored Powertips","Custom Start","Highlight Path","Minty Spire (QoL Compilation)","Relic Stats"],"gold_per_floor":[114,39,57,57,76,76,76,115,167,167,1,1,45,69,69,160,160,198,207,225,268,2,68,118,118,142,142,185,185,185,232,232,314,314,366,366,407,426,351,351,420,420,420,420,43,43,43,95,95,95,95,95,21,79,79,79],"floor_reached":55,"playtime":1347,"items_purged":["Writhe"],"score":1573,"play_id":"55824742-bd97-4495-93e3-7d7fd2ce9815","local_time":"20201230163623","is_ascension_mode":true,"campfire_choices":[{"data":"ReachHeaven","floor":6.0,"key":"SMITH"},{"data":"Adaptation","floor":10.0,"key":"SMITH"},{"data":"Meditate","floor":12.0,"key":"SMITH"},{"data":"FearNoEvil","floor":15.0,"key":"SMITH"},{"floor":25.0,"key":"REST"},{"data":"Wish","floor":30.0,"key":"SMITH"},{"data":"Ragnarok","floor":32.0,"key":"SMITH"},{"floor":40.0,"key":"REST"},{"floor":42.0,"key":"RECALL"},{"data":"Devotion","floor":47,"key":"SMITH"},{"data":"Wish","floor":49,"key":"SMITH"},{"data":"MentalFortress","floor":52,"key":"SMITH"}],"circlet_count":0,"master_deck":["AscendersBane","Strike_P","Defend_P","Defend_P+1","Defend_P","Defend_P","Eruption","Vigilance","ReachHeaven+1","Meditate+1","Protect+1","Adaptation+1","Tantrum","FearNoEvil+1","Wish+1","Wallop+1","Conclude","Ragnarok+1","DevaForm","CarveReality+1","Wireheading","Devotion+1","MentalFortress+1","Wish+1","MentalFortress"],"relics":["Sozu","Happy Flower","Bloody Idol","Pear","PreservedInsect","War Paint","Snecko Eye","CeramicFish","Mummified Hand","Ginger","Nloth\u0027s Gift","Black Star","Smiling Mask","Centennial Puzzle","Question Card","FossilizedHelix","Damaru","Orichalcum"],"acts_visited":["Exordium","TheCity","TheBeyond","TheEnding"],"potions_floor_usage":[],"damage_taken":[{"damage":4.0,"enemies":"Jaw Worm","floor":1.0,"turns":4.0},{"damage":0.0,"enemies":"Small Slimes","floor":3.0,"turns":2.0},{"damage":5.0,"enemies":"2 Louse","floor":5.0,"turns":4.0},{"damage":3.0,"enemies":"Gremlin Nob","floor":8.0,"turns":3.0},{"damage":0.0,"enemies":"3 Sentries","floor":13.0,"turns":3.0},{"damage":1.0,"enemies":"2 Fungi Beasts","floor":14.0,"turns":3.0},{"damage":4.0,"enemies":"The Guardian","floor":16.0,"turns":7.0},{"damage":26.0,"enemies":"2 Thieves","floor":18.0,"turns":4.0},{"damage":3.0,"enemies":"Spheric Guardian","floor":21.0,"turns":3.0},{"damage":0.0,"enemies":"Slavers","floor":23.0,"turns":3.0},{"damage":0.0,"enemies":"Snecko","floor":28.0,"turns":2.0},{"damage":6.0,"enemies":"Snake Plant","floor":31.0,"turns":3.0},{"damage":0.0,"enemies":"Automaton","floor":33.0,"turns":4.0},{"damage":24.0,"enemies":"3 Shapes","floor":35.0,"turns":3.0},{"damage":2.0,"enemies":"Orb Walker","floor":37.0,"turns":3.0},{"damage":29.0,"enemies":"Spire Growth","floor":38.0,"turns":3.0},{"damage":0.0,"enemies":"Giant Head","floor":41.0,"turns":3.0},{"damage":0,"enemies":"Transient","floor":48,"turns":6},{"damage":2,"enemies":"Donu and Deca","floor":50,"turns":6},{"damage":37,"enemies":"Shield and Spear","floor":54,"turns":5},{"damage":77,"enemies":"The Heart","floor":55,"turns":3}],"seed_played":"452244477321880537","potions_obtained":[],"is_trial":false,"path_per_floor":["M","?","M","?","M","R","?","E","T","R","$","R","E","M","R","B",null,"M","?","?","M","$","E","?","R","T","?","M","?","R","M","R","B",null,"M","?","M","M","$","R","E","R","T","?","$","?","R","M","R","B",null,"R","$","E","B"],"character_chosen":"WATCHER","items_purchased":["PreservedInsect","Mummified Hand","FossilizedHelix","MentalFortress","MentalFortress"],"campfire_rested":2,"item_purchase_floors":[11,22,45,45,53],"current_hp_per_floor":[57,57,57,46,41,41,41,48,48,48,48,48,48,47,47,43,65,39,39,39,36,36,36,36,57,57,57,67,67,67,71,71,72,72,58,58,66,47,47,67,68,68,68,68,68,68,68,68,68,66,68,68,68,41,0,0],"gold":79,"neow_bonus":"BOSS_RELIC","is_daily":false,"chose_seed":false,"campfire_upgraded":9,"win_rate":0.0,"timestamp":1609338983,"path_taken":["M","?","M","?","M","R","?","E","T","R","$","R","E","M","R","BOSS","M","?","?","M","$","E","?","R","T","?","M","?","R","M","R","BOSS","M","?","M","M","$","R","E","R","T","?","$","?","R","M","R","BOSS","R","$","E","BOSS"],"items_purchased_type":["Relic","Relic","Relic","Card","Card"],"build_version":"2020-12-22","purchased_purges":1,"victory":false,"max_hp_per_floor":[68,68,68,68,68,68,62,72,72,72,72,72,72,72,72,72,72,72,72,72,72,72,72,72,72,72,72,72,72,72,72,72,72,72,72,68,68,68,68,68,68,68,68,68,68,68,68,68,68,68,68,68,68,68,68,68],"relic_stats":{"Happy Flower":[23],"counters":[21,77],"CeramicFish":90,"PreservedInsect":283,"Ginger":[6],"War Paint":["Defend_P","Protect"],"Orichalcum":[6],"Smiling Mask":0,"Question Card":2,"Sozu":8,"Centennial Puzzle":[9],"Mummified Hand":[70],"Bloody Idol":62,"Snecko Eye":[87,104,88,91],"Nloth\u0027s Gift":1,"Black Star":2,"obtain_stats":[{"Pear":8,"Happy Flower":4,"Golden Idol":7,"CeramicFish":19,"Damaru":54,"PreservedInsect":11,"Ginger":23,"War Paint":13,"Orichalcum":54,"Smiling Mask":41,"Question Card":43,"Sozu":0,"Nunchaku":9,"Centennial Puzzle":41,"Mummified Hand":22,"Bloody Idol":27,"Snecko Eye":17,"Nloth\u0027s Gift":29,"Black Star":34,"PureWater":0,"FossilizedHelix":45},{"Pear":4,"Happy Flower":2,"Golden Idol":3,"CeramicFish":8,"Damaru":20,"PreservedInsect":4,"Ginger":10,"War Paint":5,"Orichalcum":20,"Smiling Mask":17,"Question Card":17,"Sozu":0,"Nunchaku":4,"Centennial Puzzle":17,"Mummified Hand":9,"Bloody Idol":10,"Snecko Eye":7,"Nloth\u0027s Gift":11,"Black Star":13,"PureWater":0,"FossilizedHelix":17},{"Pear":13,"Happy Flower":6,"Golden Idol":10,"CeramicFish":30,"Damaru":74,"PreservedInsect":13,"Ginger":36,"War Paint":16,"Orichalcum":74,"Smiling Mask":57,"Question Card":57,"Sozu":0,"Nunchaku":13,"Centennial Puzzle":57,"Mummified Hand":33,"Bloody Idol":36,"Snecko Eye":26,"Nloth\u0027s Gift":38,"Black Star":45,"PureWater":0,"FossilizedHelix":57}]},"card_choices":[{"not_picked":["JustLucky","Evaluate"],"picked":"ReachHeaven","floor":1.0},{"not_picked":["Worship","FlurryOfBlows"],"picked":"Meditate","floor":3.0},{"not_picked":["SashWhip","Consecrate"],"picked":"Protect","floor":5.0},{"not_picked":["Swivel","Pray"],"picked":"Adaptation","floor":8.0},{"not_picked":["ReachHeaven","FlyingSleeves"],"picked":"Tantrum","floor":13.0},{"not_picked":["JustLucky","Worship"],"picked":"FearNoEvil","floor":14.0},{"not_picked":["Judgement","ConjureBlade"],"picked":"Wish","floor":16.0},{"not_picked":["ForeignInfluence","MentalFortress"],"picked":"Wallop+1","floor":18.0},{"not_picked":["Sanctity","CutThroughFate","ClearTheMind"],"picked":"SKIP","floor":21.0},{"not_picked":["ReachHeaven","EmptyFist","FlyingSleeves"],"picked":"SKIP","floor":23.0},{"not_picked":["Perseverance","FlyingSleeves","Indignation"],"picked":"SKIP","floor":28.0},{"not_picked":["BowlingBash","ForeignInfluence+1","JustLucky+1"],"picked":"SKIP","floor":31.0},{"not_picked":["DeusExMachina","Ragnarok"],"picked":"DevaForm","floor":33.0},{"not_picked":["SashWhip+1","Evaluate"],"picked":"CarveReality+1","floor":35.0},{"not_picked":["DeceiveReality","ThirdEye","FlyingSleeves"],"picked":"SKIP","floor":37.0},{"not_picked":["BattleHymn","Vengeance"],"picked":"Wireheading","floor":38.0},{"not_picked":["Worship","InnerPeace"],"picked":"Devotion","floor":41.0},{"not_picked":["SignatureMove","EmptyFist+1","ThirdEye"],"picked":"Wish","floor":48},{"not_picked":["Evaluate","FollowUp","Crescendo+1","ClearTheMind"],"picked":"SKIP","floor":54}],"player_experience":447811,"relics_obtained":[{"floor":8.0,"key":"Pear"},{"floor":9.0,"key":"Nunchaku"},{"floor":13.0,"key":"War Paint"},{"floor":23.0,"key":"Ginger"},{"floor":41.0,"key":"Smiling Mask"},{"floor":41.0,"key":"Centennial Puzzle"},{"floor":43.0,"key":"Question Card"},{"floor":54,"key":"Damaru"},{"floor":54,"key":"Orichalcum"}],"event_choices":[{"cards_removed":["Strike_P"],"damage_healed":0.0,"max_hp_gain":0.0,"max_hp_loss":0.0,"gold_gain":0.0,"event_name":"The Cleric","player_choice":"Card Removal","floor":2.0,"gold_loss":75.0,"damage_taken":0.0},{"damage_healed":0.0,"max_hp_gain":0.0,"max_hp_loss":0.0,"gold_gain":0.0,"event_name":"Scrap Ooze","player_choice":"Success","floor":4.0,"gold_loss":0.0,"damage_taken":11.0,"relics_obtained":["Happy Flower"]},{"damage_healed":0.0,"max_hp_gain":0.0,"max_hp_loss":6.0,"gold_gain":0.0,"event_name":"Golden Idol","player_choice":"Lose Max HP","floor":7.0,"gold_loss":0.0,"damage_taken":0.0,"relics_obtained":["Golden Idol"]},{"damage_healed":0.0,"max_hp_gain":0.0,"max_hp_loss":0.0,"gold_gain":0.0,"event_name":"The Mausoleum","player_choice":"Opened","floor":19.0,"gold_loss":0.0,"damage_taken":0.0,"relics_obtained":["CeramicFish"],"cards_obtained":["Writhe"]},{"damage_healed":0.0,"max_hp_gain":0.0,"max_hp_loss":0.0,"gold_gain":0.0,"cards_transformed":["Strike_P","Strike_P"],"event_name":"Drug Dealer","player_choice":"Became Test Subject","floor":20.0,"gold_loss":0.0,"damage_taken":0.0,"cards_obtained":["Conclude","Ragnarok"]},{"damage_healed":0.0,"max_hp_gain":0.0,"max_hp_loss":0.0,"gold_gain":50.0,"event_name":"Nest","player_choice":"Stole From Cult","floor":24.0,"gold_loss":0.0,"damage_taken":0.0},{"damage_healed":0.0,"max_hp_gain":0.0,"max_hp_loss":0.0,"gold_gain":0.0,"event_name":"Forgotten Altar","player_choice":"Gave Idol","floor":27.0,"relics_lost":["Golden Idol"],"gold_loss":0.0,"damage_taken":0.0,"relics_obtained":["Bloody Idol"]},{"damage_healed":0.0,"max_hp_gain":0.0,"max_hp_loss":0.0,"gold_gain":0.0,"event_name":"N\u0027loth","player_choice":"Traded Relic","floor":29.0,"relics_lost":["Nunchaku"],"gold_loss":0.0,"damage_taken":0.0,"relics_obtained":["Nloth\u0027s Gift"]},{"damage_healed":0.0,"max_hp_gain":0.0,"max_hp_loss":4.0,"gold_gain":0.0,"event_name":"Winding Halls","player_choice":"Max HP","floor":36.0,"gold_loss":0.0,"damage_taken":0.0},{"damage_healed":0.0,"max_hp_gain":0.0,"max_hp_loss":0.0,"gold_gain":0.0,"event_name":"Tomb of Lord Red Mask","player_choice":"Ignored","floor":44.0,"gold_loss":0.0,"damage_taken":0.0},{"damage_healed":0,"gold_gain":0,"player_choice":"Ignored","damage_taken":0,"max_hp_gain":0,"max_hp_loss":0,"event_name":"Mysterious Sphere","floor":46,"gold_loss":0}],"is_beta":false,"boss_relics":[{"not_picked":["Ectoplasm","Fusion Hammer"],"picked":"Snecko Eye"},{"not_picked":["Tiny House","Coffee Dripper"],"picked":"Black Star"}],"items_purged_floors":[39],"is_endless":false,"potions_floor_spawned":[3,8,18,21,33,35,38,48],"killed_by":"The Heart","ascension_level":19}}