{"host":"yo9wwslrag05lh37","time":1609347607,"event":{"mods":["AchievementEnabler","BaseMod","Block Reminder","Colored Map","Colored Powertips","GifTheSpireLib","HexUI Lib","Highlight Path","Minty Spire (QoL Compilation)","Rare Cards Sparkle","Relic Stats","StSLib","everything is the same but u backflip on backflip"],"gold_per_floor":[118,118,193,213,68,102,102,130,130,142,92,108,108,108,108,182,182,202,382,396,396,100,100,128,142,166,178,200,229,260,23,23,97,97,113,113,0,16,16,16,32,51,51,86,105,105,135,145,145,145,145,145],"floor_reached":51,"playtime":2071,"items_purged":["Regret","Strike_R","Strike_R"],"score":1474,"play_id":"bbdb6724-a15d-40ab-8c0c-358e0fe3d56b","local_time":"20201230180007","is_ascension_mode":true,"campfire_choices":[{"data":"1","floor":7.0,"key":"LIFT"},{"data":"2","floor":13.0,"key":"LIFT"},{"data":"Bash","floor":15.0,"key":"SMITH"},{"floor":23.0,"key":"REST"},{"data":"3","floor":27.0,"key":"LIFT"},{"floor":32.0,"key":"REST"},{"floor":40.0,"key":"RECALL"},{"floor":46,"key":"REST"},{"floor":49,"key":"REST"}],"circlet_count":0,"master_deck":["AscendersBane","Strike_R","Defend_R","Defend_R","Defend_R","Defend_R","Bash+1","Cleave","Whirlwind+1","Battle Trance","Anger","Feed","Exhume","Pommel Strike","Shrug It Off","Sword Boomerang","Armaments","Shrug It Off","Spot Weakness","Dropkick","Offering","Demon Form","Disarm","Clothesline+1","Inflame+1","Inflame+1","Heavy Blade"],"relics":["Burning Blood","Smiling Mask","Calipers","Girya","White Beast Statue","Matryoshka","Fusion Hammer","Vajra","Pen Nib","MawBank","Oddly Smooth Stone","Runic Pyramid","Red Mask","Kunai","Akabeko","Bottled Tornado","MealTicket"],"acts_visited":["Exordium","TheCity","TheBeyond"],"potions_floor_usage":[51],"damage_taken":[{"damage":7.0,"enemies":"Small Slimes","floor":1.0,"turns":5.0},{"damage":3.0,"enemies":"2 Louse","floor":4.0,"turns":3.0},{"damage":23.0,"enemies":"3 Sentries","floor":6.0,"turns":5.0},{"damage":32.0,"enemies":"Gremlin Nob","floor":8.0,"turns":4.0},{"damage":2.0,"enemies":"Jaw Worm","floor":10.0,"turns":2.0},{"damage":9.0,"enemies":"Red Slaver","floor":12.0,"turns":3.0},{"damage":14.0,"enemies":"Hexaghost","floor":16.0,"turns":7.0},{"damage":42.0,"enemies":"Shell Parasite","floor":18.0,"turns":4.0},{"damage":0.0,"enemies":"Chosen","floor":20.0,"turns":3.0},{"damage":32.0,"enemies":"Book of Stabbing","floor":24.0,"turns":4.0},{"damage":2.0,"enemies":"3 Cultists","floor":25.0,"turns":3.0},{"damage":10.0,"enemies":"Centurion and Healer","floor":28.0,"turns":4.0},{"damage":6.0,"enemies":"Snake Plant","floor":29.0,"turns":2.0},{"damage":8.0,"enemies":"Snecko","floor":30.0,"turns":3.0},{"damage":31.0,"enemies":"Collector","floor":33.0,"turns":5.0},{"damage":7.0,"enemies":"Orb Walker","floor":35.0,"turns":2.0},{"damage":2.0,"enemies":"3 Shapes","floor":38.0,"turns":6.0},{"damage":8.0,"enemies":"3 Darklings","floor":41.0,"turns":2.0},{"damage":18.0,"enemies":"4 Shapes","floor":42.0,"turns":3.0},{"damage":25.0,"enemies":"Reptomancer","floor":44.0,"turns":3.0},{"damage":21,"enemies":"Spire Growth","floor":45,"turns":3},{"damage":27,"enemies":"Nemesis","floor":47,"turns":3},{"damage":30,"enemies":"Transient","floor":48,"turns":6},{"damage":42,"enemies":"Time Eater","floor":50,"turns":5},{"damage":69,"enemies":"Awakened One","floor":51,"turns":4}],"seed_played":"3711621301901433607","potions_obtained":[{"floor":4.0,"key":"Block Potion"},{"floor":8.0,"key":"Fire Potion"},{"floor":10.0,"key":"SpeedPotion"},{"floor":12.0,"key":"LiquidMemories"},{"floor":16.0,"key":"Swift Potion"},{"floor":18.0,"key":"ColorlessPotion"},{"floor":20.0,"key":"Energy Potion"},{"floor":24.0,"key":"Explosive Potion"},{"floor":25.0,"key":"GamblersBrew"},{"floor":29.0,"key":"AttackPotion"},{"floor":30.0,"key":"Strength Potion"},{"floor":33.0,"key":"ElixirPotion"},{"floor":35.0,"key":"LiquidMemories"},{"floor":41.0,"key":"BloodPotion"}],"is_trial":false,"path_per_floor":["M","?","?","M","$","E","R","E","T","M","$","M","R","?","R","B",null,"M","?","M","?","$","R","E","M","T","R","M","M","M","$","R","B",null,"M","?","?","M","?","R","M","M","T","E","M","R","E","M","R","B","B"],"character_chosen":"IRONCLAD","items_purchased":["Battle Trance","PowerPotion","Vajra","Shrug It Off","Sword Boomerang","Offering","Oddly Smooth Stone"],"campfire_rested":4,"item_purchase_floors":[5,5,22,22,22,31,31],"current_hp_per_floor":[67,67,56,59,59,42,42,16,16,23,23,20,20,20,20,12,62,29,10,16,16,16,40,17,24,24,24,23,23,24,24,51,26,76,75,75,75,85,85,85,83,79,79,63,52,86,65,41,75,39,0,0],"gold":145,"neow_bonus":"RANDOM_COMMON_RELIC","is_daily":false,"chose_seed":false,"campfire_upgraded":1,"win_rate":0.0,"timestamp":1609347607,"path_taken":["M","?","?","M","$","E","R","E","T","?","?","M","R","?","R","BOSS","M","?","?","?","$","R","E","M","T","R","?","M","?","$","R","BOSS","M","?","?","M","?","R","M","?","T","E","M","R","E","M","R","BOSS","BOSS"],"items_purchased_type":["Card","Potion","Relic","Card","Card","Card","Relic"],"build_version":"2020-12-22","purchased_purges":3,"victory":false,"max_hp_per_floor":[75,75,75,75,75,75,75,75,75,78,78,78,78,78,78,78,78,81,81,81,81,81,81,84,87,87,87,90,90,93,93,93,93,93,93,93,93,99,99,99,99,107,107,110,114,114,114,114,114,114,114,114],"relic_stats":{"counters":[25,94],"MealTicket":0,"Pen Nib":[10],"Kunai":[7],"Smiling Mask":150,"MawBank":60,"obtain_stats":[{"Girya":6,"Calipers":2,"Vajra":22,"Oddly Smooth Stone":31,"Pen Nib":24,"Bottled Tornado":44,"Smiling Mask":0,"MawBank":26,"Burning Blood":0,"White Beast Statue":8,"Akabeko":43,"Matryoshka":9,"MealTicket":47,"Fusion Hammer":17,"Red Mask":37,"Kunai":43,"Runic Pyramid":34},{"Girya":3,"Calipers":1,"Vajra":9,"Oddly Smooth Stone":14,"Pen Nib":10,"Bottled Tornado":20,"Smiling Mask":0,"MawBank":11,"Burning Blood":0,"White Beast Statue":4,"Akabeko":19,"Matryoshka":4,"MealTicket":22,"Fusion Hammer":7,"Red Mask":16,"Kunai":19,"Runic Pyramid":15},{"Girya":13,"Calipers":5,"Vajra":36,"Oddly Smooth Stone":52,"Pen Nib":40,"Bottled Tornado":73,"Smiling Mask":0,"MawBank":43,"Burning Blood":0,"White Beast Statue":17,"Akabeko":70,"Matryoshka":17,"MealTicket":79,"Fusion Hammer":29,"Red Mask":59,"Kunai":70,"Runic Pyramid":57}],"Burning Blood":144},"card_choices":[{"not_picked":["Sever Soul","Sword Boomerang"],"picked":"Cleave","floor":1.0},{"not_picked":["Bloodletting","Warcry"],"picked":"Whirlwind","floor":4.0},{"not_picked":["Blood for Blood","Searing Blow"],"picked":"Anger","floor":6.0},{"not_picked":["Shrug It Off","Warcry"],"picked":"Feed","floor":8.0},{"not_picked":["Armaments","Whirlwind","Cleave"],"picked":"SKIP","floor":10.0},{"not_picked":["Hemokinesis","Headbutt","Body Slam"],"picked":"SKIP","floor":12.0},{"not_picked":["Brutality","Bludgeon"],"picked":"Exhume","floor":16.0},{"not_picked":["Ghostly Armor","Twin Strike"],"picked":"Pommel Strike","floor":18.0},{"not_picked":["Rupture","Sentinel","Rampage"],"picked":"SKIP","floor":20.0},{"not_picked":["Heavy Blade","Perfected Strike+1"],"picked":"Armaments","floor":24.0},{"not_picked":["Rage","Clothesline"],"picked":"Shrug It Off","floor":25.0},{"not_picked":["Hemokinesis","Thunderclap","Clothesline"],"picked":"SKIP","floor":28.0},{"not_picked":["Perfected Strike","Hemokinesis+1"],"picked":"Spot Weakness","floor":29.0},{"not_picked":["Sentinel","Pommel Strike"],"picked":"Dropkick","floor":30.0},{"not_picked":["Bludgeon","Double Tap"],"picked":"Demon Form","floor":33.0},{"not_picked":["Wild Strike","Shrug It Off+1"],"picked":"Disarm","floor":35.0},{"not_picked":["Combust","Blood for Blood"],"picked":"Clothesline+1","floor":38.0},{"not_picked":["Reckless Charge","Heavy Blade","Thunderclap"],"picked":"SKIP","floor":41.0},{"not_picked":["Rage+1","Flex+1"],"picked":"Inflame+1","floor":42.0},{"not_picked":["Twin Strike+1","Sever Soul"],"picked":"Inflame+1","floor":44.0},{"not_picked":["Searing Blow","Thunderclap+1","Clothesline"],"picked":"SKIP","floor":45},{"not_picked":["Havoc","Flex","Exhume"],"picked":"SKIP","floor":47},{"not_picked":["Perfected Strike","Whirlwind"],"picked":"Heavy Blade","floor":48}],"player_experience":1406537,"relics_obtained":[{"floor":6.0,"key":"Girya"},{"floor":8.0,"key":"White Beast Statue"},{"floor":9.0,"key":"Matryoshka"},{"floor":24.0,"key":"Pen Nib"},{"floor":26.0,"key":"MawBank"},{"floor":43.0,"key":"Kunai"},{"floor":43.0,"key":"Akabeko"},{"floor":44.0,"key":"Bottled Tornado"},{"floor":47,"key":"MealTicket"}],"event_choices":[{"damage_healed":0.0,"max_hp_gain":0.0,"max_hp_loss":0.0,"gold_gain":0.0,"event_name":"Big Fish","player_choice":"Box","floor":2.0,"gold_loss":0.0,"damage_taken":0.0,"relics_obtained":["Calipers"],"cards_obtained":["Regret"]},{"damage_healed":0.0,"max_hp_gain":0.0,"max_hp_loss":0.0,"gold_gain":75.0,"event_name":"World of Goop","player_choice":"Gather Gold","floor":3.0,"gold_loss":0.0,"damage_taken":11.0},{"damage_healed":0.0,"max_hp_gain":0.0,"max_hp_loss":0.0,"gold_gain":0.0,"event_name":"Liars Game","player_choice":"Ignored","floor":14.0,"gold_loss":0.0,"damage_taken":0.0},{"damage_healed":0.0,"max_hp_gain":0.0,"max_hp_loss":0.0,"gold_gain":180.0,"event_name":"Knowing Skull","player_choice":"GOLD GOLD ","floor":19.0,"potions_obtained":[],"gold_loss":0.0,"damage_taken":19.0,"cards_obtained":[]},{"damage_healed":0.0,"max_hp_gain":0.0,"max_hp_loss":0.0,"gold_gain":0.0,"event_name":"Upgrade Shrine","player_choice":"Upgraded","floor":21.0,"gold_loss":0.0,"damage_taken":0.0,"cards_upgraded":["Whirlwind"]},{"cards_removed":["Strike_R"],"damage_healed":0.0,"max_hp_gain":0.0,"max_hp_loss":0.0,"gold_gain":0.0,"event_name":"Falling","player_choice":"Removed Attack","floor":36.0,"gold_loss":0.0,"damage_taken":0.0},{"damage_healed":0.0,"max_hp_gain":0.0,"max_hp_loss":0.0,"gold_gain":0.0,"event_name":"Tomb of Lord Red Mask","player_choice":"Paid","floor":37.0,"gold_loss":113.0,"damage_taken":0.0,"relics_obtained":["Red Mask"]},{"cards_removed":["Strike_R"],"damage_healed":0.0,"max_hp_gain":0.0,"max_hp_loss":0.0,"gold_gain":0.0,"event_name":"Purifier","player_choice":"Purged","floor":39.0,"gold_loss":0.0,"damage_taken":0.0}],"is_beta":false,"boss_relics":[{"not_picked":["SacredBark","Empty Cage"],"picked":"Fusion Hammer"},{"not_picked":["Tiny House","Runic Dome"],"picked":"Runic Pyramid"}],"items_purged_floors":[5,11,22],"is_endless":false,"potions_floor_spawned":[4,8,10,12,16,18,20,24,25,28,29,30,33,35,38,41,42,44,45,47,48],"killed_by":"Awakened One","ascension_level":20}}