{"host":"3zqlgdr138v4qupe","time":1609333963,"event":{"mods":["BaseMod","Hermit","Minty Spire (QoL Compilation)","StSLib","The Cursed","The Poker Player"],"gold_per_floor":[110,127,137,154,173,200,212,244,244,244,272,272,297,372,372,474,474,486,486,504,514,514,545,545,578,627,639,650,676,676,702,702,807,807,817,342,342,361,4,36,36,64,64,64,99,117,148,165,165,165],"floor_reached":51,"playtime":3622,"items_purged":["PokerPlayerMod:Diamond2"],"score":945,"play_id":"84d667b9-2c01-4849-8fec-4f59341f3418","local_time":"20201230221243","is_ascension_mode":true,"metric_token":414,"campfire_choices":[{"data":"PokerPlayerMod:Spade1","floor":10,"key":"PURGE"},{"data":"PokerPlayerMod:Club1","floor":12,"key":"PURGE"},{"data":"PokerPlayerMod:Diamond1","floor":15,"key":"PURGE"},{"data":"PokerPlayerMod:Diamond5","floor":24,"key":"SMITH"},{"data":"PokerPlayerMod:TheDieIsCast","floor":32,"key":"SMITH"},{"data":"PokerPlayerMod:CardPrinter+2","floor":41,"key":"SMITH"},{"data":"PokerPlayerMod:Diamond7","floor":49,"key":"SMITH"}],"circlet_count":0,"master_deck":["PokerPlayerMod:Diamond3","PokerPlayerMod:Diamond4","PokerPlayerMod:Diamond5","PokerPlayerMod:Spade3","PokerPlayerMod:Spade4","PokerPlayerMod:TrumpStrike","PokerPlayerMod:BadJoker+1","PokerPlayerMod:Mulligan+1","PokerPlayerMod:Diamond4","PokerPlayerMod:Heart4","PokerPlayerMod:Diamond8","PokerPlayerMod:MagicTrick","PokerPlayerMod:Club7","PokerPlayerMod:Promotion","PokerPlayerMod:Diamond10+","PokerPlayerMod:Diamond5","PokerPlayerMod:MagicTrick","PokerPlayerMod:Diamond6","PokerPlayerMod:ThinkingTime","PokerPlayerMod:MagicTrick+1","PokerPlayerMod:Sharpen+1","PokerPlayerMod:TheDieIsCast+1","PokerPlayerMod:HiddenCard","PokerPlayerMod:RiskyBet+1","PokerPlayerMod:Heart10+","PokerPlayerMod:Heart10+","PokerPlayerMod:Sharpen+1","PokerPlayerMod:SecondChance+1","PokerPlayerMod:Spade5","PokerPlayerMod:CardPrinter+3","PokerPlayerMod:Diamond7","PokerPlayerMod:Sharpen+1","PokerPlayerMod:Diamond10+","PokerPlayerMod:Diamond10+"],"relics":["PokerPlayerMod:DeckCase","War Paint","PokerPlayerMod:FairLicense","Peace Pipe","Ornamental Fan","Frozen Egg 2","Mummified Hand","Sozu","Question Card","Toy Ornithopter","Orichalcum","Kunai","Potion Belt","Coffee Dripper","PokerPlayerMod:PendantOfEscape","Bronze Scales","Lee\u0027s Waffle","Molten Egg 2","StoneCalendar","White Beast Statue","Mercury Hourglass","PokerPlayerMod:CoolBox"],"acts_visited":["Exordium","TheCity","TheBeyond"],"potions_floor_usage":[29,33,45],"damage_taken":[{"damage":0,"enemies":"Cultist","floor":1,"turns":3},{"damage":0,"enemies":"Jaw Worm","floor":2,"turns":1},{"damage":0,"enemies":"Small Slimes","floor":3,"turns":3},{"damage":14,"enemies":"Exordium Wildlife","floor":4,"turns":4},{"damage":0,"enemies":"3 Louse","floor":5,"turns":2},{"damage":18,"enemies":"Gremlin Nob","floor":6,"turns":4},{"damage":0,"enemies":"Red Slaver","floor":7,"turns":1},{"damage":9,"enemies":"3 Sentries","floor":8,"turns":4},{"damage":6,"enemies":"Gremlin Nob","floor":11,"turns":3},{"damage":6,"enemies":"3 Sentries","floor":13,"turns":3},{"damage":32,"enemies":"The Guardian","floor":16,"turns":7},{"damage":22,"enemies":"Shell Parasite","floor":18,"turns":3},{"damage":2,"enemies":"2 Thieves","floor":20,"turns":2},{"damage":33,"enemies":"Shelled Parasite and Fungi","floor":21,"turns":3},{"damage":0,"enemies":"Gremlin Leader","floor":23,"turns":3},{"damage":3,"enemies":"Book of Stabbing","floor":25,"turns":3},{"damage":6,"enemies":"Centurion and Healer","floor":27,"turns":3},{"damage":0,"enemies":"Snake Plant","floor":28,"turns":1},{"damage":19,"enemies":"Slavers","floor":29,"turns":3},{"damage":0,"enemies":"Gremlin Leader","floor":31,"turns":2},{"damage":2,"enemies":"Automaton","floor":33,"turns":4},{"damage":13,"enemies":"Orb Walker","floor":35,"turns":3},{"damage":20,"enemies":"3 Darklings","floor":38,"turns":3},{"damage":0,"enemies":"Reptomancer","floor":40,"turns":3},{"damage":39,"enemies":"Nemesis","floor":42,"turns":5},{"damage":3,"enemies":"Reptomancer","floor":45,"turns":3},{"damage":19,"enemies":"Maw","floor":46,"turns":4},{"damage":7,"enemies":"Giant Head","floor":47,"turns":5},{"damage":0,"enemies":"Spire Growth","floor":48,"turns":2},{"damage":20,"enemies":"Donu and Deca","floor":50,"turns":4}],"seed_played":"-3412097802896557060","potions_obtained":[{"floor":1,"key":"DuplicationPotion"},{"floor":3,"key":"PowerPotion"},{"floor":6,"key":"LiquidMemories"}],"is_trial":false,"path_per_floor":["M","M","M","M","M","E","M","E","T","R","E","R","E","?","R","B",null,"M","?","M","M","?","E","R","E","T","M","M","E","?","E","R","B",null,"M","$","?","M","$","E","R","E","T","?","E","M","E","M","R","B",null],"character_chosen":"THE_POKER_PLAYER","items_purchased":["PokerPlayerMod:Heart10+","PokerPlayerMod:Sharpen+1","PokerPlayerMod:PendantOfEscape","Bronze Scales","PokerPlayerMod:Spade5","Lee\u0027s Waffle"],"campfire_rested":0,"item_purchase_floors":[36,36,36,39,39,39],"current_hp_per_floor":[52,52,52,38,48,38,38,37,37,37,37,37,40,29,29,13,52,50,52,50,17,17,25,25,46,46,43,43,39,39,49,49,50,52,39,39,39,29,56,56,56,36,36,31,56,49,56,56,56,36],"gold":165,"neow_bonus":"RANDOM_COMMON_RELIC","is_daily":false,"chose_seed":false,"campfire_upgraded":4,"win_rate":0.0,"timestamp":1609333963,"path_taken":["M","?","M","M","M","E","M","E","T","R","E","R","E","?","R","BOSS","M","?","?","M","?","E","R","E","T","M","M","E","?","E","R","BOSS","M","$","?","M","$","E","R","E","T","?","E","?","E","M","R","BOSS"],"items_purchased_type":["Undefined","Card","Relic","Relic","Card","Relic"],"build_version":"2020-12-22","purchased_purges":1,"victory":true,"max_hp_per_floor":[52,52,52,52,52,52,52,52,52,52,52,52,52,52,52,52,52,52,52,52,52,52,52,52,52,52,52,52,52,52,52,52,52,52,52,52,49,49,56,56,56,56,56,56,56,56,56,56,56,56],"card_choices":[{"not_picked":["PokerPlayerMod:Spade4","PokerPlayerMod:HeartStrike"],"picked":"PokerPlayerMod:Diamond4","floor":1},{"not_picked":["PokerPlayerMod:PoorCopy","PokerPlayerMod:ClubsClub","PokerPlayerMod:Configure"],"picked":"SKIP","floor":2},{"not_picked":["PokerPlayerMod:Diamond5","PokerPlayerMod:HotShotCut"],"picked":"PokerPlayerMod:Heart4","floor":3},{"not_picked":["PokerPlayerMod:Diamond2","PokerPlayerMod:Configure","PokerPlayerMod:CloakAndDiamond"],"picked":"SKIP","floor":4},{"not_picked":["PokerPlayerMod:Diamond1","PokerPlayerMod:ClubsClub","PokerPlayerMod:Fold"],"picked":"SKIP","floor":5},{"not_picked":["PokerPlayerMod:Spade2","PokerPlayerMod:CardPrinter"],"picked":"PokerPlayerMod:Diamond7","floor":6},{"not_picked":["PokerPlayerMod:Spade2","PokerPlayerMod:ClubsClub"],"picked":"PokerPlayerMod:MagicTrick","floor":7},{"not_picked":["PokerPlayerMod:Trickery","PokerPlayerMod:StackedDeck","PokerPlayerMod:Spade3"],"picked":"SKIP","floor":8},{"not_picked":["PokerPlayerMod:Diamond3","PokerPlayerMod:Spade3"],"picked":"PokerPlayerMod:Club7","floor":11},{"not_picked":["PokerPlayerMod:DartThrow","PokerPlayerMod:SpadeStrike"],"picked":"PokerPlayerMod:Promotion","floor":13},{"not_picked":["PokerPlayerMod:Spade10+","PokerPlayerMod:Heart8"],"picked":"PokerPlayerMod:Diamond10+","floor":16},{"not_picked":["PokerPlayerMod:CloakAndDiamond","PokerPlayerMod:ClubDance"],"picked":"PokerPlayerMod:Diamond5","floor":18},{"not_picked":["PokerPlayerMod:ClubsClub","PokerPlayerMod:Diamond4"],"picked":"PokerPlayerMod:MagicTrick","floor":20},{"not_picked":["PokerPlayerMod:MagicTrick","PokerPlayerMod:CardBurn"],"picked":"PokerPlayerMod:Diamond5","floor":21},{"not_picked":["PokerPlayerMod:ClubsClub+1","PokerPlayerMod:PoorCopy"],"picked":"PokerPlayerMod:MagicTrick+1","floor":23},{"not_picked":["PokerPlayerMod:Diamond1","PokerPlayerMod:Heart1","PokerPlayerMod:Spade1","PokerPlayerMod:ClubsClub"],"picked":"SKIP","floor":25},{"not_picked":["PokerPlayerMod:Club3","PokerPlayerMod:Diamond1","PokerPlayerMod:Diamond2","PokerPlayerMod:Spade1"],"picked":"SKIP","floor":27},{"not_picked":["PokerPlayerMod:DartThrow","PokerPlayerMod:Diamond1","PokerPlayerMod:Spade4","PokerPlayerMod:Spade3"],"picked":"SKIP","floor":28},{"not_picked":["PokerPlayerMod:Harden+1","PokerPlayerMod:HeartStrike","PokerPlayerMod:HotShotCut"],"picked":"PokerPlayerMod:Sharpen+1","floor":29},{"not_picked":["PokerPlayerMod:Diamond4","PokerPlayerMod:DiamondStrike","PokerPlayerMod:Club8"],"picked":"PokerPlayerMod:RiskyBet+1","floor":31},{"not_picked":["PokerPlayerMod:WildCard","PokerPlayerMod:SecretDealer","PokerPlayerMod:ChangeRules"],"picked":"PokerPlayerMod:Heart10+","floor":33},{"not_picked":["PokerPlayerMod:Diamond2","PokerPlayerMod:Club1","PokerPlayerMod:Configure","PokerPlayerMod:Diamond3"],"picked":"SKIP","floor":35},{"not_picked":["PokerPlayerMod:Configure+1","PokerPlayerMod:ClubsClub+1","PokerPlayerMod:CardBurn+1"],"picked":"PokerPlayerMod:SecondChance+1","floor":38},{"not_picked":["PokerPlayerMod:Trickery+1","PokerPlayerMod:Spade1","PokerPlayerMod:Spade10+"],"picked":"PokerPlayerMod:CardPrinter+1","floor":40},{"not_picked":["PokerPlayerMod:Spade2","PokerPlayerMod:HiddenCard","PokerPlayerMod:Diamond4"],"picked":"PokerPlayerMod:Diamond7","floor":42},{"not_picked":["PokerPlayerMod:ClubsClub+1","PokerPlayerMod:Club8","PokerPlayerMod:RiskyBet"],"picked":"PokerPlayerMod:Sharpen+1","floor":45},{"not_picked":["PokerPlayerMod:Diamond1","PokerPlayerMod:FillThePot","PokerPlayerMod:Club1","PokerPlayerMod:HeartStrike+1"],"picked":"SKIP","floor":46},{"not_picked":["PokerPlayerMod:Configure","PokerPlayerMod:Harden+1","PokerPlayerMod:Spade3"],"picked":"PokerPlayerMod:Diamond10+","floor":47},{"not_picked":["PokerPlayerMod:Spade3","PokerPlayerMod:Trickery+1","PokerPlayerMod:DiamondStrike+1"],"picked":"PokerPlayerMod:Diamond10+","floor":48}],"player_experience":8919,"relics_obtained":[{"floor":6,"key":"PokerPlayerMod:FairLicense"},{"floor":8,"key":"Peace Pipe"},{"floor":9,"key":"Ornamental Fan"},{"floor":11,"key":"Frozen Egg 2"},{"floor":13,"key":"Mummified Hand"},{"floor":23,"key":"Question Card"},{"floor":25,"key":"Toy Ornithopter"},{"floor":26,"key":"Orichalcum"},{"floor":29,"key":"Kunai"},{"floor":31,"key":"Potion Belt"},{"floor":40,"key":"Molten Egg 2"},{"floor":42,"key":"StoneCalendar"},{"floor":43,"key":"White Beast Statue"},{"floor":45,"key":"Mercury Hourglass"},{"floor":47,"key":"PokerPlayerMod:CoolBox"}],"event_choices":[{"damage_healed":0,"gold_gain":75,"player_choice":"Gather Gold","damage_taken":11,"max_hp_gain":0,"max_hp_loss":0,"event_name":"World of Goop","floor":14,"gold_loss":0},{"cards_removed":["PokerPlayerMod:Spade2"],"damage_healed":5,"gold_gain":0,"player_choice":"Offered Special","damage_taken":0,"max_hp_gain":0,"max_hp_loss":0,"event_name":"Bonfire Elementals","floor":19,"gold_loss":0},{"damage_healed":0,"gold_gain":0,"player_choice":"Think Hard","damage_taken":0,"max_hp_gain":0,"max_hp_loss":0,"event_name":"PokerPlayerMod:Vampires","floor":22,"gold_loss":0,"cards_obtained":["PokerPlayerMod:ThinkingTime"]},{"damage_healed":0,"gold_gain":0,"cards_transformed":["PokerPlayerMod:Club2","PokerPlayerMod:Heart2"],"player_choice":"Became Test Subject","damage_taken":0,"max_hp_gain":0,"max_hp_loss":0,"event_name":"Drug Dealer","floor":30,"gold_loss":0,"cards_obtained":["PokerPlayerMod:TheDieIsCast","PokerPlayerMod:HiddenCard"]},{"damage_healed":0,"gold_gain":0,"player_choice":"Max HP","damage_taken":0,"max_hp_gain":0,"max_hp_loss":3,"event_name":"Winding Halls","floor":37,"gold_loss":0},{"damage_healed":0,"gold_gain":0,"player_choice":"Damaged","damage_taken":5,"max_hp_gain":0,"max_hp_loss":0,"event_name":"Wheel of Change","floor":44,"gold_loss":0}],"is_beta":false,"boss_relics":[{"not_picked":["Cursed Key","Ectoplasm"],"picked":"Sozu"},{"not_picked":["SacredBark","Calling Bell"],"picked":"Coffee Dripper"}],"items_purged_floors":[36],"is_endless":false,"potions_floor_spawned":[1,3,6,11,13,18,25,28,33,35,38,45,46,47,48],"ascension_level":1}}