{"host":"56ghxnzsglgdq727","time":1609367750,"event":{"mods":["AchievementEnabler","BaseMod","Minty Spire (QoL Compilation)"],"gold_per_floor":[114,114,114,127,146,179,192,203,227,241,10,85,110,10,10,10,10],"floor_reached":16,"playtime":320,"items_purged":["Body Slam","Defend_R"],"score":118,"play_id":"f9e0664c-c8cd-476f-8c10-2983a9b46d57","local_time":"20201230173550","is_ascension_mode":true,"campfire_choices":[{"floor":15,"key":"REST"}],"circlet_count":0,"master_deck":["Strike_R","Strike_R","Strike_R","Strike_R","Strike_R","Defend_R","Defend_R+1","Defend_R+1","Bash","Burning Pact+1","Dark Embrace","Disarm","Ghostly Armor","Feed"],"relics":["Burning Blood","NeowsBlessing","HornCleat","War Paint","Boot","Happy Flower"],"acts_visited":["Exordium"],"potions_floor_usage":[6,13,13],"damage_taken":[{"damage":0,"enemies":"Jaw Worm","floor":1,"turns":1},{"damage":0,"enemies":"Cultist","floor":4,"turns":1},{"damage":0,"enemies":"2 Louse","floor":5,"turns":1},{"damage":20,"enemies":"Gremlin Nob","floor":6,"turns":4},{"damage":20,"enemies":"Exordium Wildlife","floor":7,"turns":6},{"damage":0,"enemies":"Large Slime","floor":8,"turns":4},{"damage":2,"enemies":"Blue Slaver","floor":10,"turns":3},{"damage":38,"enemies":"Lagavulin","floor":13,"turns":7},{"damage":0,"enemies":"Hexaghost","floor":16,"turns":1}],"seed_played":"2132625328102041738","potions_obtained":[{"floor":5,"key":"DistilledChaos"},{"floor":7,"key":"Dexterity Potion"},{"floor":10,"key":"LiquidMemories"}],"is_trial":false,"path_per_floor":["M","?","?","M","M","E","M","M","T","M","$","?","E","$","R","B"],"character_chosen":"IRONCLAD","items_purchased":["Boot"],"campfire_rested":1,"item_purchase_floors":[11],"current_hp_per_floor":[80,80,80,80,80,66,52,58,58,62,62,51,19,19,43,43,43],"gold":10,"neow_bonus":"THREE_ENEMY_KILL","is_daily":false,"chose_seed":false,"campfire_upgraded":0,"win_rate":0.0,"timestamp":1609367750,"path_taken":["M","?","?","M","M","E","M","?","T","M","$","?","E","?","R","BOSS"],"items_purchased_type":["Relic"],"build_version":"2020-12-22","purchased_purges":2,"victory":false,"max_hp_per_floor":[80,80,80,80,80,80,80,80,80,80,80,80,80,80,80,80,80],"card_choices":[{"not_picked":["Twin Strike","Headbutt"],"picked":"Burning Pact","floor":1},{"not_picked":["Iron Wave","Warcry"],"picked":"Body Slam","floor":4},{"not_picked":["Heavy Blade","Flex","Cleave"],"picked":"SKIP","floor":5},{"not_picked":["Thunderclap","Seeing Red"],"picked":"Dark Embrace","floor":6},{"not_picked":["Cleave","Armaments"],"picked":"Disarm","floor":7},{"not_picked":["Rupture","Armaments","Thunderclap"],"picked":"SKIP","floor":8},{"not_picked":["Twin Strike","Thunderclap","Ghostly Armor"],"picked":"SKIP","floor":10},{"not_picked":["Twin Strike","Thunderclap"],"picked":"Ghostly Armor","floor":10},{"not_picked":["Thunderclap","Wild Strike"],"picked":"Feed","floor":13}],"player_experience":61027,"relics_obtained":[{"floor":6,"key":"HornCleat"},{"floor":9,"key":"War Paint"},{"floor":13,"key":"Happy Flower"}],"event_choices":[{"damage_healed":0,"gold_gain":0,"player_choice":"Grow","damage_taken":0,"max_hp_gain":0,"max_hp_loss":0,"event_name":"Living Wall","floor":2,"gold_loss":0,"cards_upgraded":["Burning Pact"]},{"damage_healed":0,"gold_gain":0,"player_choice":"Bought 0 Potions","damage_taken":0,"max_hp_gain":0,"max_hp_loss":0,"event_name":"The Woman in Blue","floor":3,"gold_loss":0},{"damage_healed":0,"gold_gain":75,"player_choice":"Gather Gold","damage_taken":11,"max_hp_gain":0,"max_hp_loss":0,"event_name":"World of Goop","floor":12,"gold_loss":0}],"is_beta":false,"boss_relics":[],"items_purged_floors":[11,14],"is_endless":false,"potions_floor_spawned":[5,7,10],"killed_by":"Hexaghost","ascension_level":1}}