{"host":"tyfpg4h531zkrrpn","time":1609303526,"event":{"mods":["Act Like it!","BaseMod","CapriCore","Card Filter","Colored Map","Evolution","Minty Spire (QoL Compilation)","MostiFishMod","Permanent Neow","Quick Restart","Relic Filter","StSLib","Waifu the Spire"],"gold_per_floor":[15,15,33,50,50,84,84,118,145,159,173,173,199,214,214,287,287,300,300,300,300,350,378,378,403,426,457,472,491,491,510,510,586,586,605,630,630,630,650,650,650,678,678,697,727,739,779,805,817,829,841,853,865,877,907,907],"floor_reached":57,"playtime":1845,"items_purged":[],"score":3586,"play_id":"40fa7662-f57d-484e-a200-e1500dc65e4c","local_time":"20201229204526","is_ascension_mode":true,"campfire_choices":[{"floor":7,"key":"RECALL"},{"floor":15,"key":"DIG"},{"floor":32,"key":"DIG"},{"floor":46,"key":"DIG"},{"floor":49,"key":"DIG"},{"floor":53,"key":"DIG"}],"circlet_count":0,"master_deck":["AscendersBane","Bash+1","Feel No Pain+1","Body Slam+1","Thunderclap+1","Sword Boomerang+1","Heavy Blade+1","Thunderclap+1","Battle Trance+1","Iron Wave+1","MostiFishMod:CullingBlade+1","Sword Boomerang+1","Rage+1","Iron Wave+1","Pommel Strike+1","Reaper+1","Iron Wave+1","Sever Soul+1","Whirlwind+1","Pommel Strike+1","MostiFishMod:UltimateDefense+9","True Grit+1","Barricade+1","Dropkick+1","Panacea+1","Madness+1","Madness+1","Dark Embrace+1","Pommel Strike+1","True Grit+1"],"relics":["Burning Blood","EVO:Axolotl","DaveBox","DiscerningMonocle","ShadowXiaoBlade","ChiXiaoBlade","DSteel32","SynthV:TestCard","HandDrill","Darkstone Periapt","Bag of Marbles","InkBottle","Shovel","Blue Candle","Bottled Tornado","Pandora\u0027s Box","Molten Egg 2","Champion Belt","Orrery","Kunai","Enchiridion","Blood Vial","Ancient Tea Set","Centennial Puzzle","Girya","xbg","Ginger","TimeFreeze","Lantern","ThornShield","Akabeko","Nunchaku","Chemical X","Ornamental Fan","Gremlin Horn","MawBank","Frozen Egg 2","Thread and Needle","Vajra","White Beast Statue","TungstenRod","Ying","Letter Opener"],"acts_visited":["Exordium","TheCity","TheBeyond","TheEnding"],"potions_floor_usage":[],"damage_taken":[{"damage":2,"enemies":"Jaw Worm","floor":1,"turns":2},{"damage":0,"enemies":"Cultist","floor":3,"turns":2},{"damage":0,"enemies":"2 Louse","floor":4,"turns":1},{"damage":0,"enemies":"Gremlin Nob","floor":6,"turns":2},{"damage":0,"enemies":"Lagavulin","floor":8,"turns":3},{"damage":0,"enemies":"Large Slime","floor":10,"turns":1},{"damage":1,"enemies":"Exordium Wildlife","floor":11,"turns":2},{"damage":0,"enemies":"Gremlin Nob","floor":13,"turns":1},{"damage":0,"enemies":"Looter","floor":14,"turns":1},{"damage":12,"enemies":"The Guardian","floor":16,"turns":3},{"damage":16,"enemies":"3 Byrds","floor":18,"turns":2},{"damage":0,"enemies":"Book of Stabbing","floor":23,"turns":1},{"damage":0,"enemies":"Slavers","floor":25,"turns":1},{"damage":0,"enemies":"Gremlin Leader","floor":27,"turns":1},{"damage":0,"enemies":"Shell Parasite","floor":28,"turns":1},{"damage":0,"enemies":"Chosen and Byrds","floor":29,"turns":1},{"damage":0,"enemies":"Shelled Parasite and Fungi","floor":31,"turns":1},{"damage":0,"enemies":"Collector","floor":33,"turns":2},{"damage":0,"enemies":"3 Shapes","floor":35,"turns":1},{"damage":0,"enemies":"Mind Bloom Boss Battle","floor":36,"turns":1},{"damage":0,"enemies":"Orb Walker","floor":39,"turns":1},{"damage":0,"enemies":"Nemesis","floor":42,"turns":1},{"damage":0,"enemies":"Jaw Worm Horde","floor":44,"turns":1},{"damage":0,"enemies":"Giant Head","floor":45,"turns":1},{"damage":0,"enemies":"Reptomancer","floor":47,"turns":1},{"damage":0,"enemies":"4 Shapes","floor":48,"turns":1},{"damage":14,"enemies":"Time Eater","floor":50,"turns":2},{"damage":0,"enemies":"Donu and Deca","floor":51,"turns":2},{"damage":0,"enemies":"Shield and Spear","floor":55,"turns":2},{"damage":2,"enemies":"The Heart","floor":56,"turns":3}],"seed_played":"-2294539360021043199","potions_obtained":[{"floor":4,"key":"Swift Potion"},{"floor":8,"key":"LiquidMemories"}],"is_trial":false,"path_per_floor":["M","?","M","M","$","E","R","E","T","M","M","?","E","M","R","B",null,"M","?","$","?","?","E","?","E","T","E","M","M","?","M","R","B",null,"M","?","?","$","M","$","?","E","T","M","E","R","E","M","R","B","B",null,"R","$","E","B",null],"character_chosen":"IRONCLAD","items_purchased":["HandDrill","Darkstone Periapt","Bag of Marbles","MostiFishMod:OrdinaryWorld","Molten Egg 2","Champion Belt","Orrery","TimeFreeze","Lantern","ThornShield","Dropkick+1","Akabeko","Nunchaku","Chemical X","Panacea","TungstenRod","Ying","Pommel Strike+1"],"campfire_rested":0,"item_purchase_floors":[5,5,5,5,20,20,20,38,38,38,38,40,40,40,40,54,54,54],"current_hp_per_floor":[72,75,75,75,75,75,75,75,75,75,75,29,35,41,41,35,65,55,55,55,55,55,61,40,46,46,54,62,70,70,75,75,75,75,75,75,75,75,75,75,61,69,69,75,75,75,75,75,75,67,75,75,75,75,75,75],"gold":907,"neow_bonus":"TRANSFORM_TWO_CARDS","is_daily":false,"chose_seed":false,"campfire_upgraded":0,"win_rate":0.0,"timestamp":1609303526,"path_taken":["M","?","?","M","$","E","R","E","T","M","?","?","E","M","R","BOSS","M","?","$","?","?","E","?","E","T","E","M","M","?","?","R","BOSS","M","?","?","$","M","$","?","E","T","M","E","R","E","M","R","BOSS","BOSS","R","$","E","BOSS"],"items_purchased_type":["Relic","Relic","Relic","Card","Relic","Relic","Relic","Relic","Relic","Relic","Card","Relic","Relic","Relic","Card","Relic","Relic","Card"],"build_version":"2020-12-22","purchased_purges":0,"victory":true,"max_hp_per_floor":[75,75,75,75,75,75,75,75,75,75,75,75,75,75,75,75,75,75,75,75,75,75,75,75,75,75,75,75,75,75,75,75,75,75,75,75,75,75,75,75,75,75,75,75,75,75,75,75,75,75,75,75,75,75,75,75],"card_choices":[{"not_picked":["Headbutt","Blood for Blood"],"picked":"Body Slam","floor":1},{"not_picked":["Flex","Inflame","Cleave","Warcry"],"picked":"Thunderclap","floor":3},{"not_picked":["Havoc","MostiFishMod:BrandingRite","Pummel","Clothesline"],"picked":"Sword Boomerang","floor":4},{"not_picked":["Rage","Perfected Strike","MostiFishMod:HellRitual","MostiFishMod:FireWorks","Entrench"],"picked":"SKIP","floor":6},{"not_picked":["Flex","Sentinel","Armaments","True Grit"],"picked":"Heavy Blade","floor":8},{"not_picked":["Body Slam","Armaments","Cleave","Bloodletting"],"picked":"Thunderclap","floor":10},{"not_picked":["Heavy Blade","True Grit","Havoc","Clash","Headbutt"],"picked":"SKIP","floor":11},{"not_picked":["Twin Strike","Flame Barrier","Combust","Dual Wield"],"picked":"Battle Trance","floor":13},{"not_picked":["Sever Soul","MostiFishMod:TemporaryOutbreak","Metallicize","Havoc"],"picked":"Iron Wave","floor":14},{"not_picked":["MostiFishMod:OrdinaryWorld","Berserk","Double Tap","Fiend Fire"],"picked":"MostiFishMod:CullingBlade","floor":16},{"not_picked":["Shockwave","Flex","Cleave","Wild Strike"],"picked":"Rage","floor":18},{"not_picked":["Anger+1","Feel No Pain+1","Shrug It Off","Body Slam+1"],"picked":"Iron Wave+1","floor":20},{"not_picked":["Infernal Blade","Shrug It Off+1","Immolate+1","Sword Boomerang+1"],"picked":"Pommel Strike+1","floor":20},{"not_picked":["Searing Blow+1","Clash+1","Rupture","Heavy Blade+1"],"picked":"Reaper+1","floor":20},{"not_picked":["Armaments","Cleave+1","Wild Strike+1","Heavy Blade+1"],"picked":"Iron Wave+1","floor":20},{"not_picked":["Armaments","Havoc","Carnage+1","Heavy Blade+1"],"picked":"Sever Soul+1","floor":20},{"not_picked":["Heavy Blade+1","Armaments+1","MostiFishMod:#F4004","Dual Wield"],"picked":"Whirlwind+1","floor":23},{"not_picked":["Wild Strike+1","Iron Wave+1","Rage","Uppercut+1"],"picked":"Pommel Strike+1","floor":25},{"not_picked":["Power Through+1","MostiFishMod:#F4004","Combust","Intimidate+1"],"picked":"MostiFishMod:UltimateDefense","floor":27},{"not_picked":["Havoc+1","Dark Embrace","Cleave+1","Perfected Strike+1","Iron Wave+1"],"picked":"SKIP","floor":28},{"not_picked":["Warcry","Body Slam+1","Sword Boomerang+1","Evolve+1","Wild Strike+1"],"picked":"SKIP","floor":29},{"not_picked":["Immolate+1","Sword Boomerang+1","Combust","Iron Wave+1"],"picked":"True Grit+1","floor":31},{"not_picked":["Double Tap","MostiFishMod:FireWorks","Immolate+1","Limit Break"],"picked":"Barricade","floor":33},{"not_picked":["Blood for Blood+1","Sword Boomerang+1","Seeing Red","Carnage+1","Cleave+1"],"picked":"SKIP","floor":35},{"not_picked":["Heavy Blade+1","Iron Wave+1","Thunderclap+1","Blood for Blood+1","Twin Strike+1"],"picked":"SKIP","floor":39},{"not_picked":["Armaments","Heavy Blade+1","Perfected Strike+1","Dual Wield","Rampage+1"],"picked":"SKIP","floor":42},{"not_picked":["Warcry","Offering","Intimidate+1","Spot Weakness","True Grit"],"picked":"SKIP","floor":44},{"not_picked":["Reckless Charge+1","Body Slam+1","Exhume","Fire Breathing","Flex+1"],"picked":"SKIP","floor":45},{"not_picked":["Anger+1","Thunderclap+1","Perfected Strike+1","Pommel Strike+1"],"picked":"Dark Embrace+1","floor":47},{"not_picked":["Rage","Fire Breathing+1","Thunderclap+1","Headbutt+1","Sever Soul+1"],"picked":"SKIP","floor":48},{"not_picked":["Rampage+1","Pommel Strike+1","Ghostly Armor","Rupture+1"],"picked":"True Grit+1","floor":55}],"player_experience":559066,"relics_obtained":[{"floor":1,"key":"SynthV:TestCard"},{"floor":6,"key":"InkBottle"},{"floor":8,"key":"Shovel"},{"floor":13,"key":"Blue Candle"},{"floor":15,"key":"Bottled Tornado"},{"floor":23,"key":"Kunai"},{"floor":24,"key":"Enchiridion"},{"floor":25,"key":"Blood Vial"},{"floor":26,"key":"Ancient Tea Set"},{"floor":27,"key":"Centennial Puzzle"},{"floor":32,"key":"Girya"},{"floor":36,"key":"Ginger"},{"floor":42,"key":"Ornamental Fan"},{"floor":43,"key":"Gremlin Horn"},{"floor":45,"key":"MawBank"},{"floor":46,"key":"Frozen Egg 2"},{"floor":47,"key":"Thread and Needle"},{"floor":49,"key":"Vajra"},{"floor":53,"key":"White Beast Statue"},{"floor":55,"key":"Letter Opener"}],"event_choices":[{"cards_removed":["Sentinel"],"damage_healed":3,"gold_gain":0,"player_choice":"Offered Uncommon","damage_taken":0,"max_hp_gain":0,"max_hp_loss":0,"event_name":"Bonfire Elementals","floor":2,"gold_loss":0},{"damage_healed":0,"gold_gain":0,"player_choice":"Entered Light","damage_taken":23,"max_hp_gain":0,"max_hp_loss":0,"event_name":"Shining Light","floor":12,"gold_loss":0,"cards_upgraded":["Thunderclap","Defend_R"]},{"damage_healed":0,"gold_gain":0,"player_choice":"Ignored","damage_taken":0,"max_hp_gain":0,"max_hp_loss":0,"event_name":"Vampires","floor":19,"gold_loss":0},{"damage_healed":0,"gold_gain":0,"player_choice":"Ignored","damage_taken":0,"max_hp_gain":0,"max_hp_loss":0,"event_name":"Ghosts","floor":21,"gold_loss":0},{"damage_healed":0,"gold_gain":50,"player_choice":"Stole From Cult","damage_taken":0,"max_hp_gain":0,"max_hp_loss":0,"event_name":"Nest","floor":22,"gold_loss":0},{"damage_healed":0,"gold_gain":0,"player_choice":"Obtained Book","damage_taken":21,"max_hp_gain":0,"max_hp_loss":0,"event_name":"Cursed Tome","floor":24,"gold_loss":0},{"damage_healed":0,"gold_gain":0,"player_choice":"Got Potions","damage_taken":0,"max_hp_gain":0,"max_hp_loss":0,"event_name":"Lab","floor":30,"gold_loss":0},{"damage_healed":0,"gold_gain":0,"player_choice":"Fight","damage_taken":0,"max_hp_gain":0,"max_hp_loss":0,"event_name":"MindBloom","floor":36,"gold_loss":0},{"damage_healed":0,"gold_gain":0,"player_choice":"Ignored","damage_taken":0,"max_hp_gain":0,"max_hp_loss":0,"event_name":"Tomb of Lord Red Mask","floor":37,"gold_loss":0},{"damage_healed":0,"gold_gain":0,"player_choice":"Embrace Madness","damage_taken":14,"max_hp_gain":0,"max_hp_loss":0,"event_name":"Winding Halls","floor":41,"gold_loss":0,"cards_obtained":["Madness","Madness"]}],"is_beta":false,"boss_relics":[{"not_picked":["MoonlightInvasionPlan","RhineFirstAidKit"],"picked":"Pandora\u0027s Box"},{"not_picked":["Transparent","Cursed Key"],"picked":"xbg"}],"items_purged_floors":[],"is_endless":false,"potions_floor_spawned":[4,8,13,14,16,23,25,27,29,39,44,45,55],"ascension_level":20}}