{"host":"coame8l8goqx0svj","time":1609286660,"event":{"mods":["BaseMod","Downfall","Minty Spire (QoL Compilation)","StSLib"],"gold_per_floor":[99,119,176,193,219,232,232,232,252,177,189,289,289,315,326,403,403,328,340,340,130,230,246,270,413,438,283,283,34,34,363,377,451,451,376,396,408,253,96,114,184,184,57,57,67,77,77,93,106,106,106,141,26,26,26],"floor_reached":56,"playtime":3368,"items_purged":["champ:Strike"],"score":2410,"play_id":"7e1760be-8516-4c19-9965-88e2f8852b14","local_time":"20201230010420","is_ascension_mode":true,"campfire_choices":[{"floor":1,"key":"RECALL"},{"floor":10,"key":"REST"},{"data":"champ:Taunt","floor":13,"key":"SMITH"},{"data":"champ:Improvising","floor":18,"key":"SMITH"},{"floor":30,"key":"REST"},{"data":"champ:EndlessRage","floor":35,"key":"SMITH"},{"data":"champ:Control","floor":42,"key":"SMITH"},{"data":"Apotheosis","floor":44,"key":"SMITH"},{"data":"champ:Improvising","floor":47,"key":"SMITH"},{"data":"Sadistic Nature","floor":54,"key":"SMITH"}],"circlet_count":0,"master_deck":["AscendersBane","champ:Strike","champ:Strike","champ:Strike","champ:Defend","champ:Defend","champ:Defend","champ:Defend","champ:Execute","champ:Taunt+1","champ:ArenaPreparation","champ:Control+1","champ:EndlessRage+1","champ:DeathBlow","champ:Balance","champ:RapidStrikes","champ:Improvising+1","champ:SteelEdge","Sadistic Nature+1","champ:RisingSlash+1","champ:ArenaPreparation","champ:ShieldSigil","champ:Lariat","champ:ShieldThrow","champ:EnchantSword","champ:Improvising+1","champ:Balance","Apotheosis+1","champ:Duel+1","champ:Improvising+1","champ:GladiatorStyle","champ:RapidStrikes+1"],"relics":["expansioncontent:StudyCardRelic","Sundial","champ:DuelingGlove","downfall:ShatteredFragment","downfall:HeartBlessingRed","CaptainsWheel","Black Star","downfall:HeartBlessingGreen","downfall:RedIOU","Thread and Needle","Bottled Flame","HandDrill","Ice Cream","champ:FightingForDummies","Strange Spoon","Meat on the Bone","Old Coin","Shuriken","SlaversCollar","downfall:HeartBlessingBlue","DollysMirror","Membership Card","Molten Egg 2","Orichalcum","Boot","Oddly Smooth Stone"],"acts_visited":["Exordium","TheCity","TheBeyond","TheEnding"],"potions_floor_usage":[16,26,33,55,55],"damage_taken":[{"damage":18,"enemies":"Jaw Worm","floor":2,"turns":3},{"damage":35,"enemies":"3 Sentries","floor":3,"turns":9},{"damage":5,"enemies":"Cultist","floor":4,"turns":3},{"damage":11,"enemies":"Small Slimes","floor":6,"turns":2},{"damage":10,"enemies":"2 Fungi Beasts","floor":9,"turns":2},{"damage":16,"enemies":"Large Slime","floor":11,"turns":2},{"damage":33,"enemies":"Gremlin Nob","floor":14,"turns":2},{"damage":10,"enemies":"Exordium Wildlife","floor":15,"turns":2},{"damage":34,"enemies":"downfall:Defect","floor":16,"turns":4},{"damage":12,"enemies":"Shell Parasite","floor":19,"turns":4},{"damage":21,"enemies":"downfall:FleeingMerchant","floor":21,"turns":4},{"damage":41,"enemies":"downfall:CharBossIronclad","floor":22,"turns":4},{"damage":8,"enemies":"Chosen","floor":23,"turns":3},{"damage":14,"enemies":"downfall:FleeingMerchant","floor":25,"turns":3},{"damage":40,"enemies":"Book of Stabbing","floor":26,"turns":2},{"damage":20,"enemies":"Gremlin Leader","floor":31,"turns":4},{"damage":20,"enemies":"Centurion and Healer","floor":32,"turns":3},{"damage":37,"enemies":"downfall:Watcher","floor":33,"turns":6},{"damage":44,"enemies":"Orb Walker","floor":36,"turns":3},{"damage":48,"enemies":"3 Darklings","floor":37,"turns":5},{"damage":46,"enemies":"Sphere and 2 Shapes","floor":40,"turns":3},{"damage":14,"enemies":"Maw","floor":45,"turns":5},{"damage":10,"enemies":"Jaw Worm Horde","floor":46,"turns":3},{"damage":15,"enemies":"Spire Growth","floor":48,"turns":4},{"damage":49,"enemies":"Transient","floor":49,"turns":5},{"damage":15,"enemies":"downfall:Silent","floor":50,"turns":4},{"damage":31,"enemies":"downfall:CharBossMerchant","floor":52,"turns":4},{"damage":84,"enemies":"downfall:NeowBoss","floor":55,"turns":13}],"seed_played":"-6048597076972593329","potions_obtained":[{"floor":4,"key":"Dexterity Potion"},{"floor":9,"key":"DistilledChaos"},{"floor":15,"key":"CultistPotion"},{"floor":23,"key":"ColorlessPotion"},{"floor":26,"key":"FearPotion"},{"floor":28,"key":"DuplicationPotion"},{"floor":33,"key":"CultistPotion"}],"is_trial":false,"path_per_floor":["R","M","?","M","T","M","T","?","M","R","M","?","R","E","M","B",null,"R","M","?","$","?","M","T","$","E","$","?","$","R","E","M","B",null,"R","M","M","$","$","M","T","R","$","R","M","M","R","M","M","B",null,"E","$","R","B",null],"character_chosen":"THE_CHAMP","items_purchased":["Sadistic Nature","HandDrill","champ:ShieldSigil","Strange Spoon","Meat on the Bone","DollysMirror","Membership Card","Apotheosis","champ:Duel+1","Oddly Smooth Stone"],"campfire_rested":2,"item_purchase_floors":[21,25,25,27,29,38,39,43,43,53],"current_hp_per_floor":[73,65,60,60,60,60,60,33,33,72,72,72,72,72,62,52,74,74,72,72,69,48,48,48,48,38,38,38,38,62,62,62,66,77,87,91,91,91,91,91,91,91,91,91,87,82,82,82,91,91,91,85,85,85,81],"gold":26,"neow_bonus":"BOSS_RELIC","is_daily":false,"chose_seed":false,"campfire_upgraded":7,"win_rate":0.0,"timestamp":1609286660,"path_taken":["R","M","?","M","?","?","T","?","M","R","M","?","R","E","M","BOSS","R","M","?","$","?","M","T","?","E","$","?","$","R","E","M","BOSS","R","M","?","?","$","?","T","R","$","R","M","M","R","M","M","BOSS","E","$","R","BOSS"],"items_purchased_type":["Card","Relic","Card","Relic","Relic","Relic","Relic","Card","Card","Relic"],"build_version":"2020-12-22","purchased_purges":1,"victory":true,"max_hp_per_floor":[81,81,81,81,81,81,81,81,81,81,81,81,81,81,81,81,81,81,81,81,81,81,81,81,81,81,81,81,81,81,81,81,81,81,91,91,91,91,91,91,91,91,91,91,91,91,91,91,91,91,91,91,91,91,91],"card_choices":[{"not_picked":["champ:FanOfKnives","champ:PerfectedStrike"],"picked":"champ:ArenaPreparation","floor":2},{"not_picked":["champ:Backstep","champ:FalseCounter"],"picked":"champ:Control","floor":3},{"not_picked":["champ:FightOn","champ:ShieldSigil"],"picked":"champ:EndlessRage","floor":4},{"not_picked":["champ:GladiatorsShout","champ:Backstep"],"picked":"champ:DeathBlow","floor":6},{"not_picked":["champ:PerfectedStrike","champ:FightOn"],"picked":"champ:Balance","floor":9},{"not_picked":["champ:Backstep","champ:FanOfKnives","champ:SkillfulDodge"],"picked":"SKIP","floor":11},{"not_picked":["champ:ShieldSigil","champ:DefensiveShout"],"picked":"champ:RapidStrikes","floor":14},{"not_picked":["champ:CrookedStrike","champ:DefensiveStyle","champ:BerserkersShout"],"picked":"SKIP","floor":15},{"not_picked":["champ:MurderStrike","champ:SteelEdge"],"picked":"champ:Improvising","floor":16},{"not_picked":["champ:SkillfulDodge","champ:Haymaker","champ:TornadoPunch"],"picked":"SKIP","floor":19},{"not_picked":["champ:AdrenalArmor","champ:BerserkerStyle"],"picked":"champ:SteelEdge","floor":21},{"not_picked":["champ:FanOfKnives","champ:SkillfulDodge"],"picked":"champ:RisingSlash+1","floor":22},{"not_picked":["champ:FanOfKnives","champ:BerserkersShout","champ:TornadoPunch"],"picked":"SKIP","floor":23},{"not_picked":["champ:GutPunch","champ:RapidStrikes"],"picked":"champ:ArenaPreparation","floor":25},{"not_picked":["champ:CrookedStrike","champ:IgnorePain"],"picked":"champ:Lariat","floor":26},{"not_picked":["champ:FanOfKnives","champ:Circumvent"],"picked":"champ:ShieldThrow","floor":31},{"not_picked":["champ:RageSigil","champ:StanceDance+1","champ:RecklessLeap"],"picked":"SKIP","floor":32},{"not_picked":["champ:CrownThrow","champ:PerfectForm"],"picked":"champ:EnchantSword","floor":33},{"not_picked":["champ:Backstep","champ:FlashCut","champ:DeathBlow"],"picked":"SKIP","floor":36},{"not_picked":["champ:FanOfKnives","champ:TornadoPunch","champ:FocusedDefense"],"picked":"SKIP","floor":37},{"not_picked":["champ:GladiatorsShout","champ:ViciousMockery"],"picked":"champ:Balance","floor":40},{"not_picked":["champ:BladeFlurry+1","champ:HeartStrike+1"],"picked":"champ:Improvising","floor":45},{"not_picked":["champ:FocusedBerserking","champ:HeartStrike+1","champ:PerfectedStrike+1"],"picked":"SKIP","floor":46},{"not_picked":["champ:BerserkersShout","champ:Haymaker+1"],"picked":"champ:GladiatorStyle","floor":48},{"not_picked":["champ:StanceDance+1","champ:ViciousMockery"],"picked":"champ:RapidStrikes+1","floor":49},{"not_picked":["champ:Shatter+1","champ:GladiatorsShout+1","champ:Riposte"],"picked":"SKIP","floor":52}],"player_experience":1723249,"relics_obtained":[{"floor":3,"key":"Sundial"},{"floor":5,"key":"Regal Pillow"},{"floor":7,"key":"champ:DuelingGlove"},{"floor":14,"key":"CaptainsWheel"},{"floor":22,"key":"Thread and Needle"},{"floor":22,"key":"Bottled Flame"},{"floor":26,"key":"Ice Cream"},{"floor":26,"key":"champ:FightingForDummies"},{"floor":31,"key":"Old Coin"},{"floor":31,"key":"Shuriken"},{"floor":41,"key":"Molten Egg 2"},{"floor":52,"key":"Orichalcum"},{"floor":52,"key":"Boot"}],"event_choices":[{"damage_healed":0,"gold_gain":0,"player_choice":"Got Potions","damage_taken":0,"max_hp_gain":0,"max_hp_loss":0,"event_name":"Lab","floor":28,"gold_loss":0}],"is_beta":false,"boss_relics":[{"not_picked":["Pandora\u0027s Box","Coffee Dripper"],"picked":"Black Star"},{"not_picked":["champ:PowerArmor","SacredBark"],"picked":"SlaversCollar"}],"items_purged_floors":[53],"is_endless":false,"potions_floor_spawned":[4,9,11,15,23,26,31,32,33,40,49],"ascension_level":14}}