{"host":"hdafziggwnbzqpcb","time":1609299979,"event":{"mods":["BaseMod","Better Vampires","Colored Map","Colored Powertips","Curses Come First","Duelist Mod","GifTheSpireLib","Hero for Fun","Minty Spire (QoL Compilation)","Quick Restart","Rare Cards Sparkle","Relic Stats","Spicy Shops","StSLib","The Bug Knight","The Cursed","The Marked","The Senshi","The Wild Card","TheHero"],"gold_per_floor":[114,134,147,147,147,147,172,186,186,200,200,200,220,145,145,247,247,261,186,186,186],"floor_reached":20,"playtime":1349,"items_purged":["theSenshi:SailorKick"],"score":200,"play_id":"e9526042-1eeb-42f4-8721-6f00577e4beb","local_time":"20201229194619","is_ascension_mode":true,"campfire_choices":[{"data":"theSenshi:MoonHealingEscalation","floor":6,"key":"SMITH"},{"data":"theSenshi:LateForSchool","floor":12,"key":"SMITH"},{"data":"theSenshi:MoonTiaraMagic","floor":15,"key":"SMITH"}],"circlet_count":0,"master_deck":["theSenshi:SailorKick","theSenshi:SailorKick","theSenshi:SailorKick","theSenshi:SailorBlock","theSenshi:SailorBlock","theSenshi:SailorBlock","theSenshi:RoseThrow","theSenshi:MoonPrismPowerMakeUp+1","theSenshi:MoonTiaraMagic+1","theSenshi:MoonHealingEscalation+1","theSenshi:SteeledNerves","theSenshi:MoonPunch","theSenshi:LateForSchool+1","theSenshi:MoonCosmicPowerMakeUp","theSenshi:SailorMercuryAssists","theSenshi:MoonEternalMakeUp"],"relics":["theSenshi:TransformationBroochRelic","Prayer Wheel","WingedGreaves","Black Star"],"acts_visited":["Exordium","TheCity"],"potions_floor_usage":[16,18,18,18],"damage_taken":[{"damage":4,"enemies":"Cultist","floor":1,"turns":3},{"damage":0,"enemies":"Jaw Worm","floor":2,"turns":3},{"damage":0,"enemies":"2 Louse","floor":3,"turns":4},{"damage":41,"enemies":"3 Sentries","floor":7,"turns":11},{"damage":12,"enemies":"Large Slime","floor":8,"turns":11},{"damage":25,"enemies":"Gremlin Gang","floor":10,"turns":6},{"damage":24,"enemies":"Exordium Wildlife","floor":13,"turns":6},{"damage":48,"enemies":"Hexaghost","floor":16,"turns":14},{"damage":37,"enemies":"3 Byrds","floor":18,"turns":11},{"damage":46,"enemies":"2 Thieves","floor":19,"turns":5},{"damage":51,"enemies":"3 Cultists","floor":20,"turns":5}],"seed_played":"7623149877207179034","potions_obtained":[{"floor":2,"key":"Block Potion"},{"floor":7,"key":"AttackPotion"},{"floor":13,"key":"DistilledChaos"},{"floor":16,"key":"SteroidPotion"}],"is_trial":false,"path_per_floor":["M","M","M","?","T","R","E","M","T","M","?","R","M","$","R","B",null,"M","M","M"],"character_chosen":"THE_SENSHI","items_purchased":[],"campfire_rested":0,"item_purchase_floors":[],"current_hp_per_floor":[71,71,75,80,80,80,63,80,80,80,80,80,76,76,76,48,80,73,27,0,0],"gold":186,"neow_bonus":"UPGRADE_CARD","is_daily":false,"chose_seed":false,"campfire_upgraded":3,"win_rate":0.0,"timestamp":1609299979,"path_taken":["M","?","?","?","?","R","E","?","T","?","?","R","M","$","R","BOSS","M","M","M"],"items_purchased_type":[],"build_version":"2020-12-22","purchased_purges":1,"victory":false,"max_hp_per_floor":[75,75,75,80,80,80,80,80,80,80,80,80,80,80,80,80,80,80,80,80,80],"relic_stats":{"counters":[11,79],"Prayer Wheel":5,"Black Star":0,"obtain_stats":[{"theSenshi:TransformationBroochRelic":0,"Prayer Wheel":5,"WingedGreaves":7,"Black Star":17},{"theSenshi:TransformationBroochRelic":0,"Prayer Wheel":3,"WingedGreaves":4,"Black Star":8},{"theSenshi:TransformationBroochRelic":0,"Prayer Wheel":10,"WingedGreaves":21,"Black Star":58}]},"card_choices":[{"not_picked":["theSenshi:SupersonicWaves","theSenshi:LunasBite"],"picked":"theSenshi:MoonTiaraMagic","floor":1},{"not_picked":["theSenshi:SailorMarsAssists","theSenshi:MoonPunch"],"picked":"theSenshi:MoonHealingEscalation","floor":2},{"not_picked":["theSenshi:TallSilhouette","theSenshi:Sidestep","theSenshi:CrisisMakeUp"],"picked":"SKIP","floor":3},{"not_picked":["theSenshi:MoonKick","theSenshi:Overload"],"picked":"theSenshi:SteeledNerves","floor":7},{"not_picked":["theSenshi:NeptunesGrace","theSenshi:TuxedoSmokingBomber"],"picked":"theSenshi:MoonPunch","floor":8},{"not_picked":["theSenshi:MoonPower","theSenshi:MoonSpiralHeartAttack","theSenshi:SchoolBag"],"picked":"SKIP","floor":8},{"not_picked":["theSenshi:MoonKick","theSenshi:MoonSpiralHeartAttack"],"picked":"theSenshi:LateForSchool","floor":10},{"not_picked":["theSenshi:MoonPrincessHalation","theSenshi:SailorChibiMoonAssists"],"picked":"theSenshi:MoonCosmicPowerMakeUp","floor":10},{"not_picked":["theSenshi:MoonPunch","theSenshi:LunasBite"],"picked":"theSenshi:SailorMercuryAssists","floor":13},{"not_picked":["theSenshi:MoonPower","theSenshi:RainbowMoonHeartAche","theSenshi:HesSoDreamy"],"picked":"SKIP","floor":13},{"not_picked":["theSenshi:SailorPlutoAssists","theSenshi:LunaSensingAllies"],"picked":"theSenshi:MoonEternalMakeUp","floor":16},{"not_picked":["theSenshi:SteeledNerves","theSenshi:CrisisMakeUp","theSenshi:MoonPower+1"],"picked":"SKIP","floor":18},{"not_picked":["theSenshi:SailorStarFighterAssists+1","theSenshi:SailorMarsAssists","theSenshi:LunasBite+1"],"picked":"SKIP","floor":18},{"not_picked":["theSenshi:TuxedoSmokingBomber+1","theSenshi:SupersonicWaves+1","theSenshi:LunasBite"],"picked":"SKIP","floor":19},{"not_picked":["theSenshi:SaturnsMystery+1","theSenshi:MoonPower","theSenshi:SailorCosmosAssists"],"picked":"SKIP","floor":19}],"player_experience":688641,"relics_obtained":[{"floor":5,"key":"Prayer Wheel"},{"floor":7,"key":"WingedGreaves"}],"event_choices":[{"damage_healed":0,"gold_gain":0,"player_choice":"Donut","damage_taken":0,"max_hp_gain":5,"max_hp_loss":0,"event_name":"Big Fish","floor":4,"gold_loss":0},{"cards_removed":["theSenshi:SailorBlock"],"damage_healed":0,"gold_gain":0,"player_choice":"Forget","damage_taken":0,"max_hp_gain":0,"max_hp_loss":0,"event_name":"Living Wall","floor":11,"gold_loss":0}],"is_beta":false,"boss_relics":[{"not_picked":["SacredBark","Tiny House"],"picked":"Black Star"}],"items_purged_floors":[14],"is_endless":false,"potions_floor_spawned":[2,7,13,16],"killed_by":"3 Cultists","ascension_level":3}}