{"host":"sc0o2qwpf9j16a4i","time":1609342333,"event":{"mods":["AchievementEnabler","BaseMod","BetterRewards","Block Reminder","Colored Map","Colored Powertips","Custom Start","Highlight Path","Minty Spire (QoL Compilation)","Relic Stats"],"gold_per_floor":[115,265,265,165,183,183,212,240,240,17,17,34,65,65,65,144,144,161,161,161,179,179,179,192,192,238,67,102,102,46,65,65,65,65],"floor_reached":33,"playtime":862,"items_purged":["Strike_R","Doubt"],"score":788,"play_id":"0c7b4a0a-77cf-4e17-a252-ad0ba2c5499d","local_time":"20201230173213","is_ascension_mode":true,"campfire_choices":[{"data":"Bash","floor":6,"key":"SMITH"},{"data":"Immolate","floor":11,"key":"SMITH"},{"data":"Armaments","floor":15,"key":"SMITH"},{"floor":23,"key":"REST"},{"data":"True Grit","floor":25,"key":"SMITH"},{"data":"Shockwave","floor":29,"key":"SMITH"},{"floor":32,"key":"REST"}],"circlet_count":0,"master_deck":["AscendersBane","Strike_R","Strike_R","Strike_R","Strike_R","Defend_R+1","Defend_R+1","Defend_R","Defend_R","Bash+1","Fire Breathing+1","Burning Pact","Thunderclap+1","Shockwave+1","Immolate+1","True Grit+1","Armaments+1","Exhume","Flame Barrier","Dropkick+1","Burning Pact","Armaments+1","Headbutt+1"],"relics":["Burning Blood","Lee\u0027s Waffle","PreservedInsect","War Paint","Thread and Needle","Odd Mushroom","Toy Ornithopter","Pen Nib","Velvet Choker","Whetstone","DollysMirror","Regal Pillow"],"acts_visited":["Exordium","TheCity"],"potions_floor_usage":[7,12,16,28,31,33],"damage_taken":[{"damage":3,"enemies":"Cultist","floor":1,"turns":4},{"damage":6,"enemies":"2 Louse","floor":5,"turns":2},{"damage":42,"enemies":"Gremlin Nob","floor":7,"turns":5},{"damage":21,"enemies":"The Mushroom Lair","floor":8,"turns":5},{"damage":0,"enemies":"Small Slimes","floor":12,"turns":3},{"damage":0,"enemies":"3 Sentries","floor":13,"turns":2},{"damage":29,"enemies":"Slime Boss","floor":16,"turns":6},{"damage":4,"enemies":"2 Thieves","floor":18,"turns":3},{"damage":8,"enemies":"Shell Parasite","floor":21,"turns":7},{"damage":1,"enemies":"Chosen and Byrds","floor":24,"turns":4},{"damage":38,"enemies":"Gremlin Leader","floor":28,"turns":7},{"damage":36,"enemies":"Shelled Parasite and Fungi","floor":31,"turns":6},{"damage":98,"enemies":"Collector","floor":33,"turns":8}],"seed_played":"7215389645161003741","potions_obtained":[{"floor":1,"key":"Weak Potion"},{"floor":8,"key":"LiquidBronze"},{"floor":12,"key":"ColorlessPotion"},{"floor":18,"key":"ColorlessPotion"}],"is_trial":false,"path_per_floor":["M","?","?","$","M","R","E","?","T","$","R","M","E","$","R","B",null,"M","T","?","M","?","R","M","R","T","$","E","R","$","M","R","B"],"character_chosen":"IRONCLAD","items_purchased":["Lee\u0027s Waffle","PreservedInsect","Fire Breathing","War Paint","Immolate","BloodPotion","DollysMirror","PowerPotion"],"campfire_rested":2,"item_purchase_floors":[0,0,0,0,10,10,27,30],"current_hp_per_floor":[82,82,82,82,82,82,46,31,31,31,31,58,64,64,64,46,73,75,75,75,73,49,75,80,80,80,80,53,53,53,28,69,0,0],"gold":65,"neow_bonus":"","is_daily":false,"chose_seed":false,"campfire_upgraded":5,"win_rate":0.0,"timestamp":1609342333,"path_taken":["M","?","?","$","M","R","E","?","T","$","R","?","E","$","R","BOSS","M","?","?","M","?","R","M","R","T","$","E","R","?","M","R","BOSS"],"items_purchased_type":["Relic","Relic","Card","Relic","Card","Potion","Relic","Potion"],"build_version":"2020-12-22","purchased_purges":2,"victory":false,"max_hp_per_floor":[82,82,82,82,82,82,82,82,82,82,82,82,82,82,82,82,82,82,82,82,82,87,87,87,87,87,87,87,87,87,87,87,87,87],"relic_stats":{"Lee\u0027s Waffle":36,"Regal Pillow":15,"counters":[28,126],"PreservedInsect":103,"Pen Nib":[4],"Whetstone":["Strike_B","Strike_B","Thunderclap","Dropkick"],"War Paint":["Defend_R","Defend_R"],"obtain_stats":[{"Lee\u0027s Waffle":0,"Regal Pillow":28,"NeowsBlessing":0,"Happy Flower":26,"Velvet Choker":17,"Thread and Needle":7,"PreservedInsect":0,"Pen Nib":13,"Omamori":29,"Ginger":7,"Whetstone":26,"War Paint":0,"Odd Mushroom":8,"Burning Blood":0,"Ornamental Fan":12,"DollysMirror":27,"Snecko Eye":17,"StrikeDummy":28,"Toy Ornithopter":9},{"Lee\u0027s Waffle":15,"Regal Pillow":26,"NeowsBlessing":0,"Happy Flower":12,"Velvet Choker":22,"Thread and Needle":18,"PreservedInsect":15,"Pen Nib":21,"Omamori":14,"Ginger":3,"Whetstone":25,"War Paint":15,"Odd Mushroom":19,"Burning Blood":0,"Ornamental Fan":6,"DollysMirror":25,"Snecko Eye":8,"StrikeDummy":14,"Toy Ornithopter":19},{"Lee\u0027s Waffle":64,"Regal Pillow":112,"NeowsBlessing":0,"Happy Flower":51,"Velvet Choker":91,"Thread and Needle":75,"PreservedInsect":64,"Pen Nib":85,"Omamori":60,"Ginger":3,"Whetstone":105,"War Paint":64,"Odd Mushroom":80,"Burning Blood":0,"Ornamental Fan":14,"DollysMirror":105,"Snecko Eye":29,"StrikeDummy":60,"Toy Ornithopter":80}],"Burning Blood":142,"Toy Ornithopter":25},"card_choices":[{"not_picked":["Cleave","Pummel"],"picked":"Burning Pact","floor":1},{"not_picked":["Entrench","Flex"],"picked":"Thunderclap","floor":5},{"not_picked":["Clash","Sever Soul","Flex"],"picked":"SKIP","floor":7},{"not_picked":["Perfected Strike","Seeing Red"],"picked":"Shockwave","floor":8},{"not_picked":["Bloodletting","Dark Embrace"],"picked":"True Grit","floor":12},{"not_picked":["Clash","Heavy Blade"],"picked":"Armaments","floor":13},{"not_picked":["Juggernaut","Bludgeon"],"picked":"Exhume","floor":16},{"not_picked":["Dropkick+1","Pommel Strike"],"picked":"Flame Barrier","floor":18},{"not_picked":["Ghostly Armor","Carnage"],"picked":"Dropkick","floor":21},{"not_picked":["Infernal Blade+1","Heavy Blade"],"picked":"Burning Pact","floor":24},{"not_picked":["Sword Boomerang","Heavy Blade"],"picked":"Headbutt+1","floor":28},{"not_picked":["Blood for Blood","Anger","Rampage"],"picked":"SKIP","floor":31}],"player_experience":451572,"relics_obtained":[{"floor":7,"key":"Thread and Needle"},{"floor":8,"key":"Odd Mushroom"},{"floor":9,"key":"Toy Ornithopter"},{"floor":13,"key":"Pen Nib"},{"floor":26,"key":"Whetstone"},{"floor":28,"key":"Regal Pillow"}],"event_choices":[{"damage_healed":0,"gold_gain":150,"player_choice":"AGREE","damage_taken":0,"max_hp_gain":0,"max_hp_loss":0,"event_name":"Liars Game","floor":2,"gold_loss":0,"cards_obtained":["Doubt"]},{"damage_healed":0,"gold_gain":0,"player_choice":"Grow","damage_taken":0,"max_hp_gain":0,"max_hp_loss":0,"event_name":"Living Wall","floor":3,"gold_loss":0,"cards_upgraded":["Fire Breathing"]},{"damage_healed":0,"gold_gain":0,"player_choice":"Fought Mushrooms","damage_taken":0,"max_hp_gain":0,"max_hp_loss":0,"event_name":"Mushrooms","floor":8,"gold_loss":0},{"damage_healed":0,"gold_gain":0,"player_choice":"Ignored","damage_taken":0,"max_hp_gain":0,"max_hp_loss":0,"event_name":"The Mausoleum","floor":20,"gold_loss":0},{"damage_healed":0,"gold_gain":0,"player_choice":"Shed Blood","damage_taken":29,"max_hp_gain":5,"max_hp_loss":0,"event_name":"Forgotten Altar","floor":22,"gold_loss":0}],"is_beta":false,"boss_relics":[{"not_picked":["Pandora\u0027s Box","Empty Cage"],"picked":"Velvet Choker"}],"items_purged_floors":[0,4],"is_endless":false,"potions_floor_spawned":[1,8,12,18,21,24],"killed_by":"Collector","ascension_level":20}}