{"host":"oy4pyvr762z5n0bb","time":1609304222,"event":{"mods":["AchievementEnabler","BaseMod","Colored Map","Colored Powertips","Googly Eyes","Key Reminder","Minty Spire (QoL Compilation)","Quick Restart","Relic Sorter","StSLib","SuperFastMode","Unceasing Turn Reminder","slay the spire mod where everything is the same but ironclad has a cowboy hat"],"gold_per_floor":[218,218,237,257,165,165,194,44,44,44,44,57,7,40,40,141,141,152,172,183,203,203,203,237,262,342,342,354,354,9,38,38,38,38],"floor_reached":33,"playtime":677,"items_purged":["Strike_R","Strike_R"],"score":360,"play_id":"70f0a018-9252-4fa1-8ab7-9c9982c8b8ed","local_time":"20201229205702","is_ascension_mode":true,"campfire_choices":[{"data":"Inflame","floor":6,"key":"SMITH"},{"data":"Cleave","floor":10,"key":"SMITH"},{"data":"Ghostly Armor","floor":15,"key":"SMITH"},{"floor":23,"key":"REST"},{"floor":27,"key":"REST"},{"floor":29,"key":"REST"},{"data":"Double Tap","floor":32,"key":"SMITH"}],"circlet_count":0,"master_deck":["Strike_R","Strike_R","Defend_R","Defend_R","Defend_R","Defend_R","Bash","Twin Strike","Ghostly Armor+1","Wild Strike","Headbutt","Inflame+1","Cleave+1","Thunderclap","Twin Strike","Sword Boomerang","Sword Boomerang","Armaments","Pommel Strike+1","Double Tap+1","Heavy Blade+1","Armaments+1","Offering","Battle Trance+1","Armaments+1"],"relics":["Burning Blood","Gremlin Horn","Orrery","Smiling Mask","Molten Egg 2","keyreminder:keyreminder","Mark of Pain","CeramicFish","Tiny Chest","InkBottle","PreservedInsect","Sling"],"acts_visited":["Exordium","TheCity"],"potions_floor_usage":[7,14,20,20,21,25,33,33],"damage_taken":[{"damage":4,"enemies":"2 Louse","floor":1,"turns":3},{"damage":0,"enemies":"Cultist","floor":3,"turns":4},{"damage":2,"enemies":"Small Slimes","floor":4,"turns":3},{"damage":8,"enemies":"Gremlin Nob","floor":7,"turns":3},{"damage":0,"enemies":"Gremlin Gang","floor":12,"turns":2},{"damage":15,"enemies":"3 Sentries","floor":14,"turns":4},{"damage":51,"enemies":"Hexaghost","floor":16,"turns":10},{"damage":23,"enemies":"2 Thieves","floor":18,"turns":3},{"damage":0,"enemies":"Spheric Guardian","floor":19,"turns":2},{"damage":16,"enemies":"Chosen and Byrds","floor":20,"turns":4},{"damage":25,"enemies":"Centurion and Healer","floor":21,"turns":5},{"damage":37,"enemies":"Gremlin Leader","floor":24,"turns":5},{"damage":24,"enemies":"Shelled Parasite and Fungi","floor":25,"turns":3},{"damage":6,"enemies":"3 Cultists","floor":28,"turns":2},{"damage":18,"enemies":"Cultist and Chosen","floor":31,"turns":3},{"damage":63,"enemies":"Champ","floor":33,"turns":6}],"seed_played":"-532423035669525826","potions_obtained":[{"floor":1,"key":"Energy Potion"},{"floor":11,"key":"CultistPotion"},{"floor":11,"key":"FearPotion"},{"floor":11,"key":"Regen Potion"},{"floor":16,"key":"ColorlessPotion"},{"floor":20,"key":"Energy Potion"},{"floor":24,"key":"PowerPotion"},{"floor":28,"key":"LiquidBronze"},{"floor":31,"key":"SteroidPotion"}],"is_trial":false,"path_per_floor":["M","?","M","M","$","R","E","$","T","R","?","M","$","E","R","B",null,"M","M","M","M","?","R","E","M","T","R","M","R","$","M","R","B"],"character_chosen":"IRONCLAD","items_purchased":["Inflame","Cleave","Orrery","PreservedInsect","Sling"],"campfire_rested":3,"item_purchase_floors":[5,5,8,30,30],"current_hp_per_floor":[74,74,80,80,80,80,78,78,78,78,78,80,80,71,71,26,67,50,56,46,41,41,65,34,16,16,40,40,64,64,52,52,0,0],"gold":38,"neow_bonus":"HUNDRED_GOLD","is_daily":false,"chose_seed":false,"campfire_upgraded":4,"win_rate":0.0,"timestamp":1609304222,"path_taken":["M","?","M","M","?","R","E","$","T","R","?","M","$","E","R","BOSS","M","M","M","?","?","R","E","M","T","R","M","R","$","M","R","BOSS"],"items_purchased_type":["Card","Card","Relic","Relic","Relic"],"build_version":"2020-12-22","purchased_purges":2,"victory":false,"max_hp_per_floor":[80,80,80,80,80,80,80,80,80,80,80,80,80,80,80,80,80,80,80,80,80,80,80,80,80,80,80,80,80,80,80,80,80,80],"card_choices":[{"not_picked":["Reckless Charge","Rupture"],"picked":"Twin Strike","floor":1},{"not_picked":["Second Wind","Headbutt"],"picked":"Wild Strike","floor":3},{"not_picked":["True Grit","Thunderclap"],"picked":"Headbutt","floor":4},{"not_picked":["Infernal Blade","Sword Boomerang"],"picked":"Thunderclap","floor":7},{"not_picked":["Disarm","Feel No Pain"],"picked":"Twin Strike","floor":8},{"not_picked":["Rage","Sentinel"],"picked":"Sword Boomerang","floor":8},{"not_picked":["Dark Embrace","Brutality"],"picked":"Sword Boomerang","floor":8},{"not_picked":["Rage","Juggernaut"],"picked":"Armaments","floor":12},{"not_picked":["Barricade","Bloodletting"],"picked":"Pommel Strike+1","floor":14},{"not_picked":["Impervious","Exhume"],"picked":"Double Tap","floor":16},{"not_picked":["Headbutt+1","Rampage+1","Power Through"],"picked":"SKIP","floor":18},{"not_picked":["Bloodletting","Second Wind"],"picked":"Heavy Blade+1","floor":19},{"not_picked":["Anger+1","Barricade","Body Slam+1"],"picked":"SKIP","floor":20},{"not_picked":["Anger+1","Pommel Strike+1"],"picked":"Armaments+1","floor":21},{"not_picked":["Cleave+1","Combust"],"picked":"Offering","floor":24},{"not_picked":["Dual Wield","Flex"],"picked":"Battle Trance+1","floor":25},{"not_picked":["Clothesline+1","Armaments","Searing Blow+1"],"picked":"SKIP","floor":28},{"not_picked":["Clash+1","Whirlwind+1"],"picked":"Armaments+1","floor":31}],"player_experience":617636,"relics_obtained":[{"floor":7,"key":"Gremlin Horn"},{"floor":9,"key":"Smiling Mask"},{"floor":14,"key":"Molten Egg 2"},{"floor":24,"key":"Tiny Chest"},{"floor":26,"key":"InkBottle"}],"event_choices":[{"damage_healed":0,"gold_gain":0,"cards_transformed":["Strike_R"],"player_choice":"Transformed","damage_taken":0,"max_hp_gain":0,"max_hp_loss":0,"event_name":"Transmorgrifier","floor":2,"gold_loss":0,"cards_obtained":["Ghostly Armor"]},{"damage_healed":0,"gold_gain":0,"player_choice":"Got Potions","damage_taken":0,"max_hp_gain":0,"max_hp_loss":0,"event_name":"Lab","floor":11,"gold_loss":0},{"damage_healed":0,"gold_gain":0,"player_choice":"Opened","damage_taken":0,"relics_obtained":["CeramicFish"],"max_hp_gain":0,"max_hp_loss":0,"event_name":"The Mausoleum","floor":22,"gold_loss":0}],"is_beta":false,"boss_relics":[{"not_picked":["Pandora\u0027s Box","Runic Cube"],"picked":"Mark of Pain"}],"items_purged_floors":[13,30],"is_endless":false,"potions_floor_spawned":[1,12,16,20,24,28,31],"killed_by":"Champ","ascension_level":6}}