{"host":"wha9hktbkslqvblg","time":1609348421,"event":{"mods":["BaseMod","Colored Map","Minty Spire (QoL Compilation)","Relic Stats","SuperFastMode","everything is the same but u backflip on backflip"],"gold_per_floor":[109,34,34,34,34,34,68,81,81,51,51,69,69,69],"floor_reached":13,"playtime":123,"items_purged":["Strike_R"],"score":212,"play_id":"136a0999-55d2-4800-a586-d1e577b2b7bc","local_time":"20201231021341","is_ascension_mode":true,"campfire_choices":[{"data":"Bash","floor":6,"key":"SMITH"},{"data":"Body Slam","floor":11,"key":"SMITH"}],"circlet_count":0,"master_deck":["AscendersBane","Strike_R","Strike_R","Strike_R","Strike_R","Defend_R","Defend_R","Defend_R","Defend_R","Bash+1","Flame Barrier","Uppercut","Body Slam+1"],"relics":["Burning Blood","NeowsBlessing","Golden Idol","Frozen Egg 2","Paper Frog","Champion Belt"],"acts_visited":["Exordium"],"potions_floor_usage":[13],"damage_taken":[{"damage":0,"enemies":"Jaw Worm","floor":1,"turns":1},{"damage":0,"enemies":"Lagavulin","floor":7,"turns":1},{"damage":0,"enemies":"2 Louse","floor":8,"turns":1},{"damage":8,"enemies":"Small Slimes","floor":12,"turns":3},{"damage":20,"enemies":"3 Sentries","floor":13,"turns":7}],"seed_played":"-573596342610674889","potions_obtained":[{"floor":7,"key":"Fire Potion"},{"floor":8,"key":"DuplicationPotion"}],"is_trial":false,"path_per_floor":["M","$","?","?","?","R","E","M","T","$","R","M","E"],"character_chosen":"IRONCLAD","items_purchased":["Body Slam"],"campfire_rested":0,"item_purchase_floors":[10],"current_hp_per_floor":[74,74,48,22,22,22,28,34,34,34,34,32,12,12],"gold":69,"neow_bonus":"THREE_ENEMY_KILL","is_daily":false,"chose_seed":false,"campfire_upgraded":2,"win_rate":0.0,"timestamp":1609348421,"path_taken":["M","$","?","?","?","R","E","M","T","?","R","?","E"],"items_purchased_type":["Card"],"build_version":"2020-12-22","purchased_purges":1,"victory":false,"max_hp_per_floor":[75,75,75,75,75,75,75,75,75,75,75,75,75,75],"relic_stats":{"counters":[5,13],"Golden Idol":14,"Champion Belt":[1],"obtain_stats":[{"NeowsBlessing":0,"Golden Idol":3,"Champion Belt":9,"Frozen Egg 2":4,"Burning Blood":0,"Paper Frog":7},{"NeowsBlessing":0,"Golden Idol":1,"Champion Belt":3,"Frozen Egg 2":1,"Burning Blood":0,"Paper Frog":2},{"NeowsBlessing":0,"Golden Idol":1,"Champion Belt":3,"Frozen Egg 2":1,"Burning Blood":0,"Paper Frog":2}],"Burning Blood":24},"card_choices":[{"not_picked":["Thunderclap","Spot Weakness","Clash"],"picked":"SKIP","floor":1},{"not_picked":["Pommel Strike","Shrug It Off"],"picked":"Flame Barrier","floor":7},{"not_picked":["Clothesline","Wild Strike"],"picked":"Uppercut","floor":8},{"not_picked":["Headbutt","Pommel Strike","Carnage"],"picked":"SKIP","floor":12}],"player_experience":912805,"relics_obtained":[{"floor":7,"key":"Paper Frog"},{"floor":9,"key":"Champion Belt"}],"event_choices":[{"damage_healed":0,"gold_gain":0,"player_choice":"Take Damage","damage_taken":26,"relics_obtained":["Golden Idol"],"max_hp_gain":0,"max_hp_loss":0,"event_name":"Golden Idol","floor":3,"gold_loss":0},{"damage_healed":0,"gold_gain":0,"player_choice":"Success","damage_taken":26,"relics_obtained":["Frozen Egg 2"],"max_hp_gain":0,"max_hp_loss":0,"event_name":"Scrap Ooze","floor":4,"gold_loss":0},{"damage_healed":0,"gold_gain":0,"player_choice":"Ignored","damage_taken":0,"max_hp_gain":0,"max_hp_loss":0,"event_name":"Shining Light","floor":5,"gold_loss":0}],"is_beta":false,"boss_relics":[],"items_purged_floors":[2],"is_endless":false,"potions_floor_spawned":[7,8],"killed_by":"3 Sentries","ascension_level":20}}