{"host":"34kve6bedbwpq90u","time":1609337451,"event":{"mods":["AchievementEnabler","Arknights The Spire","BaseMod","BetterRewards","Colored Map","Custom Start","Decade(王小明)","Defuse TimeMaze Blight","Downfall","Friendly Minions","GifTheSpireLib","HexUI Lib","HololiveMod","Minty Spire (QoL Compilation)","MostiFishMod","Quarter Circle Forward PUNCH!","RumiaBox-露米娅的神秘盒子","Ryuuou龙王","Shop Mod","Spicy Shops","StSLib","TestMod","The Fake Hero","The Runesmith","Waifu the Spire","WarShipGirlsR/战舰少女R mod","vexMod"],"gold_per_floor":[112,112,287,303,303,303,283,312,312,322,322,335,346,362,362,466,466,478,478,478,497,522,554,554,554,554,565,578,607,619,641,653,770,782,810,842,854,866,255,255,1270,1270,1349,1224,2254,3266,4277,5297,5297,6297],"floor_reached":51,"playtime":2094,"items_purged":["Doubt","KamenRideBlade+1","Kuuga_Rising+1"],"score":1044,"play_id":"ca309196-4a13-46b8-bf0e-7c89c0b67ef0","local_time":"20201230221051","is_ascension_mode":false,"campfire_choices":[{"data":"FormRide","floor":6,"key":"SMITH"},{"data":"KamenRide","floor":11,"key":"SMITH"},{"data":"RideBooker_Skill_3","floor":15,"key":"SMITH"},{"data":"DecadeViolentEmotion","floor":24,"key":"SMITH"},{"data":"Kabuto_ClockUp","floor":30,"key":"SMITH"},{"data":"RideBooker_Skill_2","floor":32,"key":"SMITH"},{"floor":40,"key":"RECALL"},{"data":"Ryuuou:NotRegret","floor":42,"key":"SMITH"},{"floor":49,"key":"REST"}],"circlet_count":0,"master_deck":["Decade_Attack+1","Decade_Attack+1","Decade_Attack+1","Decade_Attack+1","KamenRide+1","Decade_SpecialSkill+1","Decade_Defend+1","Decade_Defend+1","Decade_Defend+1","FormRide+1","RideBooker_Skill_3+1","DecadeViolentEmotion+1","RideBooker_Skill_2+1","FormRideFlame+4","Kabuto_ClockUp+1","DragShield","KamenRideAgito+1","Ryuuou:NotRegret+1","PrometheusPower+1"],"relics":["Decadriver","TOEIDeficitBill","testmod-TestBox","DaveBox","CombinedTypeHook","testmod-BouquetWithThorns","NeowsBlessing","SynthV:TestCard","testmod-LifeArmor","ats:Originium","PreservedInsect","testmod-Justice","Lantern","vexMod:FocusSash","MawBank","Busted Crown","Lee\u0027s Waffle","ArrowTower","qcfpunch:Necklace_of_Skulls"],"acts_visited":["Exordium","TheCity","TheBeyond"],"potions_floor_usage":[],"damage_taken":[{"damage":0,"enemies":"Jaw Worm","floor":1,"turns":1},{"damage":0,"enemies":"2 Louse","floor":4,"turns":1},{"damage":0,"enemies":"3 Sentries","floor":8,"turns":1},{"damage":0,"enemies":"Small Slimes","floor":10,"turns":2},{"damage":16,"enemies":"Red Slaver","floor":12,"turns":2},{"damage":4,"enemies":"2 Fungi Beasts","floor":13,"turns":2},{"damage":0,"enemies":"3 Louse","floor":14,"turns":2},{"damage":17,"enemies":"Hexaghost","floor":16,"turns":4},{"damage":9,"enemies":"Spheric Guardian","floor":18,"turns":4},{"damage":10,"enemies":"2 Thieves","floor":21,"turns":2},{"damage":16,"enemies":"Gremlin Leader","floor":23,"turns":3},{"damage":9,"enemies":"Centurion and Healer","floor":27,"turns":3},{"damage":38,"enemies":"Sentry and Sphere","floor":28,"turns":6},{"damage":10,"enemies":"Book of Stabbing","floor":29,"turns":3},{"damage":0,"enemies":"Shelled Parasite and Fungi","floor":31,"turns":2},{"damage":8,"enemies":"Automaton","floor":33,"turns":8},{"damage":10,"enemies":"Orb Walker","floor":35,"turns":2},{"damage":9,"enemies":"3 Shapes","floor":36,"turns":2},{"damage":0,"enemies":"3 Darklings","floor":41,"turns":3},{"damage":0,"enemies":"Giant Head","floor":45,"turns":2},{"damage":0,"enemies":"Maw","floor":46,"turns":1},{"damage":3,"enemies":"4 Shapes","floor":47,"turns":1},{"damage":0,"enemies":"Sphere and 2 Shapes","floor":48,"turns":2},{"damage":0,"enemies":"Donu and Deca","floor":50,"turns":1}],"seed_played":"5185601749761566768","potions_obtained":[{"floor":4,"key":"ColorlessPotion"},{"floor":7,"key":"hexamod:EctoCoolerPotion"},{"floor":8,"key":"hexamod:EctoCoolerPotion"}],"is_trial":false,"path_per_floor":["M","?","?","M","?","R","?","E","T","M","R","M","M","M","R","B",null,"M","?","?","M","T","E","R","?","T","M","M","E","R","M","R","B",null,"M","M","?","?","$","R","M","R","T","$","E","M","M","M","R","B",null],"character_chosen":"Decade","items_purchased":["Lee\u0027s Waffle","ArrowTower"],"campfire_rested":1,"item_purchase_floors":[39,39],"current_hp_per_floor":[70,63,63,63,68,68,68,68,68,73,73,64,65,65,65,58,75,73,73,73,65,65,61,61,61,61,61,63,53,53,53,53,51,75,65,56,75,75,82,82,82,82,82,82,82,82,79,79,82,82],"gold":6297,"neow_bonus":"THREE_ENEMY_KILL","is_daily":false,"chose_seed":false,"campfire_upgraded":7,"win_rate":0.0,"timestamp":1609337451,"path_taken":["M","?","?","M","?","R","?","E","T","M","R","M","M","?","R","BOSS","M","?","?","?","?","E","R","?","T","?","M","E","R","M","R","BOSS","M","?","?","?","?","R","?","R","T","?","E","M","M","M","R","BOSS"],"items_purchased_type":["Relic","Relic"],"build_version":"2020-12-22","purchased_purges":3,"victory":true,"max_hp_per_floor":[70,70,70,70,75,75,75,75,75,75,75,75,75,75,75,75,75,75,75,75,75,75,75,75,75,75,75,75,75,75,75,75,75,75,75,75,75,75,82,82,82,82,82,82,82,82,82,82,82,82],"card_choices":[{"not_picked":["Decade_Defend2","FormRideGaruru","Hibiki_FEVER","Decade_Invisible"],"picked":"FormRide","floor":4},{"not_picked":["DenO_Ax","RideBooker_Skill_1","Kiva_Eat","UnarmedAttack8"],"picked":"KamenRideBlade","floor":12},{"not_picked":["Kuuga_GouramAttack","Kiva_Bats","Decade_Dash2","Hibiki_Attack3"],"picked":"RideBooker_Skill_3","floor":13},{"not_picked":["FormRideAxel","DenO_Climax","UnarmedAttack9","TimeVent"],"picked":"Kuuga_Rising","floor":16},{"not_picked":["Kiva_Eat","UnarmedAttack9","FormRideAxel","Kuuga_Rising"],"picked":"DecadeViolentEmotion","floor":16},{"not_picked":["DenO_Rod","DenO_Sword","UnarmedAttack5","DenO_Ax"],"picked":"RideBooker_Skill_2","floor":18},{"not_picked":["UnarmedAttack3","Decade_Defend2","FormRideStorm","UnarmedAttack4"],"picked":"FormRideFlame+1","floor":27},{"not_picked":["KamenRideKiva","FormRide","Dragreder+1","FormRideDogga"],"picked":"Kabuto_ClockUp","floor":28},{"not_picked":["Decade_Defend2+1","DenO_Ax","RideBooker_Skill_1","Decade_Defend3+1"],"picked":"DragShield","floor":28},{"not_picked":["DragShield","UnarmedAttack5+1","FormRideDogga+1","Hibiki_Attack1"],"picked":"KamenRideAgito","floor":29},{"not_picked":["FormRidePegasus+1","Hibiki_Attack1"],"picked":"KamenRideDecade","floor":36},{"not_picked":["FormRidePegasus","FormRideGaruru+1"],"picked":"PrometheusPower+1","floor":47},{"not_picked":["Decade_Invisible+1","DragShield","Decade_Dash1"],"picked":"SKIP","floor":48}],"player_experience":61308,"relics_obtained":[{"floor":1,"key":"SynthV:TestCard"},{"floor":8,"key":"testmod-LifeArmor"},{"floor":8,"key":"ats:Originium"},{"floor":9,"key":"PreservedInsect"},{"floor":22,"key":"Lantern"},{"floor":23,"key":"ats:Originium"},{"floor":23,"key":"vexMod:FocusSash"},{"floor":29,"key":"ats:Originium"},{"floor":29,"key":"MawBank"},{"floor":43,"key":"qcfpunch:Necklace_of_Skulls"}],"event_choices":[{"cards_removed":["Decade_Defend"],"damage_healed":0,"gold_gain":0,"player_choice":"Card Removal","damage_taken":7,"max_hp_gain":0,"max_hp_loss":0,"event_name":"Golden Wing","floor":2,"gold_loss":0},{"damage_healed":0,"gold_gain":175,"player_choice":"AGREE","damage_taken":0,"max_hp_gain":0,"max_hp_loss":0,"event_name":"Liars Game","floor":3,"gold_loss":0,"cards_obtained":["Doubt"]},{"damage_healed":0,"gold_gain":0,"player_choice":"Donut","damage_taken":0,"max_hp_gain":5,"max_hp_loss":0,"event_name":"Big Fish","floor":5,"gold_loss":0},{"damage_healed":0,"gold_gain":0,"player_choice":"Bought 1 Potion","damage_taken":0,"max_hp_gain":0,"max_hp_loss":0,"event_name":"The Woman in Blue","floor":7,"gold_loss":0},{"damage_healed":0,"gold_gain":0,"player_choice":"Opened","damage_taken":0,"relics_obtained":["testmod-Justice"],"max_hp_gain":0,"max_hp_loss":0,"event_name":"The Mausoleum","floor":19,"gold_loss":0,"cards_obtained":["Writhe"]},{"cards_removed":["Writhe"],"damage_healed":0,"gold_gain":0,"player_choice":"Purged","damage_taken":0,"max_hp_gain":0,"max_hp_loss":0,"event_name":"Purifier","floor":20,"gold_loss":0},{"damage_healed":0,"gold_gain":0,"player_choice":"Forge","damage_taken":0,"max_hp_gain":0,"max_hp_loss":0,"event_name":"Accursed Blacksmith","floor":25,"gold_loss":0,"cards_upgraded":["Kuuga_Rising"]},{"cards_removed":["KamenRideDecade"],"damage_healed":0,"gold_gain":0,"player_choice":"Removed Power","damage_taken":0,"max_hp_gain":0,"max_hp_loss":0,"event_name":"Falling","floor":38,"gold_loss":0}],"is_beta":false,"boss_relics":[{"not_picked":["qcfpunch:Dark_Gi","vexMod:EndlessSickness","MostiFishMod:Hod"]},{"not_picked":["testmod-StringDisintegrator","RhineCircuit"],"picked":"Busted Crown"}],"items_purged_floors":[39,39,44],"is_endless":false,"potions_floor_spawned":[4,8,12,16,18,21,28,31,36,46,47,48],"ascension_level":0}}