{"host":"j3h0p3l2xgzxhnx7","time":1609327995,"event":{"mods":["BaseMod","Luminous","Marisa????????","Minty Spire (QoL Compilation)","Remilia??????","StSLib","The Bug Knight","The Cursed","The Servant 0.9.4"],"gold_per_floor":[110,110,120,120,136,166,214,489,512,512,529,564,564,581,581,677,677,694,717,734,747,1,1,20,40,40,40,56,56,56,69,69,167,167,182,182,116,133,58,88,88,88,88,123,143,143,43,62,62,62],"floor_reached":51,"playtime":3073,"items_purged":["TheCursedMod:Defend_TheCursed"],"score":817,"play_id":"46bf749a-9d48-49b7-95cc-79b414ea70d9","local_time":"20201230193315","is_ascension_mode":false,"campfire_choices":[{"floor":10,"key":"REST"},{"floor":13,"key":"REST"},{"data":"TheCursedMod:Hemoplague","floor":15,"key":"SMITH"},{"data":"TheCursedMod:HellfireBreathing","floor":23,"key":"SMITH"},{"floor":30,"key":"REST"},{"data":"TheCursedMod:Neurasthenia","floor":32,"key":"SMITH"},{"data":"TheCursedMod:CursedWand","floor":41,"key":"SMITH"},{"data":"TheCursedMod:SpitefulPlan","floor":46,"key":"SMITH"},{"data":"TheCursedMod:TacticalStrike","floor":49,"key":"SMITH"}],"circlet_count":0,"master_deck":["TheCursedMod:Strike_TheCursed","TheCursedMod:Strike_TheCursed","TheCursedMod:Strike_TheCursed","TheCursedMod:Strike_TheCursed","TheCursedMod:Defend_TheCursed","TheCursedMod:Defend_TheCursed","TheCursedMod:Defend_TheCursed","TheCursedMod:CursedWand+1","TheCursedMod:CleanUpWorkshop+1","TheCursedMod:Dregs","Bandage Up+1","TheCursedMod:HellfireBreathing+1","TheCursedMod:FleshFromBone","TheCursedMod:CursedSpellbook","TheCursedMod:Hemoplague+1","Regret","TheCursedMod:RapidMovement","TheCursedMod:CursedBlade","TheCursedMod:TacticalStrike+1","TheCursedMod:Neurasthenia+1","TheCursedMod:LuckyCharm+1","TheCursedMod:SpitefulPlan+1","TheCursedMod:CursedShiv","TheCursedMod:CircleOfCorruption","TheCursedMod:CursedSpellbook","TheCursedMod:CircleOfFlame","TheCursedMod:Stretching+1","TheCursedMod:RapidMovement+1","TheCursedMod:SaltUponWound","TheCursedMod:StingEye+1","TheCursedMod:VitalStrike","Writhe","TheCursedMod:CursedShiv+1","TheCursedMod:TacticalStrike+1","TheCursedMod:VitalStrike+1"],"relics":["TheCursedMod:BlackMagic101","Bronze Scales","Boot","Toy Ornithopter","HornCleat","TheCursedMod:OminousMark","Juzu Bracelet","Lizard Tail","Regal Pillow","Lee\u0027s Waffle","Shuriken","Black Star","Anchor","HollowMod:PaleOreRelic","Happy Flower","Question Card","Ice Cream","Dream Catcher"],"acts_visited":["Exordium","TheCity","TheBeyond"],"potions_floor_usage":[12,16,16,23,33,33,33,45,48,50,50],"damage_taken":[{"damage":0,"enemies":"Jaw Worm","floor":1,"turns":5},{"damage":0,"enemies":"Small Slimes","floor":3,"turns":3},{"damage":0,"enemies":"2 Louse","floor":5,"turns":4},{"damage":39,"enemies":"3 Sentries","floor":6,"turns":9},{"damage":21,"enemies":"Gremlin Gang","floor":11,"turns":4},{"damage":2,"enemies":"Lagavulin","floor":12,"turns":9},{"damage":8,"enemies":"Lots of Slimes","floor":14,"turns":2},{"damage":28,"enemies":"Hexaghost","floor":16,"turns":8},{"damage":0,"enemies":"Chosen","floor":18,"turns":5},{"damage":6,"enemies":"2 Thieves","floor":20,"turns":5},{"damage":12,"enemies":"Cultist and Chosen","floor":21,"turns":5},{"damage":17,"enemies":"Chosen and Byrds","floor":24,"turns":5},{"damage":8,"enemies":"Centurion and Healer","floor":25,"turns":5},{"damage":11,"enemies":"Snake Plant","floor":28,"turns":3},{"damage":3,"enemies":"Shelled Parasite and Fungi","floor":31,"turns":5},{"damage":3,"enemies":"Collector","floor":33,"turns":8},{"damage":0,"enemies":"3 Darklings","floor":35,"turns":6},{"damage":3,"enemies":"3 Shapes","floor":38,"turns":5},{"damage":14,"enemies":"Reptomancer","floor":40,"turns":7},{"damage":14,"enemies":"HollowMod:StalkingDevout","floor":44,"turns":7},{"damage":11,"enemies":"3 Darklings","floor":45,"turns":5},{"damage":9,"enemies":"4 Shapes","floor":48,"turns":4},{"damage":73,"enemies":"Time Eater","floor":50,"turns":12}],"seed_played":"7446750429922098410","potions_obtained":[{"floor":3,"key":"SpeedPotion"},{"floor":6,"key":"DuplicationPotion"},{"floor":12,"key":"Block Potion"},{"floor":16,"key":"Swift Potion"},{"floor":25,"key":"BlessingOfTheForge"},{"floor":28,"key":"Swift Potion"},{"floor":35,"key":"BlessingOfTheForge"},{"floor":38,"key":"Dexterity Potion"},{"floor":44,"key":"EssenceOfSteel"}],"is_trial":false,"path_per_floor":["M","?","M","?","M","E","T","?","T","R","M","E","R","M","R","B",null,"M","T","M","M","$","R","M","M","T","?","M","$","R","M","R","B",null,"M","?","?","M","$","E","R","?","T","E","M","R","$","M","R","B",null],"character_chosen":"THE_CURSED","items_purchased":["Lizard Tail","Regal Pillow","Lee\u0027s Waffle","TheCursedMod:CircleOfCorruption","Fruit Juice","Fruit Juice"],"campfire_rested":3,"item_purchase_floors":[22,22,22,22,22,47],"current_hp_per_floor":[75,75,75,75,75,40,40,40,40,62,45,52,74,66,66,51,75,75,75,69,61,82,87,74,66,66,66,59,59,87,87,87,87,87,87,87,87,86,86,78,78,87,87,79,79,79,79,86,86,29],"gold":62,"neow_bonus":"RANDOM_COLORLESS","is_daily":false,"chose_seed":false,"campfire_upgraded":6,"win_rate":0.0,"timestamp":1609327995,"path_taken":["M","?","M","?","M","E","?","?","T","R","?","E","R","M","R","BOSS","M","?","M","M","?","R","M","M","T","?","M","$","R","M","R","BOSS","M","?","?","M","?","E","R","?","T","E","M","R","?","M","R","BOSS"],"items_purchased_type":["Relic","Relic","Relic","Card","Potion","Potion"],"build_version":"2020-12-22","purchased_purges":1,"victory":true,"max_hp_per_floor":[75,75,75,75,75,75,75,75,75,75,75,75,75,75,75,75,75,75,75,75,75,82,87,87,87,87,87,87,87,87,87,87,87,87,87,87,87,87,87,87,87,87,87,87,87,87,87,92,92,92],"card_choices":[{"not_picked":["Madness","Good Instincts"],"picked":"Bandage Up","floor":0},{"not_picked":["TheCursedMod:FleshFromBone","TheCursedMod:Stretching"],"picked":"TheCursedMod:HellfireBreathing","floor":1},{"not_picked":["TheCursedMod:BlessingInDisguise","TheCursedMod:RavingStaff"],"picked":"TheCursedMod:FleshFromBone","floor":3},{"not_picked":["TheCursedMod:VitalStrike","TheCursedMod:CursedShiv"],"picked":"TheCursedMod:CursedSpellbook","floor":5},{"not_picked":["TheCursedMod:FleshFromBone","TheCursedMod:ForbiddenAlchemy"],"picked":"TheCursedMod:Hemoplague","floor":6},{"not_picked":["TheCursedMod:SaltUponWound","TheCursedMod:ReleasedStrength"],"picked":"TheCursedMod:RapidMovement","floor":11},{"not_picked":["TheCursedMod:ManaBullet","TheCursedMod:CursedMace"],"picked":"TheCursedMod:CursedBlade","floor":12},{"not_picked":["TheCursedMod:FuryStrike","TheCursedMod:CursedAmulet"],"picked":"TheCursedMod:TacticalStrike","floor":14},{"not_picked":["TheCursedMod:CursedRelics","TheCursedMod:StunningStrike"],"picked":"TheCursedMod:Neurasthenia","floor":16},{"not_picked":["TheCursedMod:Stigma","TheCursedMod:CursedAmulet+1"],"picked":"TheCursedMod:LuckyCharm+1","floor":18},{"not_picked":["TheCursedMod:Torture+1","TheCursedMod:CircleOfWindfury"],"picked":"TheCursedMod:SpitefulPlan","floor":20},{"not_picked":["TheCursedMod:LuckyCharm","TheCursedMod:CursedMace"],"picked":"TheCursedMod:CursedShiv","floor":21},{"not_picked":["TheCursedMod:SmokeScreen","TheCursedMod:Stretching"],"picked":"TheCursedMod:CursedSpellbook","floor":24},{"not_picked":["TheCursedMod:StingEye","TheCursedMod:Wield+1"],"picked":"TheCursedMod:CircleOfFlame","floor":25},{"not_picked":["TheCursedMod:CursedShiv","TheCursedMod:FuryStrike"],"picked":"TheCursedMod:Stretching+1","floor":28},{"not_picked":["TheCursedMod:StunningStrike","TheCursedMod:Obscuration"],"picked":"TheCursedMod:RapidMovement+1","floor":31},{"not_picked":["TheCursedMod:Torture","TheCursedMod:CursedMace+1"],"picked":"TheCursedMod:SaltUponWound","floor":35},{"not_picked":["TheCursedMod:CircleOfCorruption","TheCursedMod:CircleOfAmplification"],"picked":"TheCursedMod:StingEye+1","floor":38},{"not_picked":["TheCursedMod:Torture+1","TheCursedMod:SpitefulPlan+1"],"picked":"TheCursedMod:VitalStrike","floor":40},{"not_picked":["TheCursedMod:CursedMace+1","TheCursedMod:CircleOfCorruption+1","TheCursedMod:TroublousMinions"],"picked":"TheCursedMod:CursedShiv+1","floor":44},{"not_picked":["TheCursedMod:Stigma+1","TheCursedMod:DemonicPact","TheCursedMod:RavingStaff"],"picked":"TheCursedMod:TacticalStrike+1","floor":45},{"not_picked":["TheCursedMod:Stigma","TheCursedMod:ReleasedKnowledge+1","TheCursedMod:CursedBlade"],"picked":"TheCursedMod:VitalStrike+1","floor":48}],"player_experience":68059,"relics_obtained":[{"floor":6,"key":"Bronze Scales"},{"floor":7,"key":"Boot"},{"floor":9,"key":"Toy Ornithopter"},{"floor":12,"key":"HornCleat"},{"floor":19,"key":"Juzu Bracelet"},{"floor":26,"key":"Shuriken"},{"floor":40,"key":"HollowMod:PaleOreRelic"},{"floor":40,"key":"Happy Flower"},{"floor":43,"key":"Question Card"},{"floor":44,"key":"Ice Cream"},{"floor":44,"key":"Dream Catcher"}],"event_choices":[{"damage_healed":0,"gold_gain":0,"player_choice":"Grow","damage_taken":0,"max_hp_gain":0,"max_hp_loss":0,"event_name":"Living Wall","floor":2,"gold_loss":0,"cards_upgraded":["TheCursedMod:CleanUpWorkshop"]},{"damage_healed":0,"gold_gain":0,"player_choice":"Leave","damage_taken":0,"max_hp_gain":0,"max_hp_loss":0,"event_name":"The Cleric","floor":4,"gold_loss":0},{"damage_healed":0,"gold_gain":275,"player_choice":"Desecrate","damage_taken":0,"max_hp_gain":0,"max_hp_loss":0,"event_name":"Golden Shrine","floor":8,"gold_loss":0,"cards_obtained":["Regret"]},{"damage_healed":0,"gold_gain":0,"player_choice":"Ignored","damage_taken":0,"max_hp_gain":0,"max_hp_loss":0,"event_name":"NoteForYourself","floor":27,"gold_loss":0},{"damage_healed":0,"gold_gain":0,"player_choice":"Upgraded","damage_taken":0,"max_hp_gain":0,"max_hp_loss":0,"event_name":"Upgrade Shrine","floor":36,"gold_loss":0,"cards_upgraded":["Bandage Up"]},{"damage_healed":0,"gold_gain":0,"player_choice":"Paid Gold","damage_taken":0,"relics_obtained":["Anchor"],"max_hp_gain":0,"max_hp_loss":0,"event_name":"WeMeetAgain","floor":37,"gold_loss":66},{"damage_healed":22,"gold_gain":0,"player_choice":"Writhe","damage_taken":0,"max_hp_gain":0,"max_hp_loss":0,"event_name":"Winding Halls","floor":42,"gold_loss":0,"cards_obtained":["Writhe"]}],"is_beta":false,"boss_relics":[{"not_picked":["Runic Pyramid","Sozu"],"picked":"TheCursedMod:OminousMark"},{"not_picked":["Velvet Choker","Snecko Eye"],"picked":"Black Star"}],"items_purged_floors":[39],"is_endless":false,"potions_floor_spawned":[3,6,12,16,25,28,31,35,38,44],"ascension_level":0}}