{"host":"bbcqjedmotowk2e9","time":1609328990,"event":{"mods":["AchievementEnabler","Aspiration","BaseMod","Colored Powertips","Energized Spire","GifTheSpireLib","Halation","Hubris","Hyrulean Relics","Infinite Spire","Marisa????????","Minty Spire (QoL Compilation)","Permanent Neow","Quick Restart","Relic Stats","Replay The Spire","Spires And Sneckos","StSLib","Stuff the Spire","Synergy Search","The Disciple"],"gold_per_floor":[114,134,134,151,151,185,40,40,40],"floor_reached":8,"playtime":282,"items_purged":[],"score":76,"play_id":"3ccc2134-ab98-4cbc-bd14-064d8bf9e266","local_time":"20201230144950","is_ascension_mode":true,"campfire_choices":[],"circlet_count":0,"master_deck":["Strike_G","Strike_G","Strike_G","Strike_G","Strike_G","Defend_G","Defend_G","Defend_G","Defend_G","Defend_G","Survivor","Neutralize","Magnetism","StuffTheSpire:Injection","Decay","StuffTheSpire:BumpUp","Pot Of Greed","Pot Of Greed"],"relics":["Ring of the Snake","Ring of Panic","Ring of Fury","Grinning Jar","PreservedInsect"],"acts_visited":["Exordium"],"potions_floor_usage":[6,8,8],"damage_taken":[{"damage":1,"enemies":"Cultist","floor":1,"turns":5},{"damage":0,"enemies":"Small Slimes","floor":2,"turns":3},{"damage":19,"enemies":"infinitespire:Voidling","floor":4,"turns":4},{"damage":35,"enemies":"Gremlin Nob","floor":6,"turns":5},{"damage":24,"enemies":"Lagavulin","floor":8,"turns":3}],"seed_played":"-2089883472789078701","potions_obtained":[{"floor":4,"key":"Energy Potion"},{"floor":5,"key":"Fire Potion"},{"floor":5,"key":"Cursed Concoction"},{"floor":6,"key":"Weak Potion"}],"is_trial":false,"path_per_floor":["M","M","?","M","?","E","$","E"],"character_chosen":"THE_SILENT","items_purchased":["PreservedInsect"],"campfire_rested":0,"item_purchase_floors":[7],"current_hp_per_floor":[62,62,62,52,52,17,17,0,0],"gold":40,"neow_bonus":"RANDOM_COLORLESS_2","is_daily":false,"chose_seed":false,"campfire_upgraded":0,"win_rate":0.0,"timestamp":1609328990,"path_taken":["M","M","?","M","?","E","$","E"],"items_purchased_type":["Relic"],"build_version":"2020-12-22","purchased_purges":0,"victory":false,"max_hp_per_floor":[63,63,63,63,63,63,63,63,63],"relic_stats":{"counters":[5,20],"PreservedInsect":28,"obtain_stats":[{"Ring of Fury":3,"PreservedInsect":7,"Ring of Panic":3,"Grinning Jar":6,"Ring of the Snake":0},{"Ring of Fury":2,"PreservedInsect":4,"Ring of Panic":2,"Grinning Jar":4,"Ring of the Snake":0},{"Ring of Fury":8,"PreservedInsect":17,"Ring of Panic":8,"Grinning Jar":17,"Ring of the Snake":0}],"Ring of the Snake":[10]},"card_choices":[{"not_picked":["Master of Strategy","Transmutation"],"picked":"Magnetism","floor":0},{"not_picked":["StuffTheSpire:Python","Slice"],"picked":"StuffTheSpire:Injection","floor":1},{"not_picked":["Acrobatics","Endless Agony","Concentrate"],"picked":"SKIP","floor":2},{"not_picked":["Sucker Punch","Reflex"],"picked":"StuffTheSpire:BumpUp","floor":4},{"not_picked":["StuffTheSpire:Python","Deadly Poison","hubris:TrickCloak"],"picked":"SKIP","floor":6}],"player_experience":571381,"relics_obtained":[{"floor":3,"key":"Ring of Panic"},{"floor":3,"key":"Ring of Fury"},{"floor":6,"key":"Grinning Jar"}],"event_choices":[{"damage_healed":0,"gold_gain":0,"player_choice":"Got Potions","damage_taken":0,"max_hp_gain":0,"max_hp_loss":0,"event_name":"Lab","floor":5,"gold_loss":0}],"is_beta":false,"boss_relics":[],"items_purged_floors":[],"is_endless":false,"potions_floor_spawned":[4,6],"killed_by":"Lagavulin","ascension_level":7}}