{"host":"sc0o2qwpf9j16a4i","time":1609367807,"event":{"mods":["AchievementEnabler","BaseMod","BetterRewards","Block Reminder","Colored Map","Colored Powertips","Custom Start","Highlight Path","Minty Spire (QoL Compilation)","Relic Stats"],"gold_per_floor":[110,110,35,49,49,49,49,82,106,122,147,157,187,16,16,87,87,87,87,87,7,7,7,7,7,7,7,7,7,7,7,7,7,7,7,7,7,7,7],"floor_reached":38,"playtime":1352,"items_purged":["Strike_R"],"score":878,"play_id":"912ba65d-4ffd-49e1-9be2-d4926c30b7e5","local_time":"20201231003647","is_ascension_mode":true,"campfire_choices":[{"data":"Uppercut","floor":6.0,"key":"SMITH"},{"floor":15.0,"key":"REST"},{"floor":23,"key":"REST"},{"data":"Armaments","floor":28,"key":"SMITH"},{"floor":32,"key":"REST"}],"circlet_count":0,"master_deck":["AscendersBane","Strike_R+1","Strike_R+1","Strike_R+1","Defend_R","Defend_R","Defend_R+1","Defend_R","Bash","Uppercut+1","Feel No Pain","Armaments+1","Fiend Fire","Spot Weakness","Wild Strike","Limit Break","Flame Barrier","Rage+1","Disarm","Exhume","Shrug It Off","Reaper","Ghostly Armor"],"relics":["Burning Blood","NeowsBlessing","Smiling Mask","MealTicket","Whetstone","Lizard Tail","Mercury Hourglass","ClockworkSouvenir","Ectoplasm","Enchiridion","Bag of Marbles","Ancient Tea Set","Sozu"],"acts_visited":["Exordium","TheCity","TheBeyond"],"potions_floor_usage":[30,35],"damage_taken":[{"damage":0.0,"enemies":"Small Slimes","floor":1.0,"turns":1.0},{"damage":0.0,"enemies":"Jaw Worm","floor":4.0,"turns":1.0},{"damage":0.0,"enemies":"Lagavulin","floor":8.0,"turns":1.0},{"damage":9.0,"enemies":"2 Louse","floor":10.0,"turns":2.0},{"damage":9.0,"enemies":"Gremlin Nob","floor":11.0,"turns":4.0},{"damage":29.0,"enemies":"Exordium Thugs","floor":12.0,"turns":6.0},{"damage":7.0,"enemies":"3 Sentries","floor":13.0,"turns":13.0},{"damage":48.0,"enemies":"The Guardian","floor":16.0,"turns":13.0},{"damage":19,"enemies":"Shell Parasite","floor":18,"turns":4},{"damage":11,"enemies":"2 Thieves","floor":21,"turns":4},{"damage":6,"enemies":"Centurion and Healer","floor":24,"turns":6},{"damage":0,"enemies":"Snecko","floor":25,"turns":6},{"damage":2,"enemies":"Snake Plant","floor":27,"turns":3},{"damage":30,"enemies":"3 Cultists","floor":30,"turns":6},{"damage":17,"enemies":"Gremlin Leader","floor":31,"turns":8},{"damage":76,"enemies":"Champ","floor":33,"turns":14},{"damage":57,"enemies":"3 Darklings","floor":35,"turns":6},{"damage":38,"enemies":"3 Shapes","floor":37,"turns":9},{"damage":0,"enemies":"Writhing Mass","floor":38,"turns":1}],"seed_played":"7523042979711727756","potions_obtained":[{"floor":8.0,"key":"BloodPotion"},{"floor":10.0,"key":"Block Potion"},{"floor":11.0,"key":"ElixirPotion"},{"floor":18,"key":"Dexterity Potion"},{"floor":21,"key":"ColorlessPotion"}],"is_trial":false,"path_per_floor":["M","?","$","M","?","R","?","E","T","M","E","M","E","$","R","B",null,"M","?","?","M","$","R","M","M","T","M","R","$","M","E","R","B",null,"M","?","M","M"],"character_chosen":"IRONCLAD","items_purchased":["ClockworkSouvenir"],"campfire_rested":3,"item_purchase_floors":[14],"current_hp_per_floor":[74,67,67,73,62,62,39,45,45,42,39,16,30,45,67,25,63,50,29,29,24,39,61,61,67,67,71,71,75,51,40,62,43,67,34,34,10,10,10],"gold":7,"neow_bonus":"THREE_ENEMY_KILL","is_daily":false,"chose_seed":false,"campfire_upgraded":2,"win_rate":0.0,"timestamp":1609367807,"path_taken":["M","?","$","M","?","R","?","E","T","M","E","M","E","$","R","BOSS","M","?","?","M","$","R","M","M","T","?","R","?","?","E","R","BOSS","M","?","?","M"],"items_purchased_type":["Relic"],"build_version":"2020-12-22","purchased_purges":1,"victory":false,"max_hp_per_floor":[75,75,75,75,75,75,75,75,75,75,75,75,75,75,75,75,75,75,75,75,75,75,75,75,75,75,75,75,75,75,75,75,75,75,75,75,75,75,75],"relic_stats":{"Sozu":1,"Lizard Tail":37,"counters":[19,106],"MealTicket":34,"Ectoplasm":362,"Whetstone":["Strike_R","Strike_R"],"Smiling Mask":0,"obtain_stats":[{"NeowsBlessing":0,"Enchiridion":19,"Whetstone":9,"Smiling Mask":5,"Ancient Tea Set":31,"Burning Blood":0,"Mercury Hourglass":13,"ClockworkSouvenir":14,"Sozu":34,"Lizard Tail":11,"MealTicket":8,"Ectoplasm":17,"Bag of Marbles":26},{"NeowsBlessing":0,"Enchiridion":9,"Whetstone":3,"Smiling Mask":2,"Ancient Tea Set":15,"Burning Blood":0,"Mercury Hourglass":7,"ClockworkSouvenir":7,"Sozu":16,"Lizard Tail":5,"MealTicket":3,"Ectoplasm":8,"Bag of Marbles":12},{"NeowsBlessing":0,"Enchiridion":45,"Whetstone":3,"Smiling Mask":2,"Ancient Tea Set":77,"Burning Blood":0,"Mercury Hourglass":28,"ClockworkSouvenir":28,"Sozu":91,"Lizard Tail":9,"MealTicket":3,"Ectoplasm":41,"Bag of Marbles":60}],"Burning Blood":108,"Mercury Hourglass":[283]},"card_choices":[{"not_picked":["Headbutt","Second Wind"],"picked":"Uppercut","floor":1.0},{"not_picked":["True Grit","Havoc"],"picked":"Feel No Pain","floor":4.0},{"not_picked":["Entrench","True Grit","Intimidate"],"picked":"SKIP","floor":8.0},{"not_picked":["Dark Embrace","Heavy Blade"],"picked":"Armaments","floor":10.0},{"not_picked":["Feel No Pain","Heavy Blade"],"picked":"Fiend Fire","floor":11.0},{"not_picked":["Metallicize","Perfected Strike"],"picked":"Spot Weakness","floor":12.0},{"not_picked":["Whirlwind","Clothesline"],"picked":"Wild Strike","floor":13.0},{"not_picked":["Immolate","Double Tap"],"picked":"Limit Break","floor":16.0},{"not_picked":["Clash+1","Seeing Red"],"picked":"Flame Barrier","floor":18},{"not_picked":["Warcry","Headbutt","Rampage"],"picked":"SKIP","floor":21},{"not_picked":["Fire Breathing","Infernal Blade"],"picked":"Rage+1","floor":24},{"not_picked":["Burning Pact","Armaments"],"picked":"Disarm","floor":25},{"not_picked":["Intimidate","Clothesline"],"picked":"Exhume","floor":27},{"not_picked":["Anger+1","Iron Wave"],"picked":"Shrug It Off","floor":30},{"not_picked":["Uppercut","Perfected Strike","Metallicize"],"picked":"SKIP","floor":31},{"not_picked":["Juggernaut","Limit Break"],"picked":"Reaper","floor":33},{"not_picked":["Anger","Clash","Wild Strike"],"picked":"SKIP","floor":35},{"not_picked":["Headbutt","Burning Pact"],"picked":"Ghostly Armor","floor":37}],"player_experience":458711,"relics_obtained":[{"floor":8.0,"key":"MealTicket"},{"floor":9.0,"key":"Whetstone"},{"floor":11.0,"key":"Lizard Tail"},{"floor":13.0,"key":"Mercury Hourglass"},{"floor":19,"key":"Enchiridion"},{"floor":26,"key":"Bag of Marbles"},{"floor":31,"key":"Ancient Tea Set"}],"event_choices":[{"cards_removed":["Strike_R"],"damage_healed":0.0,"max_hp_gain":0.0,"max_hp_loss":0.0,"gold_gain":0.0,"event_name":"Golden Wing","player_choice":"Card Removal","floor":2.0,"gold_loss":0.0,"damage_taken":7.0},{"damage_healed":0.0,"max_hp_gain":0.0,"max_hp_loss":0.0,"gold_gain":0.0,"event_name":"Scrap Ooze","player_choice":"Success","floor":5.0,"gold_loss":0.0,"damage_taken":11.0,"relics_obtained":["Smiling Mask"]},{"damage_healed":0.0,"max_hp_gain":0.0,"max_hp_loss":0.0,"gold_gain":0.0,"event_name":"Shining Light","player_choice":"Entered Light","floor":7.0,"gold_loss":0.0,"damage_taken":23.0,"cards_upgraded":["Strike_R","Defend_R"]},{"damage_healed":0,"gold_gain":0,"player_choice":"Obtained Book","damage_taken":21,"max_hp_gain":0,"max_hp_loss":0,"event_name":"Cursed Tome","floor":19,"gold_loss":0},{"damage_healed":0,"gold_gain":0,"player_choice":"0 cards matched","damage_taken":0,"max_hp_gain":0,"max_hp_loss":0,"event_name":"Match and Keep!","floor":20,"gold_loss":0,"cards_obtained":[]},{"damage_healed":0,"gold_gain":50,"player_choice":"Pray","damage_taken":0,"max_hp_gain":0,"max_hp_loss":0,"event_name":"Golden Shrine","floor":36,"gold_loss":0}],"is_beta":false,"boss_relics":[{"not_picked":["Black Blood","Runic Dome"],"picked":"Ectoplasm"},{"not_picked":["Calling Bell","Empty Cage"],"picked":"Sozu"}],"items_purged_floors":[3],"is_endless":false,"potions_floor_spawned":[8,10,11,18,21,24,35],"killed_by":"Writhing Mass","ascension_level":20}}