{"host":"ilxricga2547gmyy","time":1609353172,"event":{"mods":["AchievementEnabler","BaseMod","Minty Spire (QoL Compilation)","Quick Restart","StSLib"],"gold_per_floor":[112,37,55,66,84,84,115,115,115,147,147,165,198,218,218,313,313,313,238,92,92,7,7,7,7,7,7,7,7,7,7,7,7,7,7,7,7,7,7,7,7,7,7,7,7,7,0,0,0,0,0],"floor_reached":50,"playtime":1951,"items_purged":["Defend_R"],"score":856,"play_id":"0bdf4a0e-999b-470b-8038-655018c22990","local_time":"20201230193252","is_ascension_mode":true,"campfire_choices":[{"data":"Clash","floor":6.0,"key":"SMITH"},{"floor":11.0,"key":"REST"},{"data":"Dual Wield","floor":15.0,"key":"SMITH"},{"floor":25.0,"key":"REST"},{"floor":28.0,"key":"REST"},{"data":"True Grit","floor":32.0,"key":"SMITH"},{"floor":40.0,"key":"REST"},{"floor":44.0,"key":"REST"},{"floor":49.0,"key":"RECALL"}],"circlet_count":0,"master_deck":["AscendersBane","Strike_R","Strike_R","Strike_R","Defend_R","Defend_R","Defend_R","Bash","Clash+1","Clash+1","Pommel Strike","Clothesline","Dual Wield+1","Offering","Flex+1","Disarm","True Grit+1","Uppercut+1","True Grit+1","Double Tap","True Grit+1","Sever Soul+1","Shrug It Off","Flame Barrier"],"relics":["Burning Blood","PreservedInsect","Pantograph","Du-Vu Doll","Boot","Ectoplasm","ClockworkSouvenir","Oddly Smooth Stone","Shuriken","Bronze Scales","Ancient Tea Set","FaceOfCleric","InkBottle","Empty Cage","Art of War","Charon\u0027s Ashes","Red Mask"],"acts_visited":["Exordium","TheCity","TheBeyond"],"potions_floor_usage":[50,50],"damage_taken":[{"damage":1.0,"enemies":"Cultist","floor":1.0,"turns":3.0},{"damage":2.0,"enemies":"Small Slimes","floor":3.0,"turns":4.0},{"damage":6.0,"enemies":"2 Louse","floor":4.0,"turns":3.0},{"damage":15.0,"enemies":"Large Slime","floor":5.0,"turns":7.0},{"damage":20.0,"enemies":"Gremlin Nob","floor":7.0,"turns":4.0},{"damage":9.0,"enemies":"3 Sentries","floor":10.0,"turns":6.0},{"damage":5.0,"enemies":"Exordium Thugs","floor":12.0,"turns":4.0},{"damage":3.0,"enemies":"Gremlin Nob","floor":13.0,"turns":3.0},{"damage":23.0,"enemies":"Lots of Slimes","floor":14.0,"turns":5.0},{"damage":55.0,"enemies":"Hexaghost","floor":16.0,"turns":12.0},{"damage":0.0,"enemies":"Spheric Guardian","floor":18.0,"turns":2.0},{"damage":9.0,"enemies":"Chosen","floor":21.0,"turns":2.0},{"damage":44.0,"enemies":"Slavers","floor":23.0,"turns":5.0},{"damage":11.0,"enemies":"Centurion and Healer","floor":24.0,"turns":3.0},{"damage":33.0,"enemies":"Gremlin Leader","floor":27.0,"turns":5.0},{"damage":12.0,"enemies":"Snecko","floor":30.0,"turns":4.0},{"damage":9.0,"enemies":"Book of Stabbing","floor":31.0,"turns":3.0},{"damage":58.0,"enemies":"Collector","floor":33.0,"turns":9.0},{"damage":11.0,"enemies":"3 Shapes","floor":35.0,"turns":4.0},{"damage":32.0,"enemies":"3 Darklings","floor":36.0,"turns":6.0},{"damage":24.0,"enemies":"Transient","floor":37.0,"turns":5.0},{"damage":11.0,"enemies":"4 Shapes","floor":38.0,"turns":4.0},{"damage":14.0,"enemies":"Maw","floor":39.0,"turns":6.0},{"damage":52.0,"enemies":"Reptomancer","floor":41.0,"turns":6.0},{"damage":10.0,"enemies":"3 Darklings","floor":45.0,"turns":3.0},{"damage":19.0,"enemies":"Mind Bloom Boss Battle","floor":46.0,"turns":6.0},{"damage":20.0,"enemies":"4 Shapes","floor":48.0,"turns":4.0},{"damage":91,"enemies":"Time Eater","floor":50,"turns":9}],"seed_played":"-2317707720869650479","potions_obtained":[{"floor":1.0,"key":"AttackPotion"},{"floor":3.0,"key":"LiquidMemories"},{"floor":10.0,"key":"Fruit Juice"},{"floor":13.0,"key":"Block Potion"},{"floor":16.0,"key":"Energy Potion"},{"floor":21.0,"key":"SteroidPotion"},{"floor":30.0,"key":"Regen Potion"},{"floor":35.0,"key":"DuplicationPotion"},{"floor":37.0,"key":"Swift Potion"},{"floor":39.0,"key":"BloodPotion"},{"floor":46.0,"key":"ColorlessPotion"},{"floor":48.0,"key":"BloodPotion"}],"is_trial":false,"path_per_floor":["M","$","M","M","M","R","E","?","T","E","R","M","E","M","R","B",null,"M","?","$","M","?","E","M","R","T","E","R","?","M","E","R","B",null,"M","M","M","M","M","R","E","$","T","R","M","?","?","M","R","B"],"character_chosen":"IRONCLAD","items_purchased":["ClockworkSouvenir"],"campfire_rested":5,"item_purchase_floors":[20],"current_hp_per_floor":[56,56,60,60,51,51,37,37,37,39,64,65,68,51,51,27,71,77,77,77,74,74,36,31,56,56,29,54,54,49,47,47,36,75,71,46,29,25,36,63,18,18,18,46,43,56,56,43,43,0,0],"gold":0,"neow_bonus":"REMOVE_TWO","is_daily":false,"chose_seed":false,"campfire_upgraded":3,"win_rate":0.0,"timestamp":1609353172,"path_taken":["M","$","?","M","M","R","E","?","T","E","R","?","E","M","R","BOSS","M","?","$","M","?","E","M","R","T","E","R","?","?","E","R","BOSS","M","M","M","?","M","R","E","$","T","R","M","?","?","M","R","BOSS"],"items_purchased_type":["Relic"],"build_version":"2020-12-22","purchased_purges":1,"victory":false,"max_hp_per_floor":[80,80,80,80,80,80,80,80,80,85,85,85,85,85,85,85,85,85,85,85,85,85,85,85,85,85,85,85,85,86,87,87,88,88,89,90,91,92,93,93,94,94,94,94,95,96,96,97,97,97,97],"card_choices":[{"not_picked":["Feel No Pain","Anger","Perfected Strike"],"picked":"SKIP","floor":1.0},{"not_picked":["Shockwave","Seeing Red"],"picked":"Clash","floor":3.0},{"not_picked":["Thunderclap","Body Slam"],"picked":"Metallicize","floor":4.0},{"not_picked":["Anger","Sword Boomerang"],"picked":"Clash","floor":5.0},{"not_picked":["Wild Strike","Perfected Strike","Power Through"],"picked":"SKIP","floor":7.0},{"not_picked":["Juggernaut","Twin Strike"],"picked":"Pommel Strike","floor":10.0},{"not_picked":["Cleave","Feel No Pain"],"picked":"Clothesline","floor":12.0},{"not_picked":["Rage","Hemokinesis"],"picked":"Armaments","floor":13.0},{"not_picked":["Cleave","Pommel Strike"],"picked":"Dual Wield","floor":14.0},{"not_picked":["Limit Break","Impervious"],"picked":"Offering","floor":16.0},{"not_picked":["Body Slam","Heavy Blade"],"picked":"Flex+1","floor":18.0},{"not_picked":["Ghostly Armor","Cleave","Havoc"],"picked":"SKIP","floor":21.0},{"not_picked":["Anger","Demon Form"],"picked":"Disarm","floor":23.0},{"not_picked":["Pommel Strike","Blood for Blood+1"],"picked":"True Grit","floor":24.0},{"not_picked":["Blood for Blood","Shrug It Off"],"picked":"Uppercut+1","floor":27.0},{"not_picked":["Twin Strike+1","Sword Boomerang"],"picked":"True Grit","floor":30.0},{"not_picked":["Searing Blow","Berserk"],"picked":"True Grit+1","floor":31.0},{"not_picked":["Juggernaut","Fiend Fire"],"picked":"Double Tap","floor":33.0},{"not_picked":["Combust+1","Battle Trance","Iron Wave"],"picked":"SKIP","floor":35.0},{"not_picked":["Clothesline","Pommel Strike+1"],"picked":"True Grit+1","floor":36.0},{"not_picked":["Cleave","Pummel+1","Pommel Strike+1"],"picked":"SKIP","floor":37.0},{"not_picked":["Carnage+1","Power Through+1","Havoc"],"picked":"SKIP","floor":38.0},{"not_picked":["Power Through+1","Headbutt"],"picked":"Sever Soul+1","floor":39.0},{"not_picked":["Anger+1","Feel No Pain"],"picked":"Shrug It Off","floor":41.0},{"not_picked":["Brutality","Rampage","Havoc"],"picked":"SKIP","floor":45.0},{"not_picked":["Wild Strike","Thunderclap+1"],"picked":"Flame Barrier","floor":46.0},{"not_picked":["Havoc","Infernal Blade","Cleave+1"],"picked":"SKIP","floor":48.0}],"player_experience":268326,"relics_obtained":[{"floor":7.0,"key":"PreservedInsect"},{"floor":9.0,"key":"Pantograph"},{"floor":10.0,"key":"Du-Vu Doll"},{"floor":13.0,"key":"Boot"},{"floor":23.0,"key":"Shuriken"},{"floor":26.0,"key":"Bronze Scales"},{"floor":27.0,"key":"Ancient Tea Set"},{"floor":31.0,"key":"InkBottle"},{"floor":41.0,"key":"Art of War"},{"floor":46.0,"key":"Charon\u0027s Ashes"}],"event_choices":[{"damage_healed":0.0,"max_hp_gain":0.0,"max_hp_loss":0.0,"gold_gain":0.0,"event_name":"Upgrade Shrine","player_choice":"Upgraded","floor":8.0,"gold_loss":0.0,"damage_taken":0.0,"cards_upgraded":["Clash"]},{"cards_removed":["Armaments"],"damage_healed":0.0,"max_hp_gain":0.0,"max_hp_loss":0.0,"gold_gain":0.0,"event_name":"Beggar","player_choice":"Gave Gold","floor":19.0,"gold_loss":75.0,"damage_taken":0.0},{"damage_healed":0.0,"max_hp_gain":0.0,"max_hp_loss":0.0,"gold_gain":0.0,"event_name":"Addict","player_choice":"Obtained Relic","floor":22.0,"gold_loss":85.0,"damage_taken":0.0,"relics_obtained":["Oddly Smooth Stone"]},{"damage_healed":0.0,"max_hp_gain":0.0,"max_hp_loss":0.0,"gold_gain":0.0,"event_name":"FaceTrader","player_choice":"Trade","floor":29.0,"gold_loss":0.0,"damage_taken":0.0,"relics_obtained":["FaceOfCleric"]},{"damage_healed":0.0,"max_hp_gain":0.0,"max_hp_loss":0.0,"gold_gain":0.0,"event_name":"MindBloom","player_choice":"Fight","floor":46.0,"gold_loss":0.0,"damage_taken":0.0},{"damage_healed":0.0,"max_hp_gain":0.0,"max_hp_loss":0.0,"gold_gain":0.0,"event_name":"Tomb of Lord Red Mask","player_choice":"Paid","floor":47.0,"gold_loss":7.0,"damage_taken":0.0,"relics_obtained":["Red Mask"]}],"is_beta":false,"boss_relics":[{"not_picked":["Pandora\u0027s Box","Snecko Eye"],"picked":"Ectoplasm"},{"not_picked":["SlaversCollar","Black Blood"],"picked":"Empty Cage"}],"items_purged_floors":[2],"is_endless":false,"potions_floor_spawned":[1,3,10,13,16,21,30,31,35,37,39,46,48],"killed_by":"Time Eater","ascension_level":10}}