{"host":"9l2xd2qbyxfqdc97","time":1609341125,"event":{"mods":["BaseMod","Colored Map","Highlight Path","Minty Spire (QoL Compilation)","Quick Restart"],"gold_per_floor":[116,2,18,36,49,49,49,87,87,18,18,53,87,13,13,134,134,153,171,185,42,42,42,42,42],"floor_reached":24,"playtime":721,"items_purged":["Strike_R"],"score":245,"play_id":"9293f695-9184-49a5-91b3-37354c323fff","local_time":"20201231001205","is_ascension_mode":true,"campfire_choices":[{"data":"Fire Breathing","floor":6.0,"key":"SMITH"},{"data":"Wild Strike","floor":11.0,"key":"SMITH"},{"floor":15,"key":"REST"},{"floor":23,"key":"REST"}],"circlet_count":0,"master_deck":["Strike_R","Strike_R","Strike_R","Strike_R","Defend_R","Defend_R","Defend_R","Bash","Reaper","Wild Strike+1","Fire Breathing+1","Sever Soul","Power Through","Evolve+1","Second Wind","Barricade+1","Fire Breathing+1","Juggernaut+1","Immolate"],"relics":["Black Blood","Golden Idol","Frozen Egg 2","Champion Belt","Thread and Needle","Odd Mushroom"],"acts_visited":["Exordium","TheCity"],"potions_floor_usage":[20],"damage_taken":[{"damage":1.0,"enemies":"Cultist","floor":1.0,"turns":3.0},{"damage":13.0,"enemies":"Small Slimes","floor":3.0,"turns":4.0},{"damage":0.0,"enemies":"2 Louse","floor":4.0,"turns":2.0},{"damage":30.0,"enemies":"Large Slime","floor":5.0,"turns":6.0},{"damage":40.0,"enemies":"Lagavulin","floor":8.0,"turns":4.0},{"damage":29,"enemies":"Gremlin Nob","floor":12,"turns":4},{"damage":1,"enemies":"The Mushroom Lair","floor":13,"turns":4},{"damage":33,"enemies":"Slime Boss","floor":16,"turns":8},{"damage":30,"enemies":"Shell Parasite","floor":18,"turns":7},{"damage":53,"enemies":"2 Thieves","floor":19,"turns":4},{"damage":28,"enemies":"Centurion and Healer","floor":20,"turns":6},{"damage":69,"enemies":"Masked Bandits","floor":24,"turns":3}],"seed_played":"7682864214719645531","potions_obtained":[{"floor":1.0,"key":"Strength Potion"},{"floor":3.0,"key":"BlessingOfTheForge"},{"floor":8.0,"key":"ElixirPotion"},{"floor":16,"key":"SteroidPotion"},{"floor":19,"key":"Block Potion"}],"is_trial":false,"path_per_floor":["M","$","M","M","M","R","?","E","T","$","R","E","?","$","R","B",null,"M","M","M","$","?","R","?"],"character_chosen":"IRONCLAD","items_purchased":["Fire Breathing","Power Through","Second Wind","Immolate"],"campfire_rested":2,"item_purchase_floors":[2,10,14,21],"current_hp_per_floor":[80,80,74,80,60,60,60,29,29,29,29,10,15,15,37,18,74,60,27,19,19,19,41,0,0],"gold":42,"neow_bonus":"TRANSFORM_CARD","is_daily":false,"chose_seed":false,"campfire_upgraded":2,"win_rate":0.0,"timestamp":1609341125,"path_taken":["M","?","M","M","M","R","?","E","T","$","R","E","?","$","R","BOSS","M","M","M","$","?","R","?"],"items_purchased_type":["Card","Card","Card","Card"],"build_version":"2020-12-22","purchased_purges":1,"victory":false,"max_hp_per_floor":[80,80,80,80,80,80,74,74,74,74,74,74,74,74,74,74,74,74,74,74,74,74,74,74,74],"card_choices":[{"not_picked":["Burning Pact","Pommel Strike"],"picked":"Wild Strike","floor":1.0},{"not_picked":["Armaments","Thunderclap","Flex"],"picked":"SKIP","floor":3.0},{"not_picked":["Armaments","Shockwave","Twin Strike"],"picked":"SKIP","floor":4.0},{"not_picked":["Searing Blow","Entrench","Rage"],"picked":"SKIP","floor":5.0},{"not_picked":["Havoc","Disarm"],"picked":"Sever Soul","floor":8.0},{"not_picked":["Clothesline","Cleave"],"picked":"Evolve+1","floor":12},{"not_picked":["Reaper","Corruption+1"],"picked":"Barricade+1","floor":16},{"not_picked":["Perfected Strike+1","Sword Boomerang"],"picked":"Fire Breathing+1","floor":18},{"not_picked":["Clothesline","Inflame+1","Shockwave"],"picked":"SKIP","floor":19},{"not_picked":["Body Slam","Iron Wave"],"picked":"Juggernaut+1","floor":20}],"player_experience":203698,"relics_obtained":[{"floor":8.0,"key":"Frozen Egg 2"},{"floor":9.0,"key":"Champion Belt"},{"floor":12,"key":"Thread and Needle"},{"floor":13,"key":"Odd Mushroom"}],"event_choices":[{"damage_healed":0.0,"max_hp_gain":0.0,"max_hp_loss":6.0,"gold_gain":0.0,"event_name":"Golden Idol","player_choice":"Lose Max HP","floor":7.0,"gold_loss":0.0,"damage_taken":0.0,"relics_obtained":["Golden Idol"]},{"damage_healed":0,"gold_gain":0,"player_choice":"Fought Mushrooms","damage_taken":0,"max_hp_gain":0,"max_hp_loss":0,"event_name":"Mushrooms","floor":13,"gold_loss":0},{"damage_healed":0,"gold_gain":0,"player_choice":"Ignored","damage_taken":0,"max_hp_gain":0,"max_hp_loss":0,"event_name":"Ghosts","floor":22,"gold_loss":0},{"damage_healed":0,"gold_gain":0,"player_choice":"Fought Bandits","damage_taken":0,"max_hp_gain":0,"max_hp_loss":0,"event_name":"Masked Bandits","floor":24,"gold_loss":0}],"is_beta":false,"boss_relics":[{"not_picked":["Tiny House","Calling Bell"],"picked":"Black Blood"}],"items_purged_floors":[2],"is_endless":false,"potions_floor_spawned":[1,3,8,16,19],"killed_by":"Masked Bandits","ascension_level":4}}