{"host":"jt62yzdgnrkmwwqv","time":1609341097,"event":{"mods":["AchievementEnabler","Arknights The Spire","BaseMod","CapriCore","Colored Map","Colored Powertips","GungeonMod","Lobotomy","LobotomyExtend","Minty Spire (QoL Compilation)","StSLib","SuperFastMode"],"gold_per_floor":[119,138,150,150,170,170,200,200,248,267,282,308,318,80,80,80,80],"floor_reached":16,"playtime":610,"items_purged":["ats:Strike C"],"score":114,"play_id":"bcabfee6-1315-4afd-b2a3-bdf887c60ba1","local_time":"20201231001137","is_ascension_mode":false,"campfire_choices":[{"data":"ats:Shell Defense","floor":6,"key":"SMITH"},{"data":"ats:Shell Defense","floor":8,"key":"SMITH"},{"floor":15,"key":"REST"}],"circlet_count":0,"master_deck":["ats:Strike G","ats:Strike S","ats:Strike V","ats:Armor Crushing Shot","ats:Defend","ats:Defend","ats:Defend","ats:Defend","ats:Emotion Absorption+1","ats:Explosion Area Strengthen","ats:Hammer On+1","ats:Curse Doll","ats:Shell Defense+1","ats:Shell Defense+1","ats:Part Time Job","ats:Echo Reverb","ats:Support Order","ats:True Silver Slash"],"relics":["ats:Sanity","LetterFromLob","ats:Originium","White Beast Statue","Oddly Smooth Stone","Peace Pipe"],"acts_visited":["Exordium"],"potions_floor_usage":[12,16],"damage_taken":[{"damage":10,"enemies":"Small Slimes","floor":1,"turns":5},{"damage":0,"enemies":"Cultist","floor":2,"turns":4},{"damage":5,"enemies":"Jaw Worm","floor":3,"turns":3},{"damage":4,"enemies":"Blue Slaver","floor":5,"turns":2},{"damage":31,"enemies":"Lagavulin","floor":7,"turns":8},{"damage":0,"enemies":"Gremlin Gang","floor":10,"turns":4},{"damage":10,"enemies":"Looter","floor":11,"turns":5},{"damage":26,"enemies":"Gremlin Nob","floor":12,"turns":5},{"damage":0,"enemies":"2 Fungi Beasts","floor":13,"turns":4},{"damage":71,"enemies":"Hexaghost","floor":16,"turns":14}],"seed_played":"-8050143611219425267","potions_obtained":[{"floor":1,"key":"SkillPotion"},{"floor":2,"key":"Swift Potion"},{"floor":10,"key":"LiquidBronze"},{"floor":13,"key":"SteroidPotion"}],"is_trial":false,"path_per_floor":["M","M","M","?","M","R","E","R","T","M","M","E","M","$","R","B"],"character_chosen":"DOCTOR_CLASS","items_purchased":["ats:True Silver Slash"],"campfire_rested":1,"item_purchase_floors":[14],"current_hp_per_floor":[62,62,57,57,53,53,30,30,30,33,35,15,20,20,41,0,0],"gold":80,"neow_bonus":"UPGRADE_CARD","is_daily":false,"chose_seed":false,"campfire_upgraded":2,"win_rate":0.0,"timestamp":1609341097,"path_taken":["M","M","M","?","M","R","E","R","T","M","M","E","M","?","R","BOSS"],"items_purchased_type":["Card"],"build_version":"2020-12-22","purchased_purges":1,"victory":false,"max_hp_per_floor":[72,72,72,72,72,72,72,72,72,72,72,72,72,72,72,72,72],"card_choices":[{"not_picked":["ats:Flexible Camouflage","ats:Counter Healing Mode"],"picked":"ats:Explosion Area Strengthen","floor":1},{"not_picked":["ats:Ignite","ats:Very Hot Blade"],"picked":"ats:Hammer On","floor":2},{"not_picked":["ats:Collapsing Strike","ats:Demon Strength"],"picked":"ats:Curse Doll","floor":3},{"not_picked":["ats:Hook Shot","ats:Assault Order"],"picked":"ats:Shell Defense","floor":5},{"not_picked":["ats:Poison Spread","ats:Dogmatic Field"],"picked":"ats:Shell Defense","floor":7},{"not_picked":["ats:Hammer On","ats:Curse Doll"],"picked":"ats:Part Time Job","floor":10},{"not_picked":["ats:Cat Scratch","ats:Curse Doll"],"picked":"ats:Echo Reverb","floor":11},{"not_picked":["ats:Powerful Strike","ats:Poison Spread","ats:Part Time Job"],"picked":"SKIP","floor":12},{"not_picked":["ats:Poison Spread","ats:Assault Order"],"picked":"ats:Support Order","floor":13}],"player_experience":168974,"relics_obtained":[{"floor":1,"key":"LetterFromLob"},{"floor":7,"key":"ats:Originium"},{"floor":7,"key":"White Beast Statue"},{"floor":9,"key":"Oddly Smooth Stone"},{"floor":12,"key":"ats:Originium"},{"floor":12,"key":"Peace Pipe"}],"event_choices":[{"damage_healed":0,"gold_gain":0,"player_choice":"Upgraded","damage_taken":0,"max_hp_gain":0,"max_hp_loss":0,"event_name":"Upgrade Shrine","floor":4,"gold_loss":0,"cards_upgraded":["ats:Hammer On"]}],"is_beta":false,"boss_relics":[],"items_purged_floors":[14],"is_endless":false,"potions_floor_spawned":[1,2,10,11,13],"killed_by":"Hexaghost","ascension_level":0}}