{"host":"dwyzfvnzfcqffr30","time":1609291546,"event":{"mods":["2.2 Compatiblity","Act Like it!","BaseMod","Beaked The Cultist","Better Altar","Better Match","Better Note","Better Sensory Stone","Better Skull","Better Third Choice","Clockwork Mod","Colored Map","Colored Powertips","Conspire","Downfall","Elementarium","GifTheSpireLib","Halation","Hermit","Hubris","Infinite Spire","Ironclad Rager","Jedi Mod","Menagerie","Mimic Mod","Minty Spire (QoL Compilation)","Permanent Neow","Random Character Button","Replay The Spire","Spicy Shops","StSLib","Stuff the Spire","The Construct","The Disciple","The Druid","The Marked","TheFirefly","Trackpad","vexMod"],"gold_per_floor":[417,461,103,103,127,161,161,202,227,261,304,404,458,524,524,672,672,735,799,871,938,438,492,492,559,614,325,334,368,411,482,482,620,620,671,671,671,321,19,46,72,72,72,111,152,196,222,261,261,261,261,261,68,103,103],"floor_reached":56,"playtime":26019,"items_purged":["theMarked:Strike+1","theMarked:Strike+1","theMarked:Strike+1","theMarked:Strike+1","theMarked:Strike+1"],"score":1812,"play_id":"a7f17f51-0b7c-43b0-9839-958070a7af56","local_time":"20201229172546","is_ascension_mode":true,"campfire_choices":[{"floor":7.0,"key":"RECALL"},{"floor":15.0,"key":"REST"},{"floor":32.0,"key":"REST"},{"floor":42.0,"key":"REST"},{"floor":49.0,"key":"REST"},{"floor":52.0,"key":"REST"}],"circlet_count":0,"master_deck":["theMarked:Defend+1","theMarked:Defend+1","theMarked:Defend+1","theMarked:Defend+1","theMarked:SoldierOfQuellstein+1","theMarked:Challenge+1","MasterReality+1","theMarked:SwordAndMagic+1","theMarked:EmpowerWeapon+1","theMarked:EmpowerWeapon+1","theMarked:SwordAndMagic+1","Pot Of Greed+1","Pot Of Greed+1","theMarked:ReduceFriction+1","theMarked:Aftermath+1","theMarked:Polarize+1","theMarked:HeightenedSenses+1","theMarked:EnhancedHearing+1","theMarked:SuspiciousRaven+1","theMarked:RogueSparks+1","ReplayTheSpireMod:Brewmster+1","StuffTheSpire:CelestialWarden+1","Pot Of Greed+1","infinitespire:Execution+1","theMarked:EternalStudent+1","theMarked:SummonStrength+1","theMarked:ComboAttacks+1","theMarked:MagicAdept+1"],"relics":["theMarked:ArtifactOfAir","infinitespire:EvilPickle","Bottled Tornado","Juzu Bracelet","Smiling Mask","jedi:cryingmask","Quantum Egg","Frozen Egg 2","Molten Egg 2","Toxic Egg 2","Replay:Bottled Steam","Incense Burner","Grinning Jar","CeramicFish","Mirror","ReplayTheSpireMod:DimensionalGlitch","Replay:Baseball","infinitespire:Satchel","Vajra","Guide Book","StuffTheSpire:MayFlowers","vexMod:BigBerry","Replay:Rubber Ducky","jedi:archwizardhat","trackpad:CultistFigurine","Omamori","hubris:Reverence","halation:WeightlessCrab","infinitespire:Beetle Shell","trackpad:BottledShadow"],"acts_visited":["Exordium","TheCity","TheBeyond","TheEnding"],"potions_floor_usage":[55,55,55,55,55],"damage_taken":[{"damage":0.0,"enemies":"2 Louse","floor":1.0,"turns":2.0},{"damage":0.0,"enemies":"conspire:RoseBush","floor":2.0,"turns":2.0},{"damage":0.0,"enemies":"Cultist","floor":5.0,"turns":1.0},{"damage":8.0,"enemies":"Lagavulin","floor":6.0,"turns":5.0},{"damage":10.0,"enemies":"Replay:BlueRogue","floor":8.0,"turns":6.0},{"damage":0.0,"enemies":"Red Slaver","floor":10.0,"turns":2.0},{"damage":3.0,"enemies":"Large Slime","floor":11.0,"turns":3.0},{"damage":6.0,"enemies":"Gremlin Gang","floor":13.0,"turns":4.0},{"damage":5.0,"enemies":"3 Sentries","floor":14.0,"turns":4.0},{"damage":0.0,"enemies":"Slime Boss","floor":16.0,"turns":5.0},{"damage":7.0,"enemies":"3 Byrds","floor":18.0,"turns":5.0},{"damage":0.0,"enemies":"Spheric Guardian","floor":19.0,"turns":3.0},{"damage":13.0,"enemies":"Snecko","floor":20.0,"turns":3.0},{"damage":11.0,"enemies":"Sentry and Sphere","floor":21.0,"turns":4.0},{"damage":13.0,"enemies":"conspire:SneckoGhost","floor":23.0,"turns":6.0},{"damage":24.0,"enemies":"Slavers","floor":25.0,"turns":4.0},{"damage":4.0,"enemies":"Shelled Parasite and Fungi","floor":29.0,"turns":4.0},{"damage":0.0,"enemies":"Snake Plant","floor":30.0,"turns":3.0},{"damage":0.0,"enemies":"Book of Stabbing","floor":31.0,"turns":4.0},{"damage":0.0,"enemies":"Automaton","floor":33.0,"turns":7.0},{"damage":14.0,"enemies":"3 Shapes","floor":35.0,"turns":4.0},{"damage":0.0,"enemies":"R_Hoarder","floor":40.0,"turns":4.0},{"damage":0.0,"enemies":"Orb Walker","floor":41.0,"turns":2.0},{"damage":5.0,"enemies":"beaked:SuperParasite","floor":44.0,"turns":6.0},{"damage":0.0,"enemies":"conspire:MimicChest","floor":45.0,"turns":4.0},{"damage":0.0,"enemies":"R_Hoarder","floor":46.0,"turns":5.0},{"damage":0.0,"enemies":"3 Darklings","floor":47.0,"turns":2.0},{"damage":0.0,"enemies":"Reptomancer","floor":48.0,"turns":4.0},{"damage":0.0,"enemies":"Donu and Deca","floor":50.0,"turns":8.0},{"damage":2.0,"enemies":"Shield and Spear","floor":54.0,"turns":6.0},{"damage":50,"enemies":"The Heart","floor":55,"turns":8}],"seed_played":"-2007704794647699186","potions_obtained":[{"floor":5.0,"key":"Explosive Potion"},{"floor":10.0,"key":"Venom Potion"},{"floor":23.0,"key":"Dexterity Potion"},{"floor":25.0,"key":"Dexterity Potion"},{"floor":44.0,"key":"AttackPotion"},{"floor":46.0,"key":"ColorlessPotion"}],"is_trial":false,"path_per_floor":["M","M","$","?","M","E","R","E","T","M","M","?","M","E","R","B",null,"M","M","M","M","$","E","?","E","T","?","AVR","M","M","E","R","B",null,"M","?","?","$","$","E","M","R","T","E","?","E","M","E","R","B",null,"R","$","E","B",null],"character_chosen":"THE_DEFAULT","items_purchased":["theMarked:EmpowerWeapon+1","Replay:Bottled Steam","Replay:Baseball","theMarked:RogueSparks+1","ReplayTheSpireMod:Brewmster+1","jedi:archwizardhat","trackpad:CultistFigurine","Omamori","infinitespire:Beetle Shell","PowerPotion"],"campfire_rested":5,"item_purchase_floors":[3,3,22,22,22,38,39,39,53,53],"current_hp_per_floor":[70,70,70,75,75,67,67,57,57,57,54,54,48,43,65,65,75,68,68,55,44,49,36,36,12,12,12,12,8,8,8,32,35,110,96,96,96,96,96,96,96,110,110,107,107,107,107,107,110,110,110,110,110,110,64],"gold":103,"neow_bonus":"ONE_RANDOM_RARE_CARD","is_daily":false,"chose_seed":false,"campfire_upgraded":0,"win_rate":0.0,"timestamp":1609291546,"path_taken":["M","M","$","?","M","E","R","E","T","M","M","?","M","E","R","BOSS","M","M","M","M","$","E","?","E","T","?","AVR","M","M","E","R","BOSS","M","?","?","?","$","E","M","R","T","E","?","E","M","E","R","BOSS","R","$","E","BOSS"],"items_purchased_type":["Card","Relic","Relic","Card","Card","Relic","Relic","Relic","Relic","Potion"],"build_version":"2020-12-22","purchased_purges":5,"victory":true,"max_hp_per_floor":[70,70,70,75,75,75,75,75,75,75,75,75,75,75,75,75,75,75,75,75,75,80,80,80,80,80,80,80,80,80,80,80,80,110,110,110,110,110,110,110,110,110,110,110,110,110,110,110,110,110,110,110,110,110,110],"card_choices":[{"not_picked":["theMarked:Frustration+1","theMarked:DeterminationOfTheMarked+1"],"picked":"theMarked:SwordAndMagic+1","floor":1.0},{"not_picked":["theMarked:Electrify+1","theMarked:Opportunist+1"],"picked":"theMarked:EmpowerWeapon+1","floor":2.0},{"not_picked":["theMarked:DeterminationOfTheMarked+1","theMarked:WardOff+1","theMarked:RepellingDischarge+1"],"picked":"SKIP","floor":5.0},{"not_picked":["theMarked:ThrowWeapon+1","theMarked:RepellingDischarge+1"],"picked":"theMarked:SwordAndMagic+1","floor":6.0},{"not_picked":["theMarked:Parkour+1","theMarked:WastefulDefense+1"],"picked":"theMarked:ReduceFriction+1","floor":8.0},{"not_picked":["theMarked:EmpowerWeapon+1","theMarked:Electrocute+1"],"picked":"theMarked:Aftermath+1","floor":10.0},{"not_picked":["theMarked:SelfDefenseTraining+1","theMarked:HeritageOfTheMarked+1"],"picked":"theMarked:Polarize+1","floor":11.0},{"not_picked":["theMarked:Improvise+1","theMarked:ResourceFulStrike+1"],"picked":"theMarked:HeightenedSenses+1","floor":13.0},{"not_picked":["theMarked:SwordAndMagic+1","theMarked:Defy+1"],"picked":"theMarked:EnhancedHearing+1","floor":14.0},{"not_picked":["theMarked:MuscleMemory+1","theMarked:TakeOffHeels+1"],"picked":"theMarked:SuspiciousRaven+1","floor":16.0},{"not_picked":["theMarked:ResourceFulStrike+1","theMarked:Improvise+1","theMarked:Polarize+1"],"picked":"SKIP","floor":18.0},{"not_picked":["theMarked:ElectricStrings+1","theMarked:Convert+1","theMarked:Indomitable+1"],"picked":"SKIP","floor":19.0},{"not_picked":["theMarked:Frustration+1","theMarked:Improvise+1","theMarked:WastefulAttack+1"],"picked":"SKIP","floor":20.0},{"not_picked":["theMarked:HeightenedSenses+1","theMarked:SwordAndMagic+1","theMarked:MysticalArsenal+1"],"picked":"SKIP","floor":21.0},{"not_picked":["theMarked:Aftermath+1","theMarked:Parkour+1","theMarked:DeterminationOfTheMarked+1"],"picked":"SKIP","floor":23.0},{"not_picked":["theMarked:Overthink+1","theMarked:TwofoldDefense+1","theMarked:BanishingWave+1"],"picked":"SKIP","floor":25.0},{"not_picked":["theMarked:SelfDefenseTraining+1","theMarked:TunnelVision+1","theMarked:WardOff+1"],"picked":"SKIP","floor":29.0},{"not_picked":["theMarked:DeterminationOfTheMarked+1","theMarked:ElectricStrings+1","theMarked:WardOff+1"],"picked":"SKIP","floor":30.0},{"not_picked":["theMarked:WardOff+1","theMarked:EmpowerWeapon+1"],"picked":"theMarked:EternalStudent+1","floor":31.0},{"not_picked":["theMarked:Snap+1","theMarked:BindingBlade+1"],"picked":"theMarked:SummonStrength+1","floor":33.0},{"not_picked":["theMarked:Convert+1","theMarked:Seal+1","theMarked:SelfDefenseTraining+1"],"picked":"SKIP","floor":35.0},{"not_picked":["theMarked:HeritageOfTheMarked+1","theMarked:WardOff+1","theMarked:PowerFlow+1"],"picked":"SKIP","floor":40.0},{"not_picked":["theMarked:DeterminationOfTheMarked+1","theMarked:Panic+1"],"picked":"theMarked:ComboAttacks+1","floor":41.0},{"not_picked":["theMarked:Seal+1","theMarked:LightningStrikesTwice+1","theMarked:GodGivenPower+1"],"picked":"SKIP","floor":44.0},{"not_picked":["theMarked:TunnelVision+1","theMarked:Static+1"],"picked":"theMarked:MagicAdept+1","floor":45.0},{"not_picked":["theMarked:HeightenedSenses+1","theMarked:Electrocute+1","theMarked:RepellingDischarge+1"],"picked":"SKIP","floor":46.0},{"not_picked":["theMarked:Polarize+1","theMarked:Frustration+1","theMarked:Static+1"],"picked":"SKIP","floor":47.0},{"not_picked":["theMarked:MysticalArsenal+1","theMarked:Static+1","theMarked:KeepCalmAndFightOn+1"],"picked":"SKIP","floor":48.0},{"not_picked":["theMarked:WastefulAttack+1","theMarked:BanishingStrike+1","theMarked:Polarize+1"],"picked":"SKIP","floor":54.0}],"player_experience":2488519,"relics_obtained":[{"floor":6.0,"key":"Incense Burner"},{"floor":8.0,"key":"Grinning Jar"},{"floor":9.0,"key":"CeramicFish"},{"floor":14.0,"key":"Mirror"},{"floor":25.0,"key":"infinitespire:Satchel"},{"floor":26.0,"key":"Vajra"},{"floor":31.0,"key":"StuffTheSpire:MayFlowers"},{"floor":44.0,"key":"hubris:Reverence"},{"floor":45.0,"key":"halation:WeightlessCrab"},{"floor":54.0,"key":"trackpad:BottledShadow"}],"event_choices":[{"damage_healed":0.0,"max_hp_gain":0.0,"max_hp_loss":9.0,"gold_gain":0.0,"event_name":"betterThird:BetterWriting","player_choice":"Simplicity","floor":0.0,"gold_loss":0.0,"damage_taken":0.0},{"damage_healed":0.0,"max_hp_gain":5.0,"max_hp_loss":0.0,"gold_gain":0.0,"event_name":"Big Fish","player_choice":"Donut","floor":4.0,"gold_loss":0.0,"damage_taken":0.0},{"damage_healed":0.0,"max_hp_gain":0.0,"max_hp_loss":0.0,"gold_gain":100.0,"event_name":"Golden Shrine","player_choice":"Pray","floor":12.0,"gold_loss":0.0,"damage_taken":0.0},{"damage_healed":0.0,"max_hp_gain":0.0,"max_hp_loss":0.0,"gold_gain":0.0,"event_name":"Lab","player_choice":"Got Potions","floor":24.0,"gold_loss":0.0,"damage_taken":0.0},{"damage_healed":0.0,"max_hp_gain":0.0,"max_hp_loss":0.0,"gold_gain":0.0,"event_name":"betterThird:BetterPortal","player_choice":"Ignored","floor":36.0,"gold_loss":0.0,"damage_taken":0.0},{"damage_healed":0.0,"max_hp_gain":0.0,"max_hp_loss":0.0,"gold_gain":0.0,"event_name":"WeMeetAgain","player_choice":"Gave Potion","floor":37.0,"gold_loss":0.0,"damage_taken":0.0,"relics_obtained":["Replay:Rubber Ducky"]}],"is_beta":false,"boss_relics":[{"not_picked":["jedi:battlestandard","beaked:MawFillet"],"picked":"ReplayTheSpireMod:DimensionalGlitch"},{"not_picked":["Pandora\u0027s Box","vexMod:TanglingVine"],"picked":"vexMod:BigBerry"}],"items_purged_floors":[3,22,22,38,38],"is_endless":false,"potions_floor_spawned":[5,6,10,18,23,25,30,31,33,44,45,46],"ascension_level":1}}