{"host":"pnw33a014vs8wril","time":1609334431,"event":{"mods":["BaseMod","Downfall","Highlight Path","Minty Spire (QoL Compilation)","StSLib"],"gold_per_floor":[99,99,99,124,26,26,49,49,49,76,90,115,131,150,168,265,265,265,265,265,265,265,265,265,265,265,265,265,265,265,3,3,3,3,3,3,3,3,3,3,3,3,3,3,3,3,3,3,3,3],"floor_reached":51,"playtime":3179,"items_purged":[],"score":1063,"play_id":"566f7cdb-febf-478e-8ec7-22c5c0e4b659","local_time":"20201230142031","is_ascension_mode":false,"campfire_choices":[{"data":"champ:Taunt","floor":1,"key":"SMITH"},{"data":"champ:GladiatorStyle","floor":6,"key":"SMITH"},{"data":"champ:PreciseThrust","floor":9,"key":"SMITH"},{"data":"champ:PreciseThrust","floor":18,"key":"SMITH"},{"data":"champ:FocusedGladiator","floor":26,"key":"SMITH"},{"floor":35,"key":"RECALL"},{"data":"champ:ShieldWall","floor":47,"key":"SMITH"}],"circlet_count":0,"master_deck":["champ:Defend","champ:Defend","champ:Defend","champ:Defend","champ:Taunt+1","champ:GladiatorStyle+1","champ:PreciseThrust+1","champ:ArenaPreparation","champ:BladeFlurry","champ:PreciseThrust+1","champ:PreciseThrust","champ:FocusedGladiator+1","Bite","Bite","Bite","Bite","Bite","champ:ArenaPreparation","champ:CheapShot","champ:HoldFirm","J.A.X.","champ:ShieldWall+1","champ:GladiatorStyle","champ:ArenaPreparation","expansioncontent:GuardianWhirl","champ:MurderStrike","Dodge and Roll","champ:BladeFlurry+1","champ:IgnorePain"],"relics":["champ:ChampionCrown","downfall:HeartsMalice","downfall:ShatteredFragment","PreservedInsect","Darkstone Periapt","Akabeko","downfall:Hecktoplasm","Bottled Lightning","Kunai","Juzu Bracelet","MutagenicStrength","Sozu","Eternal Feather","Bottled Tornado","Bag of Marbles","MawBank","downfall:HeartBlessingRed","downfall:HeartBlessingBlue","Anchor"],"acts_visited":["Exordium","TheCity","TheBeyond"],"potions_floor_usage":[32],"damage_taken":[{"damage":0,"enemies":"downfall:FleeingMerchant","floor":5,"turns":1},{"damage":0,"enemies":"downfall:FleeingMerchant","floor":8,"turns":1},{"damage":0,"enemies":"3 Sentries","floor":10,"turns":1},{"damage":6,"enemies":"Jaw Worm","floor":11,"turns":3},{"damage":5,"enemies":"Lagavulin","floor":12,"turns":3},{"damage":3,"enemies":"Small Slimes","floor":13,"turns":2},{"damage":5,"enemies":"Cultist","floor":14,"turns":2},{"damage":9,"enemies":"Lots of Slimes","floor":15,"turns":3},{"damage":18,"enemies":"downfall:Watcher","floor":16,"turns":7},{"damage":10,"enemies":"Chosen","floor":19,"turns":3},{"damage":15,"enemies":"Snecko","floor":20,"turns":3},{"damage":15,"enemies":"Cultist and Chosen","floor":23,"turns":4},{"damage":13,"enemies":"Gremlin Leader","floor":25,"turns":7},{"damage":25,"enemies":"Snake Plant","floor":27,"turns":4},{"damage":10,"enemies":"Book of Stabbing","floor":28,"turns":3},{"damage":9,"enemies":"downfall:Augmenter","floor":29,"turns":4},{"damage":16,"enemies":"Shelled Parasite and Fungi","floor":30,"turns":4},{"damage":31,"enemies":"downfall:FleeingMerchant","floor":31,"turns":4},{"damage":30,"enemies":"Snecko","floor":32,"turns":3},{"damage":50,"enemies":"downfall:Silent","floor":33,"turns":5},{"damage":39,"enemies":"3 Shapes","floor":36,"turns":2},{"damage":18,"enemies":"3 Darklings","floor":38,"turns":5},{"damage":36,"enemies":"Maw","floor":39,"turns":5},{"damage":15,"enemies":"Reptomancer","floor":40,"turns":2},{"damage":18,"enemies":"Giant Head","floor":43,"turns":5},{"damage":10,"enemies":"Nemesis","floor":45,"turns":3},{"damage":10,"enemies":"Reptomancer","floor":48,"turns":1},{"damage":13,"enemies":"Sphere and 2 Shapes","floor":49,"turns":3},{"damage":18,"enemies":"downfall:Defect","floor":50,"turns":5}],"seed_played":"6022017411451269466","potions_obtained":[{"floor":10,"key":"AttackPotion"},{"floor":11,"key":"Fire Potion"},{"floor":12,"key":"SpeedPotion"},{"floor":28,"key":"hexamod:EctoCoolerPotion"},{"floor":32,"key":"Fruit Juice"},{"floor":33,"key":"Weak Potion"}],"is_trial":false,"path_per_floor":["R","?","?","T","$","R","T","$","R","E","M","E","M","M","M","B",null,"R","M","M","?","?","M","T","E","R","M","E","?","M","$","M","B",null,"R","M","?","M","M","E","T","?","E","?","E","?","R","E","M","B",null],"character_chosen":"THE_CHAMP","items_purchased":["champ:FlashCut","champ:PreciseThrust","champ:GladiatorStyle","champ:ArenaPreparation","expansioncontent:GuardianWhirl"],"campfire_rested":0,"item_purchase_floors":[5,5,31,31,31],"current_hp_per_floor":[90,90,63,63,65,65,65,67,67,69,70,72,71,73,71,60,90,90,85,87,87,87,90,90,90,90,83,90,90,85,90,84,57,95,95,85,85,94,95,95,95,90,95,95,95,95,105,105,99,98],"gold":3,"neow_bonus":"THREE_ENEMY_KILL","is_daily":false,"chose_seed":false,"campfire_upgraded":6,"win_rate":0.0,"timestamp":1609334431,"path_taken":["R","?","?","?","$","R","T","?","R","E","?","E","?","M","M","BOSS","R","M","M","?","?","?","T","E","R","M","E","?","M","$","M","BOSS","R","M","?","M","M","E","T","?","E","?","E","?","R","E","M","BOSS"],"items_purchased_type":["Card","Card","Card","Card","Card"],"build_version":"2020-12-22","purchased_purges":0,"victory":true,"max_hp_per_floor":[90,90,90,90,90,90,90,90,90,90,90,90,90,90,90,90,90,90,90,90,90,90,90,90,90,90,90,90,90,90,90,95,95,95,95,95,95,95,95,95,95,95,95,95,95,95,105,105,105,105],"card_choices":[{"not_picked":["champ:BerserkerStyle","champ:GladiatorsShout"],"picked":"champ:GladiatorStyle","floor":5},{"not_picked":["champ:PerfectedStrike","champ:GutPunch"],"picked":"champ:ArenaPreparation","floor":8},{"not_picked":["champ:Duel","champ:TornadoPunch"],"picked":"champ:BladeFlurry","floor":10},{"not_picked":["champ:CalledShot","champ:Haymaker"],"picked":"champ:PreciseThrust","floor":11},{"not_picked":["champ:BerserkerStyle","champ:AdrenalArmor","champ:Shatter"],"picked":"SKIP","floor":12},{"not_picked":["champ:FanOfKnives","champ:GutPunch","champ:CalledShot"],"picked":"SKIP","floor":13},{"not_picked":["champ:RisingSlash","champ:RecklessLeap","champ:FanOfKnives"],"picked":"SKIP","floor":14},{"not_picked":["champ:BladeFlurry","champ:Lariat","champ:FightOn"],"picked":"SKIP","floor":15},{"not_picked":["champ:PerfectForm","champ:DancingMaster"],"picked":"champ:LastStand","floor":16},{"not_picked":["champ:DefensiveShout","champ:Circumvent"],"picked":"champ:PreciseThrust","floor":19},{"not_picked":["champ:AdrenalArmor","champ:FalseCounter"],"picked":"champ:FocusedGladiator","floor":20},{"not_picked":["champ:BerserkersShout","champ:PerfectedStrike+1","champ:Haymaker"],"picked":"SKIP","floor":23},{"not_picked":["champ:RisingSlash","champ:RecklessLeap"],"picked":"champ:ArenaPreparation","floor":25},{"not_picked":["champ:FightOn","champ:FalseCounter","champ:Duel+1"],"picked":"SKIP","floor":27},{"not_picked":["champ:Duel","champ:DefensiveShout+1","champ:Circumvent"],"picked":"SKIP","floor":28},{"not_picked":[],"picked":"J.A.X.","floor":29},{"not_picked":["champ:BringItOn","champ:FocusedDefense+1"],"picked":"champ:ShieldWall","floor":30},{"not_picked":["champ:GutPunch","champ:CalledShot","champ:BerserkersShout"],"picked":"SKIP","floor":31},{"not_picked":["champ:BerserkersShout","champ:FlashCut","champ:HeartStrike"],"picked":"SKIP","floor":32},{"not_picked":["champ:VampiricStrike","champ:ShieldSlam"],"picked":"champ:MurderStrike","floor":33},{"not_picked":["champ:StanceDance+1","champ:FocusedDefense+1"],"picked":"champ:ShieldWall+1","floor":36},{"not_picked":["champ:BerserkerStyle","champ:FanOfKnives","champ:TornadoPunch+1"],"picked":"SKIP","floor":38},{"not_picked":["champ:FocusedBerserking","champ:AdrenalArmor+1","champ:Circumvent"],"picked":"SKIP","floor":39},{"not_picked":["champ:EndlessRage+1","champ:GutPunch"],"picked":"champ:BladeFlurry+1","floor":40},{"not_picked":["champ:Circumvent+1","champ:Shatter","champ:IronFortress"],"picked":"SKIP","floor":43},{"not_picked":["champ:CrookedStrike","champ:BerserkersShout","champ:Lariat"],"picked":"SKIP","floor":45},{"not_picked":["champ:AdrenalArmor+1","champ:BringItOn+1"],"picked":"champ:IgnorePain","floor":48},{"not_picked":["champ:DeathBlow+1","champ:GutPunch","champ:SkillfulDodge+1"],"picked":"SKIP","floor":49}],"player_experience":915334,"relics_obtained":[{"floor":4,"key":"Blood Vial"},{"floor":7,"key":"PreservedInsect"},{"floor":10,"key":"Darkstone Periapt"},{"floor":12,"key":"Akabeko"},{"floor":24,"key":"Bottled Lightning"},{"floor":25,"key":"Kunai"},{"floor":28,"key":"Juzu Bracelet"},{"floor":29,"key":"MutagenicStrength"},{"floor":40,"key":"Eternal Feather"},{"floor":43,"key":"Bottled Tornado"},{"floor":44,"key":"Bag of Marbles"},{"floor":45,"key":"MawBank"},{"floor":48,"key":"Anchor"}],"event_choices":[{"damage_healed":0,"gold_gain":0,"player_choice":"Became a vampire (Vial)","damage_taken":0,"max_hp_gain":0,"max_hp_loss":0,"event_name":"Vampires","floor":21,"relics_lost":["Blood Vial"],"gold_loss":0,"cards_obtained":["Bite","Bite","Bite","Bite","Bite"]},{"cards_removed":["champ:FlashCut"],"damage_healed":0,"gold_gain":0,"player_choice":"Purged","damage_taken":0,"max_hp_gain":0,"max_hp_loss":0,"event_name":"Purifier","floor":22,"gold_loss":0},{"cards_removed":["champ:ShieldWall"],"damage_healed":0,"gold_gain":0,"player_choice":"Took Card","damage_taken":0,"max_hp_gain":0,"max_hp_loss":0,"event_name":"NoteForYourself","floor":37,"gold_loss":0,"cards_obtained":["Dodge and Roll"]}],"is_beta":false,"boss_relics":[{"not_picked":["champ:ChampionCrownUpgraded","Astrolabe"],"picked":"downfall:Hecktoplasm"},{"not_picked":["Calling Bell","SlaversCollar"],"picked":"Sozu"}],"items_purged_floors":[],"is_endless":false,"potions_floor_spawned":[10,11,12,19,28,32,33,36,40,43,48,49],"ascension_level":0}}