{"host":"er8s5flrc5z1a07t","time":1609345122,"event":{"mods":["2.2 Compatiblity","Act Like it!","Bard","BaseMod","Better Note","Better Third Choice","Downfall","Duelist Mod","Elementarium","Energized Spire","GifTheSpireLib","Hermit","Hubris","Infinite Spire","Minty Spire (QoL Compilation)","Relic Stats","Replay The Spire","Shop Mod","StSLib","Stuff the Spire","Synergy Search","The Cursed","The Disciple","The Mystic"],"gold_per_floor":[178,188,207,218,52,152,176,197,197,223,223,243,243,243,266,365,365,365,365,365,365,365,365,365,48,48,48,48,48,48,48,48,48,48,48,48,48,48,48,48,48,48,48,48,48,48,48,48,48,48],"floor_reached":51,"playtime":3010,"items_purged":["hexamod:Strike","hexamod:Strike"],"score":676,"play_id":"a30cc67e-39c2-4ffb-b8ef-83be646e0058","local_time":"20201230111842","is_ascension_mode":false,"campfire_choices":[{"data":"hexamod:BurningTouch","floor":9.0,"key":"SMITH"},{"data":"hexamod:Firestarter","floor":11.0,"key":"SMITH"},{"data":"hexamod:SoulSteal","floor":13.0,"key":"SMITH"},{"floor":18.0,"key":"DIG"},{"data":"hexamod:GhostOfSpirePast","floor":26.0,"key":"SMITH"},{"floor":35,"key":"RECALL"},{"data":"hexamod:TimeWarp","floor":40,"key":"SMITH"},{"floor":47,"key":"REST"}],"circlet_count":0,"master_deck":["hexamod:Defend+1","hexamod:Defend","hexamod:Defend+1","hexamod:Defend","hexamod:Sear","hexamod:Float","hexamod:GhostShield","hexamod:PhantomCloak","hexamod:BurningTouch+1","hexamod:Rewind","hexamod:ThermalTransfer","hexamod:Firestarter+1","hexamod:Hexaguard","hexamod:SoulSteal+1","hexamod:WildfireWeapon","hexamod:GiftsFromTheDead","hexamod:WildfireWeapon","hexamod:GhostOfSpirePast+1","hexamod:BurningTouch+1","infinitespire:Collect+1","hexamod:VolcanoVisage","hexamod:TimeWarp+1","hexamod:GhostflameBarrier","hexamod:FirstSeal","hexamod:TimeOfNeed","hexamod:ExtraCrispy"],"relics":["hexamod:SpiritBrand","MealTicket","downfall:ShatteredFragment","downfall:Hecktoplasm","Omamori","Medical Kit","CultistMask","Sling","hexamod:TheBrokenSeal","Empty Cage","downfall:HeartBlessingRed","Ornamental Fan","Replay:Lucky Slots","hubris:BundleOfHerbs"],"acts_visited":["Exordium","TheCity","TheBeyond"],"potions_floor_usage":[38,48,50,50],"damage_taken":[{"damage":10.0,"enemies":"Cultist","floor":2.0,"turns":4.0},{"damage":0.0,"enemies":"2 Louse","floor":3.0,"turns":3.0},{"damage":0.0,"enemies":"Jaw Worm","floor":4.0,"turns":6.0},{"damage":0.0,"enemies":"downfall:FleeingMerchant","floor":5.0,"turns":4.0},{"damage":11.0,"enemies":"Exordium Thugs","floor":8.0,"turns":8.0},{"damage":4.0,"enemies":"Lots of Slimes","floor":10.0,"turns":5.0},{"damage":7.0,"enemies":"Blue Slaver","floor":12.0,"turns":3.0},{"damage":0.0,"enemies":"Large Slime","floor":15.0,"turns":4.0},{"damage":19.0,"enemies":"downfall:Silent","floor":16.0,"turns":9.0},{"damage":8.0,"enemies":"Spheric Guardian","floor":19.0,"turns":5.0},{"damage":0.0,"enemies":"Chosen","floor":20.0,"turns":4.0},{"damage":8.0,"enemies":"Shelled Parasite and Fungi","floor":21.0,"turns":6.0},{"damage":0.0,"enemies":"downfall:FleeingMerchant","floor":25.0,"turns":4.0},{"damage":12.0,"enemies":"Snake Plant","floor":27.0,"turns":3.0},{"damage":24.0,"enemies":"Sentry and Sphere","floor":28.0,"turns":7.0},{"damage":0.0,"enemies":"Snecko","floor":29.0,"turns":3.0},{"damage":15.0,"enemies":"Snake Plant","floor":30.0,"turns":4.0},{"damage":0.0,"enemies":"Centurion and Healer","floor":32.0,"turns":4.0},{"damage":27.0,"enemies":"downfall:Watcher","floor":33.0,"turns":7.0},{"damage":3,"enemies":"3 Shapes","floor":37,"turns":4},{"damage":7,"enemies":"3 Darklings","floor":38,"turns":4},{"damage":15,"enemies":"Writhing Mass","floor":39,"turns":4},{"damage":9,"enemies":"Spire Growth","floor":43,"turns":3},{"damage":8,"enemies":"4 Shapes","floor":44,"turns":3},{"damage":8,"enemies":"2 Orb Walkers","floor":45,"turns":3},{"damage":8,"enemies":"Writhing Mass","floor":46,"turns":6},{"damage":0,"enemies":"Spire Growth","floor":48,"turns":4},{"damage":27,"enemies":"3 Darklings","floor":49,"turns":6},{"damage":25,"enemies":"downfall:Defect","floor":50,"turns":6}],"seed_played":"634099951351011200","potions_obtained":[{"floor":2.0,"key":"Swift Potion"},{"floor":3.0,"key":"SteroidPotion"},{"floor":8.0,"key":"LiquidBronze"},{"floor":16.0,"key":"PowerPotion"},{"floor":27.0,"key":"Fire Potion"},{"floor":29.0,"key":"Block Potion"},{"floor":39,"key":"Fire Potion"},{"floor":43,"key":"SpeedPotion"},{"floor":48,"key":"Fruit Juice"}],"is_trial":false,"path_per_floor":["R","M","M","M","$","?","T","M","R","M","R","M","R","?","M","B",null,"R","M","M","M","AVR","?","T","$","R","M","M","M","M","?","M","B",null,"R","?","M","M","M","R","T","AVR","M","M","?","M","R","M","M","B",null],"character_chosen":"THE_SPIRIT","items_purchased":["hexamod:SecondSeal","hexamod:TimeWarp","Sling"],"campfire_rested":1,"item_purchase_floors":[5,25,25],"current_hp_per_floor":[70,60,67,70,70,70,70,66,66,69,69,69,69,48,55,43,70,70,62,69,68,68,68,68,70,70,65,80,80,72,72,79,52,80,80,60,64,64,56,56,56,56,54,46,45,44,68,75,55,42],"gold":48,"neow_bonus":"ONE_RANDOM_RARE_CARD","is_daily":false,"chose_seed":false,"campfire_upgraded":5,"win_rate":0.0,"timestamp":1609345122,"path_taken":["R","M","M","M","$","?","T","M","R","M","R","M","R","?","M","BOSS","R","M","M","M","AVR","?","T","?","R","M","?","M","M","?","M","BOSS","R","?","?","M","?","R","T","AVR","M","M","?","M","R","M","M","BOSS"],"items_purchased_type":["Card","Card","Relic"],"build_version":"2020-12-22","purchased_purges":2,"victory":true,"max_hp_per_floor":[70,70,70,70,70,70,70,70,70,70,70,70,70,70,70,70,70,70,70,70,70,70,70,70,70,70,70,80,80,80,80,80,80,80,80,80,80,80,80,80,80,80,80,80,80,80,80,80,80,85],"relic_stats":{"counters":[29,136],"Ornamental Fan":[44],"MealTicket":2,"Medical Kit":[3],"obtain_stats":[{"downfall:ShatteredFragment":14,"downfall:HeartBlessingRed":40,"hexamod:TheBrokenSeal":28,"Omamori":18,"infinitespire:Lucky Rock":24,"Medical Kit":22,"Sling":25,"Empty Cage":34,"Ornamental Fan":41,"MealTicket":7,"CultistMask":23,"Replay:Lucky Slots":42,"hubris:BundleOfHerbs":45,"downfall:Hecktoplasm":17,"hexamod:SpiritBrand":0},{"downfall:ShatteredFragment":7,"downfall:HeartBlessingRed":22,"hexamod:TheBrokenSeal":15,"Omamori":9,"infinitespire:Lucky Rock":12,"Medical Kit":12,"Sling":13,"Empty Cage":19,"Ornamental Fan":22,"MealTicket":4,"CultistMask":12,"Replay:Lucky Slots":22,"hubris:BundleOfHerbs":25,"downfall:Hecktoplasm":9,"hexamod:SpiritBrand":0},{"downfall:ShatteredFragment":33,"downfall:HeartBlessingRed":105,"hexamod:TheBrokenSeal":74,"Omamori":46,"infinitespire:Lucky Rock":61,"Medical Kit":61,"Sling":65,"Empty Cage":93,"Ornamental Fan":105,"MealTicket":17,"CultistMask":61,"Replay:Lucky Slots":105,"hubris:BundleOfHerbs":114,"downfall:Hecktoplasm":46,"hexamod:SpiritBrand":0}]},"card_choices":[{"not_picked":["hexamod:GhostLash","hexamod:RainOfEmbers"],"picked":"hexamod:GhostShield","floor":2.0},{"not_picked":["hexamod:FourthSeal","hexamod:SecondSeal"],"picked":"hexamod:FirstSeal","floor":2.0},{"not_picked":["hexamod:GhostShield","hexamod:ShieldOfDarkness"],"picked":"hexamod:PhantomCloak","floor":3.0},{"not_picked":["hexamod:HeatShield","hexamod:BacktrackSmack"],"picked":"hexamod:BurningTouch","floor":4.0},{"not_picked":["hexamod:FirstSeal","hexamod:SecondSeal"],"picked":"hexamod:ThirdSeal","floor":5.0},{"not_picked":["hexamod:ShieldOfDarkness","hexamod:BacktrackSmack"],"picked":"hexamod:Rewind","floor":5.0},{"not_picked":["hexamod:NightmareStrike","hexamod:StepThrough"],"picked":"hexamod:ThermalTransfer","floor":8.0},{"not_picked":["hexamod:ThermalTransfer","hexamod:CrushingStance"],"picked":"hexamod:Firestarter","floor":8.0},{"not_picked":["hexamod:GhostOfSpirePresent","hexamod:Incineration"],"picked":"hexamod:Hexaguard","floor":10.0},{"not_picked":["hexamod:ShieldOfDarkness","hexamod:SwordOfDarkness"],"picked":"hexamod:SoulSteal","floor":12.0},{"not_picked":["hexamod:ThermalTransfer","hexamod:RainOfEmbers","hexamod:GhostLash"],"picked":"SKIP","floor":12.0},{"not_picked":["hexamod:Firestarter","hexamod:HeatCrush"],"picked":"hexamod:WildfireWeapon","floor":15.0},{"not_picked":["hexamod:FastForward","hexamod:ThermalTransfer","hexamod:HauntingEcho"],"picked":"SKIP","floor":15.0},{"not_picked":["hexamod:GhostflameInferno","hexamod:UnleashSpirits"],"picked":"hexamod:GiftsFromTheDead","floor":16.0},{"not_picked":["hexamod:HexaLevel","hexamod:TurnItUp"],"picked":"hexamod:WildfireWeapon","floor":16.0},{"not_picked":["hexamod:FirstSeal","hexamod:FourthSeal"],"picked":"hexamod:SixthSeal","floor":19.0},{"not_picked":["hexamod:SwordOfDarkness+1","hexamod:PhantomFireball+1"],"picked":"hexamod:GhostOfSpirePast","floor":19.0},{"not_picked":["hexamod:ShieldOfDarkness","hexamod:GhostShield","hexamod:HauntingEcho+1"],"picked":"SKIP","floor":19.0},{"not_picked":["hexamod:ShieldOfDarkness+1","hexamod:Hexaguard","hexamod:SpectersWail+1"],"picked":"SKIP","floor":20.0},{"not_picked":["hexamod:CrushingStance","hexamod:InspiringFlames"],"picked":"hexamod:BurningTouch+1","floor":21.0},{"not_picked":["hexamod:NightmareGuise","hexamod:Firestarter","hexamod:Hexaguard"],"picked":"SKIP","floor":21.0},{"not_picked":["hexamod:BacktrackSmack","hexamod:CatchUp+1"],"picked":"hexamod:VolcanoVisage","floor":25.0},{"not_picked":["hexamod:GhostLash","hexamod:GhostOfSpirePast","hexamod:CatchUp+1"],"picked":"SKIP","floor":25.0},{"not_picked":["hexamod:GhostOfSpireFuture","hexamod:Rewind"],"picked":"hexamod:GhostflameBarrier","floor":27.0},{"not_picked":["hexamod:SecondSeal","hexamod:ThirdSeal"],"picked":"hexamod:FourthSeal","floor":27.0},{"not_picked":["hexamod:BacktrackSmack","hexamod:GhostOfSpirePast+1"],"picked":"hexamod:FirstSeal","floor":28.0},{"not_picked":["hexamod:GhostLash+1","hexamod:HeatMetal","hexamod:NightmareStrike"],"picked":"SKIP","floor":29.0},{"not_picked":["hexamod:GhostLash+1","hexamod:HeatMetal","hexamod:NightmareStrike"],"picked":"SKIP","floor":29.0},{"not_picked":["hexamod:FlamesFromBeyond","hexamod:FirstSeal","hexamod:TimeOfNeed"],"picked":"SKIP","floor":30.0},{"not_picked":["hexamod:BurningTouch","hexamod:NightmareStrike"],"picked":"hexamod:ExtraCrispy","floor":32.0},{"not_picked":["hexamod:PhantomFireball+1","hexamod:Firestarter+1","hexamod:Hexaguard+1"],"picked":"SKIP","floor":37},{"not_picked":["hexamod:HauntingEcho","hexamod:ChargedBarrage+1","hexamod:HeatCrush"],"picked":"SKIP","floor":38},{"not_picked":["hexamod:NecessarySacrifice","hexamod:NightmareStrike+1","hexamod:Again+1"],"picked":"SKIP","floor":39},{"not_picked":["hexamod:SwordOfDarkness","hexamod:FourthSeal","hexamod:SpectersWail+1"],"picked":"SKIP","floor":43},{"not_picked":["hexamod:ChargedBarrage+1","hexamod:GhostLash+1","hexamod:FastForward"],"picked":"SKIP","floor":44},{"not_picked":["hexamod:Rewind","hexamod:SwordOfDarkness+1","hexamod:NightmareGuise"],"picked":"SKIP","floor":46},{"not_picked":["hexamod:NightmareStrike+1","hexamod:SoulSteal+1","hexamod:Firestarter"],"picked":"SKIP","floor":48},{"not_picked":["hexamod:HauntingEcho","hexamod:NightmareGuise+1","hexamod:RainOfEmbers+1"],"picked":"SKIP","floor":49}],"player_experience":1187750,"relics_obtained":[{"floor":7.0,"key":"MealTicket"},{"floor":18.0,"key":"Omamori"},{"floor":24.0,"key":"infinitespire:Lucky Rock"},{"floor":41,"key":"Ornamental Fan"},{"floor":45,"key":"hubris:BundleOfHerbs"}],"event_choices":[{"damage_healed":0.0,"max_hp_gain":0.0,"max_hp_loss":0.0,"gold_gain":0.0,"event_name":"FaceTrader","player_choice":"Trade","floor":23.0,"gold_loss":0.0,"damage_taken":0.0,"relics_obtained":["CultistMask"]},{"damage_healed":0,"gold_gain":0,"player_choice":"Fight","damage_taken":0,"max_hp_gain":0,"max_hp_loss":0,"event_name":"Mysterious Sphere","floor":45,"gold_loss":0}],"is_beta":false,"boss_relics":[{"not_picked":["StuffTheSpire:RunicConfusion","Calling Bell"],"picked":"downfall:Hecktoplasm"},{"not_picked":["ReplayTheSpireMod:DimensionalGlitch","Kintsugi"],"picked":"Empty Cage"}],"items_purged_floors":[5,22],"is_endless":false,"potions_floor_spawned":[2,3,8,16,21,27,28,29,33,37,39,43,45,48],"ascension_level":0}}