{"host":"873t0y8ybyo38pfq","time":1609354108,"event":{"mods":["BaseMod","Bestiary","Colored Map","Colored Powertips","Highlight Path","Minty Spire (QoL Compilation)","Quick Restart","RNG Fix","Rare Cards Sparkle","Relic Stats","StSLib"],"gold_per_floor":[362,377,377,390,72,72,135,135,158,158,185,239,253,264,264,264,264],"floor_reached":16,"playtime":364,"items_purged":[],"score":200,"play_id":"911f25b0-0f8d-470b-ad6f-4c9d943f0bdb","local_time":"20201230134828","is_ascension_mode":true,"campfire_choices":[{"data":"Noxious Fumes","floor":6,"key":"SMITH"},{"floor":8,"key":"REST"},{"data":"Bane","floor":10,"key":"SMITH"},{"floor":15,"key":"REST"}],"circlet_count":0,"master_deck":["AscendersBane","Strike_G","Strike_G","Strike_G","Strike_G","Strike_G","Defend_G","Defend_G","Defend_G","Defend_G","Defend_G","Survivor","Neutralize","Noxious Fumes+1","Bane+1","Neutralize","Catalyst","Poisoned Stab","Footwork","Blur","Blur","Well Laid Plans","Catalyst"],"relics":["Ring of the Snake","ClockworkSouvenir","Ancient Tea Set","Lantern","Tingsha"],"acts_visited":["Exordium"],"potions_floor_usage":[7,14],"damage_taken":[{"damage":2.0,"enemies":"Small Slimes","floor":1.0,"turns":5.0},{"damage":8.0,"enemies":"Cultist","floor":2.0,"turns":5.0},{"damage":3,"enemies":"Jaw Worm","floor":4,"turns":4},{"damage":22,"enemies":"Lagavulin Event","floor":7,"turns":8},{"damage":20,"enemies":"Gremlin Nob","floor":11,"turns":4},{"damage":0,"enemies":"2 Fungi Beasts","floor":13,"turns":5},{"damage":0,"enemies":"Large Slime","floor":14,"turns":6},{"damage":52,"enemies":"Slime Boss","floor":16,"turns":6}],"seed_played":"-8845803966928516888","potions_obtained":[{"floor":1.0,"key":"Explosive Potion"},{"floor":2.0,"key":"Explosive Potion"},{"floor":13,"key":"Ancient Potion"}],"is_trial":false,"path_per_floor":["M","M","?","M","$","R","?","R","T","R","E","?","M","M","R","B"],"character_chosen":"THE_SILENT","items_purchased":["Footwork","Blur","ClockworkSouvenir"],"campfire_rested":2,"item_purchase_floors":[5,5,5],"current_hp_per_floor":[42,34,34,31,31,31,9,28,28,28,8,8,8,8,27,0,0],"gold":264,"neow_bonus":"TWO_FIFTY_GOLD","is_daily":false,"chose_seed":false,"campfire_upgraded":2,"win_rate":0.0,"timestamp":1609354108,"path_taken":["M","M","?","M","$","R","?","R","T","R","E","?","M","M","R","BOSS"],"items_purchased_type":["Card","Card","Relic"],"build_version":"2020-12-22","purchased_purges":0,"victory":false,"max_hp_per_floor":[66,66,66,66,66,66,66,66,66,66,66,66,66,66,66,66,66],"relic_stats":{"counters":[8,43],"Tingsha":[9],"obtain_stats":[{"Lantern":9,"Tingsha":11,"Ancient Tea Set":7,"Ring of the Snake":0,"ClockworkSouvenir":5},{"Lantern":4,"Tingsha":5,"Ancient Tea Set":4,"Ring of the Snake":0,"ClockworkSouvenir":3},{"Lantern":22,"Tingsha":26,"Ancient Tea Set":22,"Ring of the Snake":0,"ClockworkSouvenir":14}],"Ring of the Snake":[16]},"card_choices":[{"not_picked":["Dagger Spray","PiercingWail"],"picked":"Noxious Fumes","floor":1.0},{"not_picked":["Blade Dance","Backflip"],"picked":"Bane","floor":2.0},{"not_picked":["Choke","Outmaneuver"],"picked":"Poisoned Stab","floor":4},{"not_picked":["Tactician","Bane"],"picked":"Blur","floor":11},{"not_picked":["Caltrops","Malaise"],"picked":"Well Laid Plans","floor":13},{"not_picked":["Tactician","Dagger Spray"],"picked":"Catalyst","floor":14}],"player_experience":1427373,"relics_obtained":[{"floor":7,"key":"Ancient Tea Set"},{"floor":9,"key":"Lantern"},{"floor":11,"key":"Tingsha"}],"event_choices":[{"damage_healed":0,"gold_gain":0,"player_choice":"2 cards matched","damage_taken":0,"max_hp_gain":0,"max_hp_loss":0,"event_name":"Match and Keep!","floor":3,"gold_loss":0,"cards_obtained":["Neutralize","Catalyst"]},{"damage_healed":0,"gold_gain":0,"player_choice":"Searched \u00271\u0027 times","damage_taken":0,"max_hp_gain":0,"max_hp_loss":0,"event_name":"Dead Adventurer","floor":7,"gold_loss":0},{"damage_healed":0,"gold_gain":54,"player_choice":"Gained Gold","damage_taken":0,"max_hp_gain":0,"max_hp_loss":0,"event_name":"Golden Wing","floor":12,"gold_loss":0}],"is_beta":false,"boss_relics":[],"items_purged_floors":[],"is_endless":false,"potions_floor_spawned":[1,2,13],"killed_by":"Slime Boss","ascension_level":20}}