{"host":"0ydzwspkajt4brzd","time":1609307313,"event":{"mods":["AchievementEnabler","BaseMod","Colored Map","DeckTracker","Googly Eyes","Highlight Path","Minty Spire (QoL Compilation)","Quick Restart","Random Character Button","Rare Cards Sparkle"],"gold_per_floor":[110,110,10,85,99,129,149,165,165,165,150,150,176,191,191,288,288,307,171,183,106,117,117,117],"floor_reached":23,"playtime":2375,"items_purged":["Strike_G","Strike_G"],"score":285,"play_id":"bf481f06-4f82-486a-95c2-aeda44b617af","local_time":"20201229214833","is_ascension_mode":true,"campfire_choices":[{"data":"Strike_G","floor":10.0,"key":"PURGE"},{"data":"Defend_G","floor":15.0,"key":"PURGE"}],"circlet_count":0,"master_deck":["Defend_G","Defend_G","Defend_G","Defend_G","Survivor","Neutralize","Deadly Poison","Poisoned Stab","Leg Sweep","Footwork","Flying Knee","Slice","Blade Dance","Expertise","Glass Knife","Phantasmal Killer","CurseOfTheBell","Bane","Noxious Fumes","Poisoned Stab+1","Infinite Blades","PiercingWail"],"relics":["Ring of the Snake","NeowsBlessing","Peace Pipe","Meat on the Bone","Pantograph","Calling Bell","StrikeDummy","WingedGreaves","Ancient Tea Set"],"acts_visited":["TheCity"],"potions_floor_usage":[16,22],"damage_taken":[{"damage":0.0,"enemies":"Jaw Worm","floor":1.0,"turns":1.0},{"damage":0.0,"enemies":"2 Louse","floor":5.0,"turns":1.0},{"damage":0.0,"enemies":"3 Sentries","floor":6.0,"turns":2.0},{"damage":0.0,"enemies":"Cultist","floor":7.0,"turns":5.0},{"damage":11.0,"enemies":"Gremlin Gang","floor":8.0,"turns":7.0},{"damage":1.0,"enemies":"Exordium Thugs","floor":11.0,"turns":4.0},{"damage":8.0,"enemies":"Lagavulin","floor":13.0,"turns":7.0},{"damage":0.0,"enemies":"3 Louse","floor":14.0,"turns":4.0},{"damage":30,"enemies":"Hexaghost","floor":16,"turns":8},{"damage":22,"enemies":"Spheric Guardian","floor":18,"turns":4},{"damage":10,"enemies":"3 Byrds","floor":20,"turns":5},{"damage":22,"enemies":"Centurion and Healer","floor":22,"turns":6},{"damage":32,"enemies":"Slavers","floor":23,"turns":4}],"seed_played":"226935492822635875","potions_obtained":[{"floor":6.0,"key":"ColorlessPotion"},{"floor":13.0,"key":"SpeedPotion"},{"floor":14.0,"key":"Strength Potion"}],"is_trial":false,"path_per_floor":["M","?","$","?","M","E","M","M","T","R","M","?","E","M","R","B",null,"M","$","M","$","M","E"],"character_chosen":"THE_SILENT","items_purchased":["Poisoned Stab","Noxious Fumes","Infinite Blades"],"campfire_rested":0,"item_purchase_floors":[3,19,21],"current_hp_per_floor":[70,63,63,52,52,52,52,41,41,41,40,40,44,44,44,39,62,40,40,42,42,32,0,0],"gold":117,"neow_bonus":"THREE_ENEMY_KILL","is_daily":false,"chose_seed":false,"campfire_upgraded":0,"win_rate":0.0,"timestamp":1609307313,"path_taken":["M","?","$","?","M","E","M","M","T","R","M","?","E","?","R","BOSS","M","$","?","$","M","E"],"items_purchased_type":["Card","Card","Card"],"build_version":"2020-12-22","purchased_purges":2,"victory":false,"max_hp_per_floor":[70,70,70,70,70,70,70,70,70,70,70,70,70,70,70,70,70,70,70,70,70,70,70,70],"card_choices":[{"not_picked":["Backflip","All Out Attack"],"picked":"Deadly Poison","floor":1.0},{"not_picked":["Acrobatics","Blade Dance"],"picked":"Leg Sweep","floor":5.0},{"not_picked":["Outmaneuver","Calculated Gamble"],"picked":"Footwork","floor":6.0},{"not_picked":["Heel Hook","Acrobatics"],"picked":"Flying Knee","floor":7.0},{"not_picked":["Backflip","Prepared"],"picked":"Slice","floor":8.0},{"not_picked":["Riddle With Holes","Concentrate"],"picked":"Blade Dance","floor":11.0},{"not_picked":["Calculated Gamble","Reflex"],"picked":"Expertise","floor":13.0},{"not_picked":["Sucker Punch","Dagger Spray"],"picked":"Glass Knife","floor":14.0},{"not_picked":["Adrenaline","A Thousand Cuts"],"picked":"Phantasmal Killer","floor":16},{"not_picked":["Reflex","Dagger Spray+1"],"picked":"Bane","floor":18},{"not_picked":["Bane","Outmaneuver+1"],"picked":"Poisoned Stab+1","floor":20},{"not_picked":["Deadly Poison+1","Cloak And Dagger"],"picked":"PiercingWail","floor":22}],"player_experience":393011,"relics_obtained":[{"floor":6.0,"key":"Peace Pipe"},{"floor":9.0,"key":"Meat on the Bone"},{"floor":13.0,"key":"Pantograph"},{"floor":17,"key":"StrikeDummy"},{"floor":17,"key":"WingedGreaves"},{"floor":17,"key":"Ancient Tea Set"}],"event_choices":[{"cards_removed":["Strike_G"],"damage_healed":0.0,"max_hp_gain":0.0,"max_hp_loss":0.0,"gold_gain":0.0,"event_name":"Golden Wing","player_choice":"Card Removal","floor":2.0,"gold_loss":0.0,"damage_taken":7.0},{"damage_healed":0.0,"max_hp_gain":0.0,"max_hp_loss":0.0,"gold_gain":75.0,"event_name":"World of Goop","player_choice":"Gather Gold","floor":4.0,"gold_loss":0.0,"damage_taken":11.0},{"cards_removed":["Strike_G"],"damage_healed":0.0,"max_hp_gain":0.0,"max_hp_loss":0.0,"gold_gain":0.0,"event_name":"Purifier","player_choice":"Purged","floor":12.0,"gold_loss":0.0,"damage_taken":0.0}],"is_beta":false,"boss_relics":[{"not_picked":["Pandora\u0027s Box","Ring of the Serpent"],"picked":"Calling Bell"}],"items_purged_floors":[3,19],"is_endless":false,"potions_floor_spawned":[6,13,14],"killed_by":"Slavers","ascension_level":5}}