{"host":"cxizwatl5v7zq6a5","time":1609293880,"event":{"mods":["AchievementEnabler","Act Like it!","BaseMod","Colored Map","Colored Powertips","Downfall","Friendly Minions","Gensokyo","Hermit","Hubris","Infinite Spire","Marisa????????","Minty Spire (QoL Compilation)","Quick Restart","READ ME - Guardian Mod","Rare Cards Sparkle","Remilia??????","Replay The Spire","StSLib","The Cursed","The Jungle","The Servant 0.9.4","slay the spire mod where everything is the same but ironclad has a cowboy hat"],"gold_per_floor":[112,126,126,126,101,136,136,136,136,99,99,99,119,119,119,247,247,271,271,287,69,344,344,344,344,344,344,344],"floor_reached":27,"playtime":981,"items_purged":[],"score":305,"play_id":"6355717d-bc6b-4550-bd2a-7f8cf0e4fa22","local_time":"20201230100440","is_ascension_mode":false,"campfire_choices":[{"data":"BowlingBash","floor":7.0,"key":"SMITH"},{"data":"FlyingSleeves","floor":15.0,"key":"SMITH"},{"floor":25.0,"key":"REST"}],"circlet_count":0,"master_deck":["Strike_P","Strike_P","Strike_P","Strike_P","Defend_P","Defend_P","Defend_P","Defend_P","Eruption+1","Vigilance","Swivel","Halt","ThirdEye","BowlingBash+1","Replay:AtTheReady","Replay:AtTheReady","Injury","FlyingSleeves+1","ConjureBlade","EmptyFist+1","Pride","Prostrate","Regret"],"relics":["HolyWater","NeowsBlessing","Replay:Mystery Machine","Replay:Towering Pillar of Hats","Replay:Ringing Soul","Replay:Baseball","Golden Idol","GreatHeart","Membership Card","Anchor"],"acts_visited":["Exordium","TheCity"],"potions_floor_usage":[],"damage_taken":[{"damage":0.0,"enemies":"Cultist","floor":1.0,"turns":1.0},{"damage":0.0,"enemies":"2 Louse","floor":2.0,"turns":1.0},{"damage":0.0,"enemies":"3 Sentries","floor":6.0,"turns":2.0},{"damage":5.0,"enemies":"Small Slimes","floor":13.0,"turns":4.0},{"damage":0.0,"enemies":"Fading Forest","floor":16.0,"turns":11.0},{"damage":6.0,"enemies":"3 Byrds","floor":18.0,"turns":5.0},{"damage":54.0,"enemies":"Chosen","floor":20.0,"turns":10.0},{"damage":0,"enemies":"Snecko","floor":27,"turns":1}],"seed_played":"-108664544689925534","potions_obtained":[{"floor":2.0,"key":"AttackPotion"},{"floor":6.0,"key":"Adrenaline Potion"},{"floor":16.0,"key":"StancePotion"}],"is_trial":false,"path_per_floor":["M","M","?","?","$","E","R","$","T","$","?","?","M","?","R","B",null,"M","?","M","$","?","PTL","PTL","R","AVR","M"],"character_chosen":"WATCHER","items_purchased":["ThirdEye","Replay:AtTheReady","Membership Card","Anchor"],"campfire_rested":1,"item_purchase_floors":[5,10,21,21],"current_hp_per_floor":[72,72,72,72,72,72,72,72,72,75,78,81,79,72,72,75,87,84,87,36,36,39,39,39,68,68,68,68],"gold":344,"neow_bonus":"THREE_ENEMY_KILL","is_daily":false,"chose_seed":false,"campfire_upgraded":2,"win_rate":0.0,"timestamp":1609293880,"path_taken":["M","M","?","?","$","E","R","$","T","$","?","?","?","?","R","BOSS","M","?","M","$","?","PTL","PTL","R","AVR","?"],"items_purchased_type":["Card","Card","Relic","Relic"],"build_version":"2020-12-22","purchased_purges":0,"victory":false,"max_hp_per_floor":[72,72,72,72,72,72,72,72,72,75,78,81,84,84,84,87,87,90,93,96,96,99,99,99,99,99,99,99],"card_choices":[{"not_picked":["Prostrate","Meditate"],"picked":"Swivel","floor":1.0},{"not_picked":["Prostrate","FlurryOfBlows"],"picked":"Halt","floor":2.0},{"not_picked":["Prostrate","Vengeance"],"picked":"BowlingBash","floor":6.0},{"not_picked":["Perseverance","Pray"],"picked":"FlyingSleeves","floor":13.0},{"not_picked":["Establishment","Replay:AllIn"],"picked":"ConjureBlade","floor":16.0},{"not_picked":["Collect","Swivel"],"picked":"EmptyFist+1","floor":18.0},{"not_picked":["LikeWater","Evaluate"],"picked":"Prostrate","floor":20.0}],"player_experience":115871,"relics_obtained":[{"floor":4.0,"key":"Replay:Mystery Machine"},{"floor":6.0,"key":"Replay:Towering Pillar of Hats"},{"floor":9.0,"key":"Replay:Ringing Soul"}],"event_choices":[{"damage_healed":0.0,"max_hp_gain":0.0,"max_hp_loss":0.0,"gold_gain":0.0,"event_name":"Living Wall","player_choice":"Grow","floor":3.0,"gold_loss":0.0,"damage_taken":0.0,"cards_upgraded":["Eruption"]},{"damage_healed":0.0,"max_hp_gain":0.0,"max_hp_loss":0.0,"gold_gain":0.0,"event_name":"Big Fish","player_choice":"Box","floor":11.0,"gold_loss":0.0,"damage_taken":0.0,"relics_obtained":["Replay:Baseball"],"cards_obtained":["Regret"]},{"damage_healed":0.0,"max_hp_gain":0.0,"max_hp_loss":0.0,"gold_gain":0.0,"event_name":"Golden Idol","player_choice":"Take Wound","floor":12.0,"gold_loss":0.0,"damage_taken":0.0,"relics_obtained":["Golden Idol"],"cards_obtained":["Injury"]},{"cards_removed":["Regret"],"damage_healed":0.0,"max_hp_gain":0.0,"max_hp_loss":0.0,"gold_gain":0.0,"event_name":"Golden Wing","player_choice":"Card Removal","floor":14.0,"gold_loss":0.0,"damage_taken":7.0},{"damage_healed":0.0,"max_hp_gain":0.0,"max_hp_loss":0.0,"gold_gain":275.0,"event_name":"Golden Shrine","player_choice":"Desecrate","floor":22.0,"gold_loss":0.0,"damage_taken":0.0,"cards_obtained":["Regret"]}],"is_beta":false,"boss_relics":[{"not_picked":["Tiny House","Velvet Choker"],"picked":"HolyWater"}],"items_purged_floors":[],"is_endless":false,"potions_floor_spawned":[2,6,16],"killed_by":"Snecko","ascension_level":0}}