{"host":"mnv5ukcvq49ry6ak","time":1609310382,"event":{"mods":["ATMod(°¢èªMod)","Act Like it!","BaseMod","Better Vampires","Minty Spire (QoL Compilation)","MostiFishMod","Relic Stats","StSLib"],"gold_per_floor":[111,125,50,50,67,83,83,111,111,145,159,188,188,202,202,276,276,293,473,493,234,251,278,291,304,304,331,331,361,361,377,377,449,449,464,482,529,6,24,55,68,97,122,155,0,0,0,29,29,29,29,29,29,29,59,59],"floor_reached":57,"playtime":3349,"items_purged":[],"score":3904,"play_id":"b684ed47-d97a-4f29-85ef-aa7d737c1ada","local_time":"20201230143942","is_ascension_mode":true,"campfire_choices":[{"data":"MostiFishMod:FlyOverUtopia","floor":13,"key":"SMITH"},{"data":"AT_OneInchPunch","floor":15,"key":"SMITH"},{"data":"Searing Blow","floor":30,"key":"SMITH"},{"floor":32,"key":"RECALL"},{"floor":49,"key":"REST"},{"data":"AT_FamilyPortrait","floor":53,"key":"SMITH"}],"circlet_count":0,"master_deck":["AscendersBane","Bash","Havoc","Sever Soul","AT_GerminateFire+1","MostiFishMod:OrdinaryWorld","MostiFishMod:FlyOverUtopia+1","Double Tap","Dark Embrace","AT_OneInchPunch+1","Pummel","Pommel Strike+1","MostiFishMod:WingOfPhoenix+1","AT_DiedThrough","MostiFishMod:FireWorks","MostiFishMod:#F4004","Berserk","AT_Dispersion","Feel No Pain","Power Through","Evolve","AT_FamilyPortrait+1","Sentinel","Searing Blow+1","Seeing Red","MostiFishMod:OrdinaryWorld","AT_BodySlamDance+1","Burning Pact","Seeing Red","MostiFishMod:JungleRules+1","Second Wind","Entrench+1","MostiFishMod:OneDayCity","AT_LightSaberMaster","Discovery"],"relics":["Burning Blood","AT_ATBox","DaveBox","ArrowTower","Pandora\u0027s Box","SynthV:TestCard","Darkstone Periapt","Centennial Puzzle","Gremlin Horn","Nunchaku","SynthV:C4","GuanYuAspect","Letter Opener","ImprovedEquipment","Ancient Tea Set","ChiXiaoBlade","Dead Branch","AT_Manta","Gambling Chip","Mercury Hourglass","War Paint","Molten Egg 2","Red Mask","Calipers","Bag of Marbles"],"acts_visited":["Exordium","TheCity","TheBeyond","TheEnding"],"potions_floor_usage":[11],"damage_taken":[{"damage":4,"enemies":"Jaw Worm","floor":1,"turns":1},{"damage":8,"enemies":"Small Slimes","floor":2,"turns":3},{"damage":10,"enemies":"2 Louse","floor":5,"turns":2},{"damage":13,"enemies":"Blue Slaver","floor":6,"turns":2},{"damage":4,"enemies":"Gremlin Nob","floor":8,"turns":2},{"damage":4,"enemies":"Lagavulin","floor":10,"turns":2},{"damage":4,"enemies":"Exordium Thugs","floor":11,"turns":1},{"damage":0,"enemies":"Gremlin Nob","floor":12,"turns":2},{"damage":4,"enemies":"Red Slaver","floor":14,"turns":1},{"damage":12,"enemies":"Hexaghost","floor":16,"turns":2},{"damage":8,"enemies":"Spheric Guardian","floor":18,"turns":2},{"damage":4,"enemies":"3 Byrds","floor":20,"turns":1},{"damage":4,"enemies":"Snecko","floor":22,"turns":3},{"damage":13,"enemies":"Slavers","floor":23,"turns":2},{"damage":4,"enemies":"Chosen and Byrds","floor":24,"turns":1},{"damage":7,"enemies":"Shelled Parasite and Fungi","floor":25,"turns":2},{"damage":8,"enemies":"Book of Stabbing","floor":27,"turns":1},{"damage":4,"enemies":"Slavers","floor":29,"turns":1},{"damage":8,"enemies":"Cultist and Chosen","floor":31,"turns":2},{"damage":8,"enemies":"Collector","floor":33,"turns":2},{"damage":4,"enemies":"3 Darklings","floor":35,"turns":1},{"damage":8,"enemies":"3 Shapes","floor":36,"turns":2},{"damage":8,"enemies":"2 Orb Walkers","floor":37,"turns":1},{"damage":20,"enemies":"Transient","floor":39,"turns":3},{"damage":4,"enemies":"Reptomancer","floor":40,"turns":1},{"damage":4,"enemies":"3 Darklings","floor":41,"turns":1},{"damage":4,"enemies":"Giant Head","floor":42,"turns":1},{"damage":4,"enemies":"Nemesis","floor":44,"turns":1},{"damage":4,"enemies":"Giant Head","floor":48,"turns":2},{"damage":10,"enemies":"Awakened One","floor":50,"turns":3},{"damage":8,"enemies":"Time Eater","floor":51,"turns":3},{"damage":4,"enemies":"Shield and Spear","floor":55,"turns":2},{"damage":22,"enemies":"The Heart","floor":56,"turns":4}],"seed_played":"5950000393423586317","potions_obtained":[{"floor":1,"key":"Fire Potion"},{"floor":8,"key":"Dexterity Potion"},{"floor":12,"key":"Regen Potion"},{"floor":14,"key":"EntropicBrew"},{"floor":23,"key":"Block Potion"},{"floor":39,"key":"Energy Potion"}],"is_trial":false,"path_per_floor":["M","M","?","?","M","M","?","E","T","E","M","E","R","M","R","B",null,"M","?","M","$","M","E","M","M","T","E","?","E","R","M","R","B",null,"M","M","?","$","M","E","M","E","T","E","?","?","?","E","R","B","B",null,"R","$","E","B",null],"character_chosen":"IRONCLAD","items_purchased":["Evolve","AT_FamilyPortrait","AT_Manta","MostiFishMod:JungleRules"],"campfire_rested":1,"item_purchase_floors":[21,21,38,38],"current_hp_per_floor":[68,66,66,61,57,50,30,32,32,34,36,42,42,44,44,38,34,32,13,21,21,28,29,31,33,33,34,34,34,34,34,34,34,34,34,34,34,34,34,34,34,34,34,34,34,24,24,34,34,34,34,34,34,34,34,34],"gold":59,"neow_bonus":"ONE_RARE_RELIC","is_daily":false,"chose_seed":false,"campfire_upgraded":4,"win_rate":0.0,"timestamp":1609310382,"path_taken":["M","M","?","?","M","M","?","E","T","E","M","E","R","M","R","BOSS","M","?","M","?","?","E","?","M","T","E","?","E","R","M","R","BOSS","M","M","?","$","M","E","M","E","T","E","?","?","?","E","R","BOSS","BOSS","R","$","E","BOSS"],"items_purchased_type":["Card","Card","Relic","Card"],"build_version":"2020-12-22","purchased_purges":0,"victory":true,"max_hp_per_floor":[68,68,68,68,68,68,68,68,68,68,68,68,68,68,68,68,34,34,34,34,34,34,34,34,34,34,34,34,34,34,34,34,34,34,34,34,34,34,34,34,34,34,34,34,34,34,34,34,34,34,34,34,34,34,34,34],"relic_stats":{"Darkstone Periapt":0,"Gremlin Horn":[17,19],"counters":[33,58],"Dead Branch":[151],"Letter Opener":[470],"War Paint":["AT_GerminateFire","MostiFishMod:JungleRules"],"Burning Blood":79,"Mercury Hourglass":[57],"Centennial Puzzle":[81],"Nunchaku":[16],"Gambling Chip":[12],"Pandora\u0027s Box":["Havoc","Sever Soul","AT_GerminateFire","MostiFishMod:OrdinaryWorld","MostiFishMod:FlyOverUtopia","Double Tap","Body Slam","Dark Embrace","AT_IchimonjiDouble"],"obtain_stats":[{"Darkstone Periapt":4,"AT_ATBox":0,"Calipers":48,"DaveBox":0,"Gremlin Horn":9,"Ancient Tea Set":29,"Burning Blood":0,"SynthV:C4":12,"Centennial Puzzle":8,"Nunchaku":10,"GuanYuAspect":17,"Gambling Chip":40,"Red Mask":45,"AT_Manta":38,"ImprovedEquipment":27,"Dead Branch":37,"Letter Opener":23,"War Paint":43,"Mercury Hourglass":42,"SynthV:TestCard":1,"ChiXiaoBlade":34,"Pandora\u0027s Box":0,"Molten Egg 2":44,"Bag of Marbles":55,"ArrowTower":0},{"Darkstone Periapt":2,"AT_ATBox":0,"Calipers":29,"DaveBox":0,"Gremlin Horn":5,"Ancient Tea Set":18,"Burning Blood":0,"SynthV:C4":8,"Centennial Puzzle":5,"Nunchaku":6,"GuanYuAspect":10,"Gambling Chip":25,"Red Mask":28,"AT_Manta":23,"ImprovedEquipment":17,"Dead Branch":23,"Letter Opener":14,"War Paint":27,"Mercury Hourglass":27,"SynthV:TestCard":1,"ChiXiaoBlade":20,"Pandora\u0027s Box":0,"Molten Egg 2":28,"Bag of Marbles":32,"ArrowTower":0},{"Darkstone Periapt":3,"AT_ATBox":0,"Calipers":46,"DaveBox":0,"Gremlin Horn":9,"Ancient Tea Set":30,"Burning Blood":0,"SynthV:C4":14,"Centennial Puzzle":9,"Nunchaku":11,"GuanYuAspect":17,"Gambling Chip":41,"Red Mask":44,"AT_Manta":37,"ImprovedEquipment":29,"Dead Branch":37,"Letter Opener":25,"War Paint":43,"Mercury Hourglass":43,"SynthV:TestCard":1,"ChiXiaoBlade":33,"Pandora\u0027s Box":0,"Molten Egg 2":44,"Bag of Marbles":54,"ArrowTower":0}]},"card_choices":[{"not_picked":["Flame Barrier","Warcry"],"picked":"Pummel","floor":1},{"not_picked":["Iron Wave","Combust","Body Slam","Flex","Inflame"],"picked":"SKIP","floor":2},{"not_picked":["Clash","Iron Wave","Shrug It Off","Dual Wield"],"picked":"Pommel Strike","floor":5},{"not_picked":["Flex","Clothesline","AT_DrawKnifeCut","Uppercut"],"picked":"MostiFishMod:WingOfPhoenix","floor":6},{"not_picked":["Flex","Hemokinesis","Twin Strike","Headbutt"],"picked":"AT_DiedThrough","floor":8},{"not_picked":["Cleave","Power Through","Burning Pact","Sentinel"],"picked":"MostiFishMod:FireWorks","floor":10},{"not_picked":["Intimidate","Clash","Burning Pact","Disarm"],"picked":"MostiFishMod:#F4004","floor":11},{"not_picked":["Dropkick","Burning Pact","Battle Trance","Sentinel"],"picked":"Berserk","floor":12},{"not_picked":["Sword Boomerang","Pommel Strike","AT_DiedThrough","Dropkick","Headbutt"],"picked":"SKIP","floor":14},{"not_picked":["Limit Break","Fiend Fire","Exhume","Barricade"],"picked":"AT_Dispersion","floor":16},{"not_picked":["Reckless Charge","Entrench","Battle Trance","Anger"],"picked":"Feel No Pain","floor":18},{"not_picked":["AT_BodySlamDance","Thunderclap","Heavy Blade","Clothesline"],"picked":"Power Through","floor":20},{"not_picked":["Shrug It Off","Sword Boomerang","AT_IchimonjiDouble","Blood for Blood"],"picked":"Sentinel","floor":22},{"not_picked":["Pommel Strike","Dropkick","Dual Wield","Rampage+1","Dark Embrace"],"picked":"SKIP","floor":23},{"not_picked":["Wild Strike","Sentinel","MostiFishMod:404NotFound","Warcry","AT_DiedThrough"],"picked":"SKIP","floor":24},{"not_picked":["AT_GerminateFire","Pommel Strike","Dropkick+1","Body Slam","Heavy Blade"],"picked":"SKIP","floor":25},{"not_picked":["Hemokinesis","MostiFishMod:FlyOverUtopia","Dropkick","Rupture"],"picked":"Searing Blow","floor":27},{"not_picked":["Body Slam","Anger","Warcry","Headbutt+1","Shrug It Off"],"picked":"SKIP","floor":29},{"not_picked":["Anger+1","Rage","Heavy Blade","Cleave+1"],"picked":"Seeing Red","floor":31},{"not_picked":["MostiFishMod:RainCloud","Reaper","Feed","MostiFishMod:Mania"],"picked":"MostiFishMod:OrdinaryWorld","floor":33},{"not_picked":["Evolve","MostiFishMod:BrandingRite","Body Slam","AT_ShrugMaster"],"picked":"AT_BodySlamDance+1","floor":35},{"not_picked":["Metallicize+1","Cleave+1","Shrug It Off","Iron Wave"],"picked":"Burning Pact","floor":36},{"not_picked":["AT_DiedThrough","Second Wind","Dropkick","Thunderclap"],"picked":"Seeing Red","floor":37},{"not_picked":["True Grit","AT_IchimonjiDouble","Shrug It Off","Inflame"],"picked":"Second Wind","floor":39},{"not_picked":["Perfected Strike","MostiFishMod:#F4004+1","Armaments+1","Impervious","Power Through"],"picked":"SKIP","floor":40},{"not_picked":["Disarm","Intimidate","AT_IchimonjiDouble","Armaments"],"picked":"Entrench+1","floor":41},{"not_picked":["Heavy Blade","Metallicize","AT_IchimonjiDouble+1","Flex","Flame Barrier"],"picked":"SKIP","floor":42},{"not_picked":["Iron Wave+1","Flame Barrier+1","Dark Embrace","Hemokinesis+1","Clash+1"],"picked":"SKIP","floor":44},{"not_picked":["AT_Homeward","AT_PowerWithin","Impatience","Bandage Up"],"picked":"MostiFishMod:OneDayCity","floor":46},{"not_picked":["Sadistic Nature","Impatience","AT_FalsePromise","Dark Shackles"],"picked":"AT_LightSaberMaster","floor":46},{"not_picked":["Impatience","AT_Homeward","Dramatic Entrance+1","Jack Of All Trades"],"picked":"Discovery","floor":46},{"not_picked":["Anger+1","Sword Boomerang+1","Clash+1","Perfected Strike+1","Thunderclap+1"],"picked":"SKIP","floor":48},{"not_picked":["True Grit","Sword Boomerang+1","Metallicize","MostiFishMod:BrandingRite","Twin Strike+1"],"picked":"SKIP","floor":55}],"player_experience":444973,"relics_obtained":[{"floor":1,"key":"SynthV:TestCard"},{"floor":8,"key":"Centennial Puzzle"},{"floor":9,"key":"Gremlin Horn"},{"floor":10,"key":"Nunchaku"},{"floor":12,"key":"SynthV:C4"},{"floor":23,"key":"Letter Opener"},{"floor":27,"key":"ImprovedEquipment"},{"floor":29,"key":"Ancient Tea Set"},{"floor":37,"key":"Dead Branch"},{"floor":40,"key":"Gambling Chip"},{"floor":42,"key":"Mercury Hourglass"},{"floor":43,"key":"War Paint"},{"floor":44,"key":"Molten Egg 2"},{"floor":48,"key":"Calipers"},{"floor":55,"key":"Bag of Marbles"}],"event_choices":[{"cards_removed":["Body Slam"],"damage_healed":0,"gold_gain":0,"player_choice":"Card Removal","damage_taken":0,"max_hp_gain":0,"max_hp_loss":0,"event_name":"The Cleric","floor":3,"gold_loss":75},{"damage_healed":0,"gold_gain":0,"player_choice":"Success","damage_taken":5,"relics_obtained":["Darkstone Periapt"],"max_hp_gain":0,"max_hp_loss":0,"event_name":"Scrap Ooze","floor":4,"gold_loss":0},{"damage_healed":0,"gold_gain":0,"player_choice":"Entered Light","damage_taken":20,"max_hp_gain":0,"max_hp_loss":0,"event_name":"Shining Light","floor":7,"gold_loss":0,"cards_upgraded":["MostiFishMod:WingOfPhoenix","Pommel Strike"]},{"damage_healed":0,"gold_gain":180,"player_choice":"GOLD GOLD ","damage_taken":19,"max_hp_gain":0,"max_hp_loss":0,"event_name":"Knowing Skull","floor":19,"potions_obtained":[],"gold_loss":0,"cards_obtained":[]},{"damage_healed":0,"gold_gain":0,"player_choice":"Became a vampire","damage_taken":0,"max_hp_gain":0,"max_hp_loss":0,"event_name":"Vampires","floor":28,"gold_loss":0,"cards_obtained":[]},{"damage_healed":0,"gold_gain":0,"player_choice":"Fight","damage_taken":0,"max_hp_gain":0,"max_hp_loss":0,"event_name":"Mysterious Sphere","floor":37,"gold_loss":0},{"damage_healed":0,"gold_gain":0,"player_choice":"Paid","damage_taken":0,"relics_obtained":["Red Mask"],"max_hp_gain":0,"max_hp_loss":0,"event_name":"Tomb of Lord Red Mask","floor":45,"gold_loss":155},{"damage_healed":0,"gold_gain":0,"player_choice":"Memory 3","damage_taken":10,"max_hp_gain":0,"max_hp_loss":0,"event_name":"SensoryStone","floor":46,"gold_loss":0},{"cards_removed":["AT_IchimonjiDouble"],"damage_healed":0,"gold_gain":0,"player_choice":"Removed Attack","damage_taken":0,"max_hp_gain":0,"max_hp_loss":0,"event_name":"Falling","floor":47,"gold_loss":0}],"is_beta":false,"boss_relics":[{"not_picked":["Tiny House","NightmareShop"],"picked":"GuanYuAspect"},{"not_picked":["GreenFoldingFan","ExusiaiGun"],"picked":"ChiXiaoBlade"}],"items_purged_floors":[],"is_endless":false,"potions_floor_spawned":[1,8,12,14,22,23,29,31,35,36,37,39,41],"ascension_level":20}}