{"host":"82vjcvwyw2j7afb1","time":1609345714,"event":{"mods":["BaseMod","Colored Map","DeckTracker","Keyboard Shortcuts","Minty Spire (QoL Compilation)","Permanent Neow","Quick Restart","StSLib","SuperFastMode","everything is the same but u backflip on backflip"],"gold_per_floor":[111,128,140,140,19,19,33,63,63,79,79,79,108,126,126,223,223,239,239,253,265,265,265,265,265,265,265,265,279,296,323,323,420,420,437,483,533,533,549,160,193,193,193,193,211,211,14,34,34,34],"floor_reached":51,"playtime":2689,"items_purged":["Defend_G","Defend_G"],"score":859,"play_id":"47601d56-c4cb-497a-a347-21cc052a6e4b","local_time":"20201231012834","is_ascension_mode":true,"campfire_choices":[{"data":"Neutralize","floor":6.0,"key":"SMITH"},{"data":"Acrobatics","floor":11.0,"key":"SMITH"},{"data":"Poisoned Stab","floor":15.0,"key":"SMITH"},{"data":"Adrenaline","floor":23.0,"key":"SMITH"},{"data":"Catalyst","floor":25.0,"key":"SMITH"},{"data":"Corpse Explosion","floor":27.0,"key":"SMITH"},{"data":"Backstab","floor":32.0,"key":"SMITH"},{"floor":42,"key":"DIG"},{"floor":44,"key":"DIG"},{"data":"Catalyst","floor":49,"key":"SMITH"}],"circlet_count":0,"master_deck":["Strike_G","Strike_G","Strike_G","Strike_G","Strike_G","Defend_G","Defend_G","Survivor","Neutralize+1","Backflip","Dagger Throw","Backflip","Acrobatics+1","Escape Plan","Masterful Stab","Corpse Explosion+1","Flying Knee+1","Adrenaline+1","Backstab+1","Catalyst+1","PiercingWail+1","Underhanded Strike","Burst","Distraction+1","Forethought","Bane","Catalyst+1","Poisoned Stab","Escape Plan"],"relics":["Ring of the Snake","Oddly Smooth Stone","Gremlin Horn","FossilizedHelix","Mercury Hourglass","Sozu","MutagenicStrength","Pantograph","White Beast Statue","Tough Bandages","Coffee Dripper","Shovel","The Specimen","Paper Crane","Anchor","Snake Skull","Bag of Preparation","Frozen Egg 2","Potion Belt"],"acts_visited":["Exordium","TheCity","TheBeyond"],"potions_floor_usage":[],"damage_taken":[{"damage":0.0,"enemies":"Cultist","floor":1.0,"turns":4.0},{"damage":0.0,"enemies":"Small Slimes","floor":2.0,"turns":4.0},{"damage":4.0,"enemies":"2 Louse","floor":3.0,"turns":2.0},{"damage":2.0,"enemies":"Large Slime","floor":7.0,"turns":8.0},{"damage":0.0,"enemies":"Red Slaver","floor":10.0,"turns":4.0},{"damage":12.0,"enemies":"Gremlin Nob","floor":13.0,"turns":6.0},{"damage":0.0,"enemies":"Blue Slaver","floor":14.0,"turns":3.0},{"damage":0.0,"enemies":"The Guardian","floor":16.0,"turns":14.0},{"damage":0.0,"enemies":"Shell Parasite","floor":18.0,"turns":5.0},{"damage":0.0,"enemies":"Spheric Guardian","floor":20.0,"turns":3.0},{"damage":0.0,"enemies":"Centurion and Healer","floor":21.0,"turns":2.0},{"damage":0.0,"enemies":"Sentry and Sphere","floor":29.0,"turns":3.0},{"damage":0.0,"enemies":"3 Cultists","floor":30.0,"turns":2.0},{"damage":0.0,"enemies":"Book of Stabbing","floor":31.0,"turns":4.0},{"damage":55.0,"enemies":"Collector","floor":33.0,"turns":6.0},{"damage":0.0,"enemies":"3 Darklings","floor":35.0,"turns":2.0},{"damage":13,"enemies":"2 Orb Walkers","floor":36,"turns":3},{"damage":0,"enemies":"Mind Bloom Boss Battle","floor":37,"turns":2},{"damage":0,"enemies":"Orb Walker","floor":39,"turns":2},{"damage":0,"enemies":"Giant Head","floor":41,"turns":5},{"damage":0,"enemies":"Jaw Worm Horde","floor":45,"turns":2},{"damage":0,"enemies":"Spire Growth","floor":48,"turns":2},{"damage":66,"enemies":"Time Eater","floor":50,"turns":6}],"seed_played":"-1356739957432223705","potions_obtained":[{"floor":1.0,"key":"Regen Potion"},{"floor":7.0,"key":"LiquidMemories"},{"floor":12.0,"key":"GhostInAJar"},{"floor":12.0,"key":"GamblersBrew"},{"floor":14.0,"key":"AttackPotion"}],"is_trial":false,"path_per_floor":["M","M","M","T","$","R","M","?","T","M","R","?","E","M","R","B",null,"M","?","M","M","?","R","?","R","T","R","?","M","M","E","R","B",null,"M","?","?","T","M","$","E","R","T","R","M","?","$","M","R","B",null],"character_chosen":"THE_SILENT","items_purchased":["Acrobatics","Anchor","Forethought","Bane","Catalyst","Poisoned Stab","Escape Plan"],"campfire_rested":0,"item_purchase_floors":[5,40,40,40,47,47,47],"current_hp_per_floor":[70,70,66,66,66,66,64,64,64,64,64,64,52,52,52,67,70,70,70,70,70,70,70,70,70,70,70,70,70,70,70,70,15,70,70,57,70,70,70,70,70,70,70,70,70,70,70,70,70,4],"gold":34,"neow_bonus":"RANDOM_COMMON_RELIC","is_daily":false,"chose_seed":false,"campfire_upgraded":8,"win_rate":0.0,"timestamp":1609345714,"path_taken":["M","M","M","?","$","R","M","?","T","M","R","?","E","?","R","BOSS","M","?","M","?","?","R","?","R","T","R","?","M","M","E","R","BOSS","M","?","?","?","M","$","E","R","T","R","M","?","$","M","R","BOSS"],"items_purchased_type":["Card","Relic","Card","Card","Card","Card","Card"],"build_version":"2020-12-22","purchased_purges":2,"victory":true,"max_hp_per_floor":[70,70,70,70,70,70,70,70,70,70,70,70,70,70,70,70,70,70,70,70,70,70,70,70,70,70,70,70,70,70,70,70,70,70,70,70,70,70,70,70,70,70,70,70,70,70,70,70,70,70],"card_choices":[{"not_picked":["Heel Hook","Quick Slash"],"picked":"Backflip","floor":1.0},{"not_picked":["Finisher","Dagger Spray"],"picked":"Dagger Throw","floor":2.0},{"not_picked":["Caltrops","Calculated Gamble"],"picked":"Backflip","floor":3.0},{"not_picked":["Choke","Underhanded Strike","Slice"],"picked":"SKIP","floor":7.0},{"not_picked":["All Out Attack","Sucker Punch"],"picked":"Poisoned Stab","floor":10.0},{"not_picked":["Prepared","Distraction"],"picked":"Escape Plan","floor":13.0},{"not_picked":["Blade Dance","Caltrops"],"picked":"Masterful Stab","floor":14.0},{"not_picked":["A Thousand Cuts","Unload"],"picked":"Corpse Explosion","floor":16.0},{"not_picked":["Dash","Expertise"],"picked":"Flying Knee+1","floor":18.0},{"not_picked":["Sucker Punch+1","Prepared+1"],"picked":"Backstab","floor":20.0},{"not_picked":["Slice","Heel Hook+1"],"picked":"Catalyst","floor":21.0},{"not_picked":["Dagger Spray","Slice+1"],"picked":"PiercingWail+1","floor":29.0},{"not_picked":["PiercingWail","Outmaneuver","Prepared"],"picked":"SKIP","floor":30.0},{"not_picked":["Die Die Die","Blade Dance"],"picked":"Underhanded Strike","floor":31.0},{"not_picked":["Corpse Explosion","Night Terror"],"picked":"Burst","floor":33.0},{"not_picked":["Choke+1","Flying Knee+1","Leg Sweep+1"],"picked":"SKIP","floor":35.0},{"not_picked":["Dodge and Roll+1","Riddle With Holes+1"],"picked":"Distraction+1","floor":37},{"not_picked":["Infinite Blades","Masterful Stab+1","Riddle With Holes+1"],"picked":"SKIP","floor":39},{"not_picked":["Expertise","Footwork","Slice"],"picked":"SKIP","floor":41},{"not_picked":["Prepared","Poisoned Stab+1","Dagger Spray"],"picked":"SKIP","floor":45},{"not_picked":["Dagger Throw","Deadly Poison+1","Predator"],"picked":"SKIP","floor":48}],"player_experience":21956,"relics_obtained":[{"floor":4.0,"key":"Gremlin Horn"},{"floor":9.0,"key":"FossilizedHelix"},{"floor":13.0,"key":"Mercury Hourglass"},{"floor":26.0,"key":"Pantograph"},{"floor":31.0,"key":"Tough Bandages"},{"floor":36,"key":"Shovel"},{"floor":37,"key":"The Specimen"},{"floor":38,"key":"Paper Crane"},{"floor":41,"key":"Snake Skull"},{"floor":42,"key":"Bag of Preparation"},{"floor":43,"key":"Frozen Egg 2"},{"floor":44,"key":"Potion Belt"}],"event_choices":[{"damage_healed":0.0,"max_hp_gain":0.0,"max_hp_loss":0.0,"gold_gain":30.0,"event_name":"Dead Adventurer","player_choice":"Searched \u00271\u0027 times","floor":8.0,"gold_loss":0.0,"damage_taken":0.0},{"damage_healed":0.0,"max_hp_gain":0.0,"max_hp_loss":0.0,"gold_gain":0.0,"event_name":"Lab","player_choice":"Got Potions","floor":12.0,"gold_loss":0.0,"damage_taken":0.0},{"damage_healed":0.0,"max_hp_gain":0.0,"max_hp_loss":0.0,"gold_gain":0.0,"cards_transformed":["Defend_G"],"event_name":"Transmorgrifier","player_choice":"Transformed","floor":19.0,"gold_loss":0.0,"damage_taken":0.0,"cards_obtained":["Adrenaline"]},{"damage_healed":0.0,"max_hp_gain":0.0,"max_hp_loss":0.0,"gold_gain":0.0,"event_name":"Ghosts","player_choice":"Ignored","floor":22.0,"gold_loss":0.0,"damage_taken":0.0},{"damage_healed":0.0,"max_hp_gain":0.0,"max_hp_loss":0.0,"gold_gain":0.0,"event_name":"Drug Dealer","player_choice":"Inject Mutagens","floor":24.0,"gold_loss":0.0,"damage_taken":0.0,"relics_obtained":["MutagenicStrength"]},{"damage_healed":0.0,"max_hp_gain":0.0,"max_hp_loss":0.0,"gold_gain":0.0,"event_name":"WeMeetAgain","player_choice":"Gave Potion","floor":28.0,"gold_loss":0.0,"damage_taken":0.0,"relics_obtained":["White Beast Statue"]},{"damage_healed":0,"gold_gain":0,"player_choice":"Fight","damage_taken":0,"max_hp_gain":0,"max_hp_loss":0,"event_name":"Mysterious Sphere","floor":36,"gold_loss":0},{"damage_healed":0,"gold_gain":0,"player_choice":"Fight","damage_taken":0,"max_hp_gain":0,"max_hp_loss":0,"event_name":"MindBloom","floor":37,"gold_loss":0},{"cards_removed":["Poisoned Stab"],"damage_healed":0,"gold_gain":0,"player_choice":"Removed Attack","damage_taken":0,"max_hp_gain":0,"max_hp_loss":0,"event_name":"Falling","floor":46,"gold_loss":0}],"is_beta":false,"boss_relics":[{"not_picked":["Empty Cage","SacredBark"],"picked":"Sozu"},{"not_picked":["Runic Dome","Tiny House"],"picked":"Coffee Dripper"}],"items_purged_floors":[5,40],"is_endless":false,"potions_floor_spawned":[1,7,14,20,21,29,30,31,33,35,36,37,39,41,45,48],"ascension_level":1}}