{"host":"nz3b9aqbmxhcwgr9","time":1609352671,"event":{"mods":["BaseMod","Minty Spire (QoL Compilation)","Quick Restart","Relic Stats","StSLib","Waifu the Spire"],"gold_per_floor":[112,287,301,301,301,301,333,333,333,333,360,378,108,124,124,223,223,234,234,5,25,40,40,50,50,50,98,112,24,24,24],"floor_reached":30,"playtime":722,"items_purged":["Decay","Doubt","Strike_B"],"score":263,"play_id":"619f6374-42b2-4dfa-90e7-a1529648e5bf","local_time":"20201230122431","is_ascension_mode":false,"campfire_choices":[{"data":"Defragment","floor":6,"key":"SMITH"},{"data":"Ball Lightning","floor":8,"key":"SMITH"},{"data":"Loop","floor":10,"key":"SMITH"},{"floor":15,"key":"REST"},{"floor":23,"key":"REST"},{"floor":25,"key":"REST"}],"circlet_count":0,"master_deck":["Strike_B","Strike_B","Strike_B","Defend_B","Defend_B","Defend_B","Defend_B","Zap","Dualcast","Capacitor","Defragment+1","Ball Lightning+1","Loop+1","Static Discharge","Conserve Battery","Genetic Algorithm","Go for the Eyes","Biased Cognition","Melter","Reinforced Body","Sweeping Beam","White Noise+1","Consume","Reinforced Body+1","Tempest"],"relics":["Cracked Core","NeowsBlessing","Ornamental Fan","Smiling Mask","Cables","Ice Cream","Chemical X","Runic Pyramid","Membership Card","Omamori","Bag of Preparation"],"acts_visited":["Exordium","TheCity"],"potions_floor_usage":[],"damage_taken":[{"damage":0,"enemies":"2 Louse","floor":1,"turns":1},{"damage":0,"enemies":"Jaw Worm","floor":3,"turns":1},{"damage":0,"enemies":"Gremlin Nob","floor":7,"turns":1},{"damage":34,"enemies":"3 Sentries","floor":11,"turns":5},{"damage":0,"enemies":"Cultist","floor":12,"turns":2},{"damage":16,"enemies":"3 Louse","floor":14,"turns":3},{"damage":31,"enemies":"The Guardian","floor":16,"turns":8},{"damage":28,"enemies":"2 Thieves","floor":18,"turns":3},{"damage":25,"enemies":"Shell Parasite","floor":21,"turns":5},{"damage":3,"enemies":"Snecko","floor":22,"turns":4},{"damage":35,"enemies":"3 Cultists","floor":24,"turns":4},{"damage":20,"enemies":"Shelled Parasite and Fungi","floor":28,"turns":4},{"damage":12,"enemies":"Centurion and Healer","floor":30,"turns":2}],"seed_played":"5788213022462778808","potions_obtained":[{"floor":7,"key":"CultistPotion"},{"floor":12,"key":"PotionOfCapacity"},{"floor":22,"key":"DistilledChaos"}],"is_trial":false,"path_per_floor":["M","?","M","T","?","R","E","R","T","R","E","M","$","M","R","B",null,"M","?","$","M","M","R","M","R","T","T","M","$","M"],"character_chosen":"DEFECT","items_purchased":["Genetic Algorithm","Chemical X","Membership Card","Sweeping Beam","Tempest"],"campfire_rested":3,"item_purchase_floors":[13,13,20,20,29],"current_hp_per_floor":[75,75,75,75,75,75,75,75,75,75,41,41,41,25,47,16,75,47,47,47,22,19,41,6,28,28,28,8,8,0,0],"gold":24,"neow_bonus":"THREE_ENEMY_KILL","is_daily":false,"chose_seed":false,"campfire_upgraded":3,"win_rate":0.0,"timestamp":1609352671,"path_taken":["M","?","M","?","?","R","E","R","T","R","E","?","$","M","R","BOSS","M","?","?","M","M","R","M","R","T","?","M","$","?"],"items_purchased_type":["Card","Relic","Relic","Card","Card"],"build_version":"2020-12-22","purchased_purges":3,"victory":false,"max_hp_per_floor":[75,75,75,75,75,75,75,75,75,75,75,75,75,75,75,75,75,75,75,75,75,75,75,75,75,75,75,75,75,75,75],"relic_stats":{"counters":[13,42],"Ornamental Fan":[8],"Bag of Preparation":[4],"Chemical X":[6],"Smiling Mask":38,"obtain_stats":[{"Ice Cream":11,"NeowsBlessing":0,"Ornamental Fan":4,"Omamori":26,"Bag of Preparation":27,"Chemical X":13,"Membership Card":20,"Cracked Core":0,"Smiling Mask":7,"Cables":9,"Runic Pyramid":17},{"Ice Cream":4,"NeowsBlessing":0,"Ornamental Fan":2,"Omamori":11,"Bag of Preparation":11,"Chemical X":5,"Membership Card":8,"Cracked Core":0,"Smiling Mask":3,"Cables":3,"Runic Pyramid":7},{"Ice Cream":8,"NeowsBlessing":0,"Ornamental Fan":2,"Omamori":36,"Bag of Preparation":36,"Chemical X":10,"Membership Card":23,"Cracked Core":0,"Smiling Mask":3,"Cables":3,"Runic Pyramid":20}],"Cables":[33,33,0,0,0]},"card_choices":[{"not_picked":["Turbo","Tempest"],"picked":"Capacitor","floor":1},{"not_picked":["Hologram","Steam Power"],"picked":"Defragment","floor":3},{"not_picked":["Sweeping Beam","Beam Cell"],"picked":"Loop","floor":7},{"not_picked":["Go for the Eyes","Loop"],"picked":"Static Discharge","floor":11},{"not_picked":["Consume","Fusion"],"picked":"Conserve Battery","floor":12},{"not_picked":["Aggregate","Blizzard"],"picked":"Go for the Eyes","floor":14},{"not_picked":["Fission","Seek"],"picked":"Biased Cognition","floor":16},{"not_picked":["Go for the Eyes+1","Turbo+1"],"picked":"Melter","floor":18},{"not_picked":["Gash","Hello World"],"picked":"White Noise+1","floor":21},{"not_picked":["Heatsinks","Skim"],"picked":"Consume","floor":22},{"not_picked":["Force Field","Barrage"],"picked":"Reinforced Body+1","floor":24},{"not_picked":["Rebound","Genetic Algorithm","Reinforced Body"],"picked":"SKIP","floor":28}],"player_experience":824827,"relics_obtained":[{"floor":4,"key":"Ornamental Fan"},{"floor":7,"key":"Smiling Mask"},{"floor":9,"key":"Cables"},{"floor":11,"key":"Ice Cream"},{"floor":26,"key":"Omamori"},{"floor":27,"key":"Bag of Preparation"}],"event_choices":[{"damage_healed":0,"gold_gain":175,"player_choice":"AGREE","damage_taken":0,"max_hp_gain":0,"max_hp_loss":0,"event_name":"Liars Game","floor":2,"gold_loss":0,"cards_obtained":["Doubt"]},{"damage_healed":0,"gold_gain":0,"player_choice":"2 cards matched","damage_taken":0,"max_hp_gain":0,"max_hp_loss":0,"event_name":"Match and Keep!","floor":5,"gold_loss":0,"cards_obtained":["Ball Lightning","Decay"]},{"damage_healed":0,"gold_gain":0,"player_choice":"Read","damage_taken":0,"max_hp_gain":0,"max_hp_loss":0,"event_name":"The Library","floor":19,"gold_loss":0,"cards_obtained":["Reinforced Body"]}],"is_beta":false,"boss_relics":[{"not_picked":["Inserter","Sozu"],"picked":"Runic Pyramid"}],"items_purged_floors":[13,20,29],"is_endless":false,"potions_floor_spawned":[7,12,22,24],"killed_by":"Centurion and Healer","ascension_level":0}}