{"host":"2n2g1vowfllvjtvi","time":1609337063,"event":{"mods":["AchievementEnabler","BaseMod","Custom Start","GifTheSpireLib","Keyboard Shortcuts","Minty Spire (QoL Compilation)","Quick Restart","Rare Cards Sparkle","StSLib","SuperFastMode"],"gold_per_floor":[113,123,123,123,134,134,162,181,181,35,65,65,76,76,76],"floor_reached":14,"playtime":218,"items_purged":[],"score":175,"play_id":"081c0870-9655-4f38-8619-6eab6f7e37a2","local_time":"20201230230423","is_ascension_mode":true,"campfire_choices":[{"data":"Bludgeon","floor":6,"key":"SMITH"},{"data":"Fire Breathing","floor":12,"key":"SMITH"}],"circlet_count":0,"master_deck":["AscendersBane","Strike_R","Strike_R","Strike_R","Strike_R","Strike_R","Defend_R","Defend_R","Defend_R","Defend_R","Bash","Bludgeon+1","Cleave","Fire Breathing+1","Ghostly Armor"],"relics":["Burning Blood","Ornamental Fan","Shovel","Chemical X","Ginger"],"acts_visited":["Exordium"],"potions_floor_usage":[7,8],"damage_taken":[{"damage":12,"enemies":"Jaw Worm","floor":1,"turns":2},{"damage":0,"enemies":"2 Louse","floor":2,"turns":4},{"damage":0,"enemies":"Cultist","floor":5,"turns":2},{"damage":18,"enemies":"Lagavulin","floor":7,"turns":4},{"damage":21,"enemies":"Gremlin Gang","floor":8,"turns":5},{"damage":25,"enemies":"3 Sentries","floor":11,"turns":7},{"damage":23,"enemies":"Large Slime","floor":13,"turns":5},{"damage":10,"enemies":"Lagavulin","floor":14,"turns":2}],"seed_played":"-5726420700911141562","potions_obtained":[{"floor":1,"key":"Block Potion"},{"floor":2,"key":"Regen Potion"},{"floor":8,"key":"LiquidBronze"}],"is_trial":false,"path_per_floor":["M","M","?","?","M","R","E","M","T","$","E","R","M","E"],"character_chosen":"IRONCLAD","items_purchased":["Chemical X"],"campfire_rested":0,"item_purchase_floors":[10],"current_hp_per_floor":[62,68,50,50,56,56,44,43,43,43,24,24,7,0,0],"gold":76,"neow_bonus":"ONE_RANDOM_RARE_CARD","is_daily":false,"chose_seed":false,"campfire_upgraded":2,"win_rate":0.0,"timestamp":1609337063,"path_taken":["M","M","?","?","?","R","E","M","T","$","E","R","M","E"],"items_purchased_type":["Relic"],"build_version":"2020-12-22","purchased_purges":0,"victory":false,"max_hp_per_floor":[75,75,75,75,75,75,75,75,75,75,75,75,75,75,75],"card_choices":[{"not_picked":["Combust","Battle Trance"],"picked":"Cleave","floor":1},{"not_picked":["Body Slam","Rampage","Clash"],"picked":"SKIP","floor":2},{"not_picked":["Pummel","Warcry","Cleave"],"picked":"SKIP","floor":5},{"not_picked":["Pommel Strike","Hemokinesis","Warcry"],"picked":"SKIP","floor":7},{"not_picked":["Flex","Dropkick","Sentinel"],"picked":"SKIP","floor":8},{"not_picked":["Headbutt","Sword Boomerang"],"picked":"Fire Breathing","floor":11},{"not_picked":["Feel No Pain","Wild Strike"],"picked":"Ghostly Armor","floor":13}],"player_experience":411450,"relics_obtained":[{"floor":7,"key":"Shovel"},{"floor":11,"key":"Ginger"}],"event_choices":[{"damage_healed":0,"gold_gain":0,"player_choice":"Success","damage_taken":18,"relics_obtained":["Ornamental Fan"],"max_hp_gain":0,"max_hp_loss":0,"event_name":"Scrap Ooze","floor":3,"gold_loss":0},{"damage_healed":0,"gold_gain":0,"player_choice":"Got Potions","damage_taken":0,"max_hp_gain":0,"max_hp_loss":0,"event_name":"Lab","floor":4,"gold_loss":0}],"is_beta":false,"boss_relics":[],"items_purged_floors":[],"is_endless":false,"potions_floor_spawned":[1,2,8],"killed_by":"Lagavulin","ascension_level":15}}