{"host":"h1l2j95f0ioyx0nx","time":1609337162,"event":{"mods":["AchievementEnabler","BaseMod","BetterRewards","Gold Saver","Minty Spire (QoL Compilation)","Permanent Neow","Quick Restart","Replay The Spire","Shop Mod","Spicy Shops","StSLib","The Cursed","The Dragon Tamer","The Hierophant","The Poker Player","The Runesmith"],"gold_per_floor":[622,640,654,654,80,80,114,114,141,141,24,24,24,42,317,443,443,466,74,173,196,58,58,77,77,77,77,77,77,77,101,101,225,225,239,89,89,89,1088,1088,1088,1106,1130,1130,1130,1130,1130],"floor_reached":45,"playtime":3226,"items_purged":["Regret","Decay"],"score":480,"play_id":"ccff6c7f-08d9-45d6-a30c-5096dd3bfe69","local_time":"20201230230602","is_ascension_mode":false,"metric_token":1054,"campfire_choices":[{"floor":6,"key":"REST"},{"floor":8,"key":"RECALL"},{"floor":10,"key":"REST"},{"data":"PokerPlayerMod:TrumpStrike","floor":12,"key":"SMITH"},{"data":"PokerPlayerMod:CardPrinter+1","floor":23,"key":"SMITH"},{"data":"PokerPlayerMod:CardPrinter+2","floor":27,"key":"SMITH"},{"floor":32,"key":"REST"},{"data":"PokerPlayerMod:CardPrinter+3","floor":40,"key":"SMITH"}],"circlet_count":0,"master_deck":["PokerPlayerMod:Diamond2","PokerPlayerMod:Diamond3","PokerPlayerMod:Diamond4","PokerPlayerMod:Diamond5","PokerPlayerMod:Spade2","PokerPlayerMod:Spade6","PokerPlayerMod:Spade4","PokerPlayerMod:Club1","PokerPlayerMod:Club2","PokerPlayerMod:Heart2","PokerPlayerMod:TrumpStrike+1","PokerPlayerMod:BadJoker","PokerPlayerMod:Mulligan","PokerPlayerMod:Diamond10+","PokerPlayerMod:Spade4","PokerPlayerMod:Club7","PokerPlayerMod:Raise","PokerPlayerMod:Heart6","PokerPlayerMod:DartThrow","PokerPlayerMod:Diamond8","PokerPlayerMod:Diamond4","PokerPlayerMod:GamblerForm+1","PokerPlayerMod:Harden","PokerPlayerMod:CardPrinter+4","Secret Technique+1","Thinking Ahead+1","Apotheosis+1","PokerPlayerMod:Spade5","PokerPlayerMod:Club10+","PokerPlayerMod:Configure","PokerPlayerMod:Manipulation","PokerPlayerMod:GamblerForm+1","Discovery+1","Normality","Normality","Survey Options"],"relics":["PokerPlayerMod:DeckCase","Dream Catcher","Golden Idol","Runesmith:AutoHammer","Golden Egg","Iron Hammer","Happy Flower","Juzu Bracelet","Ring of Chaos","Membership Card","Toolbox","Pantograph","PokerPlayerMod:PenAndEraser","ReplayTheSpireMod:ShopPack","Lizard Tail","Enchiridion","Garlic","Busted Crown","ReplayTheSpireMod:CursedCoin","Strange Spoon","PokerPlayerMod:CoolBox","Orichalcum"],"acts_visited":["Exordium","TheCity","TheBeyond"],"potions_floor_usage":[16,31,31,33,45,45,45],"damage_taken":[{"damage":1,"enemies":"Cultist","floor":1,"turns":3},{"damage":0,"enemies":"Small Slimes","floor":2,"turns":2},{"damage":0,"enemies":"Jaw Worm","floor":3,"turns":2},{"damage":16,"enemies":"Lagavulin","floor":7,"turns":5},{"damage":0,"enemies":"Exordium Wildlife","floor":14,"turns":1},{"damage":60,"enemies":"Fading Forest","floor":16,"turns":11},{"damage":10,"enemies":"3 Byrds","floor":18,"turns":3},{"damage":0,"enemies":"Spheric Guardian","floor":21,"turns":3},{"damage":26,"enemies":"Centurion and Healer","floor":24,"turns":5},{"damage":3,"enemies":"Snake Plant","floor":31,"turns":3},{"damage":60,"enemies":"Champ","floor":33,"turns":9},{"damage":16,"enemies":"Orb Walker","floor":35,"turns":4},{"damage":23,"enemies":"3 Darklings","floor":42,"turns":4},{"damage":11,"enemies":"Reptomancer","floor":45,"turns":2}],"seed_played":"4666703764144225543","potions_obtained":[{"floor":2,"key":"Dexterity Potion"},{"floor":3,"key":"Elixir"},{"floor":21,"key":"BlessingOfTheForge"},{"floor":31,"key":"SteroidPotion"},{"floor":35,"key":"Block Potion"}],"is_trial":false,"path_per_floor":["M","M","M","?","$","R","E","R","T","R","$","R","$","M","R","B",null,"M","$","?","M","$","R","M","?","T","R","?","T","?","M","R","B",null,"M","$","?","?","?","R","?","M","T","?","E"],"character_chosen":"THE_POKER_PLAYER","items_purchased":["Runesmith:AutoHammer","Golden Egg","Iron Hammer","Juzu Bracelet","PokerPlayerMod:Diamond7","Membership Card","Toolbox","Pantograph","PokerPlayerMod:PenAndEraser","ReplayTheSpireMod:ShopPack","ReplayTheSpireMod:CursedCoin","Strange Spoon","PokerPlayerMod:CoolBox","Discovery"],"campfire_rested":3,"item_purchase_floors":[5,5,5,11,11,19,19,19,22,22,36,36,36,36],"current_hp_per_floor":[51,51,52,39,39,52,39,39,39,52,52,52,52,52,52,13,52,42,42,42,52,52,52,26,52,52,52,36,36,36,40,52,26,52,40,40,35,35,35,35,25,8,8,8,0,0,0],"gold":1130,"neow_bonus":"RANDOM_COMMON_RELIC","is_daily":false,"chose_seed":false,"campfire_upgraded":4,"win_rate":0.0,"timestamp":1609337162,"path_taken":["M","?","M","?","$","R","E","R","T","R","?","R","?","M","R","BOSS","M","$","?","M","$","R","M","?","T","R","?","?","?","M","R","BOSS","M","$","?","?","?","R","?","M","T","?","E"],"items_purchased_type":["Relic","Relic","Relic","Relic","Card","Relic","Relic","Relic","Relic","Relic","Relic","Relic","Relic","Card"],"build_version":"2020-12-22","purchased_purges":2,"victory":false,"max_hp_per_floor":[52,52,52,52,52,52,52,52,52,52,52,52,52,52,52,52,52,52,52,52,52,52,52,52,52,52,52,52,52,52,52,52,52,52,52,52,52,52,52,52,52,52,52,52,52,52,52],"card_choices":[{"not_picked":["PokerPlayerMod:MagicTrick","PokerPlayerMod:Diamond4"],"picked":"PokerPlayerMod:Diamond10+","floor":1},{"not_picked":["PokerPlayerMod:Fold","PokerPlayerMod:Heart2"],"picked":"PokerPlayerMod:Spade4","floor":2},{"not_picked":["PokerPlayerMod:DartThrow","PokerPlayerMod:Spade5"],"picked":"PokerPlayerMod:Club4","floor":3},{"not_picked":["PokerPlayerMod:Diamond1","PokerPlayerMod:Spade3"],"picked":"PokerPlayerMod:Raise","floor":6},{"not_picked":["PokerPlayerMod:Club3","PokerPlayerMod:CloakAndDiamond"],"picked":"PokerPlayerMod:Heart6","floor":7},{"not_picked":["PokerPlayerMod:Diamond3","PokerPlayerMod:Heart4"],"picked":"PokerPlayerMod:DartThrow","floor":10},{"not_picked":["PokerPlayerMod:Diamond2","PokerPlayerMod:Diamond3"],"picked":"PokerPlayerMod:Diamond4","floor":14},{"not_picked":["PokerPlayerMod:Diamond8","PokerPlayerMod:Heart9"],"picked":"PokerPlayerMod:GamblerForm","floor":16},{"not_picked":["PokerPlayerMod:Spade2","PokerPlayerMod:Trickery+1"],"picked":"PokerPlayerMod:Harden","floor":18},{"not_picked":["PokerPlayerMod:Spade5","PokerPlayerMod:Spade3"],"picked":"PokerPlayerMod:CardPrinter+1","floor":21},{"not_picked":["Midas Touch","Specialist"],"picked":"Secret Technique","floor":22},{"not_picked":["Swift Strike","Violence"],"picked":"Thinking Ahead","floor":22},{"not_picked":["Poisoned Strike","Panache"],"picked":"Apotheosis","floor":22},{"not_picked":["PokerPlayerMod:DiamondStrike","PokerPlayerMod:DartThrow"],"picked":"PokerPlayerMod:Spade5","floor":24},{"not_picked":["PokerPlayerMod:Diamond2","PokerPlayerMod:SpadeStrike"],"picked":"PokerPlayerMod:Configure","floor":31},{"not_picked":["PokerPlayerMod:Trickery","PokerPlayerMod:Club3"],"picked":"PokerPlayerMod:Manipulation","floor":32},{"not_picked":["PokerPlayerMod:Diamond9","PokerPlayerMod:Diamond10+"],"picked":"PokerPlayerMod:GamblerForm","floor":33},{"not_picked":["PokerPlayerMod:SpadeStrike"],"picked":"SKIP","floor":35},{"not_picked":[],"picked":"Survey Options","floor":41},{"not_picked":["PokerPlayerMod:Diamond2"],"picked":"SKIP","floor":42}],"player_experience":113021,"relics_obtained":[{"floor":7,"key":"Happy Flower"},{"floor":26,"key":"Lizard Tail"},{"floor":28,"key":"Enchiridion"},{"floor":29,"key":"Garlic"},{"floor":43,"key":"Orichalcum"}],"event_choices":[{"damage_healed":0,"gold_gain":0,"player_choice":"Take Damage","damage_taken":13,"relics_obtained":["Golden Idol"],"max_hp_gain":0,"max_hp_loss":0,"event_name":"Golden Idol","floor":4,"gold_loss":0},{"damage_healed":0,"gold_gain":275,"player_choice":"Desecrate","damage_taken":0,"max_hp_gain":0,"max_hp_loss":0,"event_name":"Golden Shrine","floor":15,"gold_loss":0,"cards_obtained":["Regret"]},{"damage_healed":0,"gold_gain":99,"player_choice":"Stole From Cult","damage_taken":0,"max_hp_gain":0,"max_hp_loss":0,"event_name":"Nest","floor":20,"gold_loss":0},{"damage_healed":26,"gold_gain":0,"player_choice":"Full Heal","damage_taken":0,"max_hp_gain":0,"max_hp_loss":0,"event_name":"Wheel of Change","floor":25,"gold_loss":0},{"damage_healed":0,"gold_gain":0,"player_choice":"Obtained Book","damage_taken":16,"max_hp_gain":0,"max_hp_loss":0,"event_name":"Cursed Tome","floor":28,"gold_loss":0},{"damage_healed":0,"gold_gain":0,"cards_transformed":["PokerPlayerMod:Diamond1","PokerPlayerMod:Spade1"],"player_choice":"Became Test Subject","damage_taken":0,"max_hp_gain":0,"max_hp_loss":0,"event_name":"Drug Dealer","floor":30,"gold_loss":0,"cards_obtained":["PokerPlayerMod:DartThrow","PokerPlayerMod:Club10"]},{"damage_healed":0,"gold_gain":0,"player_choice":"Damaged","damage_taken":5,"max_hp_gain":0,"max_hp_loss":0,"event_name":"Wheel of Change","floor":37,"gold_loss":0},{"cards_removed":["PokerPlayerMod:DartThrow"],"damage_healed":0,"gold_gain":0,"player_choice":"Removed Attack","damage_taken":0,"max_hp_gain":0,"max_hp_loss":0,"event_name":"Falling","floor":38,"gold_loss":0},{"damage_healed":0,"gold_gain":999,"player_choice":"Gold","damage_taken":0,"max_hp_gain":0,"max_hp_loss":0,"event_name":"MindBloom","floor":39,"gold_loss":0,"cards_obtained":["Normality","Normality"]},{"damage_healed":0,"gold_gain":0,"player_choice":"Memory 3","damage_taken":10,"max_hp_gain":0,"max_hp_loss":0,"event_name":"SensoryStone","floor":41,"gold_loss":0},{"damage_healed":0,"gold_gain":0,"player_choice":"Ignored","damage_taken":0,"max_hp_gain":0,"max_hp_loss":0,"event_name":"Tomb of Lord Red Mask","floor":44,"gold_loss":0}],"is_beta":false,"boss_relics":[{"not_picked":["Ectoplasm","Runesmith:UraniumAnvil"],"picked":"Ring of Chaos"},{"not_picked":["Kintsugi","Honey Jar"],"picked":"Busted Crown"}],"items_purged_floors":[19,36],"is_endless":false,"potions_floor_spawned":[2,3,21,31,35],"killed_by":"Reptomancer","ascension_level":0}}