{"host":"l7bqp3ve1ygltd7f","time":1609334792,"event":{"mods":["BaseMod","Downfall","Hermit","Minty Spire (QoL Compilation)","StSLib","The Bug Knight","The Construct","The Cursed","The Hierophant","The Jungle","The Poker Player","The Runesmith","The Servant 0.9.4"],"gold_per_floor":[118,118,118,118,118,151,169,169,169,194,194,194,226,8,8,110,110,97,117,132,32,32,32],"floor_reached":22,"playtime":1127,"items_purged":["Defend_G","Heel Hook"],"score":261,"play_id":"ba427eee-3ac4-476e-b820-de403521ddae","local_time":"20201230212632","is_ascension_mode":true,"campfire_choices":[{"data":"Dodge and Roll","floor":8,"key":"SMITH"},{"floor":12,"key":"REST"},{"floor":15,"key":"REST"}],"circlet_count":0,"master_deck":["Survivor","Neutralize","Dodge and Roll+1","Die Die Die","Footwork","Dodge and Roll","Well Laid Plans","Night Terror","Prepared","Terror","Predator","Skewer","Bane","PiercingWail"],"relics":["Ring of the Snake","NeowsBlessing","Incense Burner","Whetstone","Ginger","Pear","HollowMod:LifeEnderRelic","Pandora\u0027s Box"],"acts_visited":["Exordium","TheCity"],"potions_floor_usage":[6,16,16],"damage_taken":[{"damage":0,"enemies":"2 Louse","floor":1,"turns":1},{"damage":0,"enemies":"Gremlin Nob","floor":6,"turns":1},{"damage":0,"enemies":"Jaw Worm","floor":7,"turns":1},{"damage":15,"enemies":"Lagavulin","floor":10,"turns":8},{"damage":34,"enemies":"Gremlin Nob","floor":13,"turns":6},{"damage":23,"enemies":"The Guardian","floor":16,"turns":14},{"damage":31,"enemies":"2 Thieves","floor":18,"turns":4},{"damage":8,"enemies":"3 Byrds","floor":19,"turns":4},{"damage":36,"enemies":"Centurion and Healer","floor":20,"turns":6},{"damage":10,"enemies":"Chosen and Byrds","floor":22,"turns":6}],"seed_played":"-7037800692643720653","potions_obtained":[{"floor":6,"key":"Fruit Juice"},{"floor":10,"key":"hexamod:EctoCoolerPotion"},{"floor":20,"key":"Fire Potion"}],"is_trial":false,"path_per_floor":["M","?","?","?","?","E","M","R","T","E","?","R","E","$","R","B",null,"M","M","M","$","M"],"character_chosen":"THE_SILENT","items_purchased":["Dodge and Roll","Well Laid Plans","Poison Potion"],"campfire_rested":2,"item_purchase_floors":[14,14,14],"current_hp_per_floor":[70,63,49,37,37,42,42,42,42,37,37,62,28,28,53,30,85,54,46,10,10,0,0],"gold":32,"neow_bonus":"THREE_ENEMY_KILL","is_daily":false,"chose_seed":false,"campfire_upgraded":1,"win_rate":0.0,"timestamp":1609334792,"path_taken":["M","?","?","?","?","E","?","R","T","E","?","R","E","$","R","BOSS","M","M","M","$","M"],"items_purchased_type":["Card","Card","Potion"],"build_version":"2020-12-22","purchased_purges":2,"victory":false,"max_hp_per_floor":[70,70,70,70,70,75,75,75,75,85,85,85,85,85,85,85,85,85,85,85,85,85,85],"card_choices":[{"not_picked":["Quick Slash","Cloak And Dagger"],"picked":"Dodge and Roll","floor":1},{"not_picked":["Leg Sweep","Dagger Throw"],"picked":"Die Die Die","floor":6},{"not_picked":["Masterful Stab","Bane","Accuracy"],"picked":"SKIP","floor":7},{"not_picked":["Leg Sweep","Malaise"],"picked":"Footwork","floor":10},{"not_picked":["Calculated Gamble","Expertise","Prepared"],"picked":"SKIP","floor":13},{"not_picked":["Storm of Steel","Wraith Form v2"],"picked":"Night Terror","floor":16},{"not_picked":["Sucker Punch+1","Finisher+1","Acrobatics+1"],"picked":"SKIP","floor":18},{"not_picked":["Blade Dance","Dodge and Roll+1"],"picked":"PiercingWail","floor":19},{"not_picked":["Storm of Steel","PiercingWail","Outmaneuver"],"picked":"SKIP","floor":20}],"player_experience":141460,"relics_obtained":[{"floor":6,"key":"Whetstone"},{"floor":9,"key":"Ginger"},{"floor":10,"key":"Pear"},{"floor":13,"key":"HollowMod:LifeEnderRelic"}],"event_choices":[{"cards_removed":["Defend_G"],"damage_healed":0,"gold_gain":0,"player_choice":"Card Removal","damage_taken":7,"max_hp_gain":0,"max_hp_loss":0,"event_name":"Golden Wing","floor":2,"gold_loss":0},{"damage_healed":0,"gold_gain":0,"player_choice":"Entered Light","damage_taken":14,"max_hp_gain":0,"max_hp_loss":0,"event_name":"Shining Light","floor":3,"gold_loss":0,"cards_upgraded":["Strike_G","Defend_G"]},{"damage_healed":0,"gold_gain":0,"player_choice":"Success","damage_taken":12,"relics_obtained":["Incense Burner"],"max_hp_gain":0,"max_hp_loss":0,"event_name":"Scrap Ooze","floor":4,"gold_loss":0},{"cards_removed":["Defend_G"],"damage_healed":0,"gold_gain":0,"player_choice":"Purged","damage_taken":0,"max_hp_gain":0,"max_hp_loss":0,"event_name":"Purifier","floor":5,"gold_loss":0},{"cards_removed":["Defend_G"],"damage_healed":0,"gold_gain":0,"player_choice":"Forget","damage_taken":0,"max_hp_gain":0,"max_hp_loss":0,"event_name":"Living Wall","floor":11,"gold_loss":0}],"is_beta":false,"boss_relics":[{"not_picked":["WristBlade","Snecko Eye"],"picked":"Pandora\u0027s Box"}],"items_purged_floors":[14,21],"is_endless":false,"potions_floor_spawned":[6,10,20],"killed_by":"Chosen and Byrds","ascension_level":1}}