{"host":"rag04wbrzwiojxfu","time":1609310681,"event":{"mods":["AchievementEnabler","Alarm Clock","BaseMod","Bestiary","Block Reminder","Colored Powertips","Highlight Path","Minty Spire (QoL Compilation)","Quick Restart","Relic Sorter","Relic Stats","Shop Mod","StSLib"],"gold_per_floor":[99,24,51,65,76,76,110,110,110,125,151,163,179,79,79,79,79],"floor_reached":16,"playtime":799,"items_purged":["Strike_P","Strike_P"],"score":118,"play_id":"5addfbf5-4611-4a71-b917-3cf2324708e1","local_time":"20201230004441","is_ascension_mode":true,"campfire_choices":[{"floor":6,"key":"RECALL"},{"data":"Vault","floor":8,"key":"SMITH"},{"floor":15,"key":"REST"}],"circlet_count":0,"master_deck":["Strike_P","Strike_P","Defend_P","Defend_P","Defend_P","Defend_P","Eruption","Vigilance","Tantrum","Vault+1","Vengeance","Swivel"],"relics":["PureWater","NeowsBlessing","Happy Flower","StrikeDummy","Dead Branch"],"acts_visited":["Exordium"],"potions_floor_usage":[7,11],"damage_taken":[{"damage":0,"enemies":"Cultist","floor":1,"turns":1},{"damage":0,"enemies":"2 Louse","floor":4,"turns":1},{"damage":0,"enemies":"Jaw Worm","floor":5,"turns":1},{"damage":12,"enemies":"Lagavulin","floor":7,"turns":5},{"damage":0,"enemies":"2 Fungi Beasts","floor":10,"turns":3},{"damage":22,"enemies":"3 Sentries","floor":11,"turns":4},{"damage":9,"enemies":"Large Slime","floor":12,"turns":3},{"damage":0,"enemies":"Red Slaver","floor":13,"turns":5},{"damage":51,"enemies":"The Guardian","floor":16,"turns":2}],"seed_played":"-5952138147358772847","potions_obtained":[{"floor":4,"key":"SpeedPotion"},{"floor":5,"key":"SteroidPotion"},{"floor":11,"key":"SmokeBomb"},{"floor":12,"key":"Ambrosia"}],"is_trial":false,"path_per_floor":["M","$","T","M","M","R","E","R","T","M","E","M","M","$","R","B"],"character_chosen":"WATCHER","items_purchased":[],"campfire_rested":1,"item_purchase_floors":[],"current_hp_per_floor":[72,72,72,72,72,72,60,60,60,60,38,29,29,29,50,0,0],"gold":79,"neow_bonus":"THREE_ENEMY_KILL","is_daily":false,"chose_seed":false,"campfire_upgraded":1,"win_rate":0.0,"timestamp":1609310681,"path_taken":["M","$","?","M","M","R","E","R","T","M","E","M","M","$","R","BOSS"],"items_purchased_type":[],"build_version":"2020-12-22","purchased_purges":2,"victory":false,"max_hp_per_floor":[72,72,72,72,72,72,72,72,72,72,72,72,72,72,72,72,72],"relic_stats":{"Happy Flower":[5],"counters":[9,25],"Dead Branch":[5],"obtain_stats":[{"NeowsBlessing":0,"Happy Flower":7,"Dead Branch":11,"PureWater":0,"StrikeDummy":9},{"NeowsBlessing":0,"Happy Flower":4,"Dead Branch":6,"PureWater":0,"StrikeDummy":4},{"NeowsBlessing":0,"Happy Flower":8,"Dead Branch":15,"PureWater":0,"StrikeDummy":8}]},"card_choices":[{"not_picked":["Consecrate","SignatureMove","CutThroughFate"],"picked":"SKIP","floor":1},{"not_picked":["Evaluate","FlyingSleeves","FollowUp"],"picked":"SKIP","floor":4},{"not_picked":["Consecrate","CrushJoints"],"picked":"Tantrum","floor":5},{"not_picked":["Worship","Weave"],"picked":"Vault","floor":7},{"not_picked":["Evaluate","Weave","Consecrate"],"picked":"SKIP","floor":10},{"not_picked":["BowlingBash","Omniscience"],"picked":"Vengeance","floor":11},{"not_picked":["BowlingBash","Meditate"],"picked":"Swivel","floor":12},{"not_picked":["Halt","JustLucky","EmptyBody"],"picked":"SKIP","floor":13}],"player_experience":250057,"relics_obtained":[{"floor":7,"key":"Happy Flower"},{"floor":9,"key":"StrikeDummy"},{"floor":11,"key":"Dead Branch"}],"event_choices":[],"is_beta":false,"boss_relics":[],"items_purged_floors":[2,14],"is_endless":false,"potions_floor_spawned":[4,5,11,12],"killed_by":"The Guardian","ascension_level":1}}