{"host":"sc0o2qwpf9j16a4i","time":1609332243,"event":{"mods":["AchievementEnabler","BaseMod","BetterRewards","Block Reminder","Colored Map","Colored Powertips","Custom Start","Highlight Path","Minty Spire (QoL Compilation)","Relic Stats"],"gold_per_floor":[114,133,133,5,80,80,96,139,139,139,175,175,100,140,140,236,236,261,261,2,2,15,15,15,15],"floor_reached":24,"playtime":561,"items_purged":["Strike_P+1"],"score":458,"play_id":"fe031abc-e5af-446e-96b0-807f5a01862e","local_time":"20201230144403","is_ascension_mode":true,"campfire_choices":[{"floor":6,"key":"REST"},{"floor":10,"key":"REST"},{"floor":12,"key":"REST"},{"data":"BattleHymn","floor":15,"key":"SMITH"},{"floor":23,"key":"REST"}],"circlet_count":0,"master_deck":["AscendersBane","Strike_P+1","Strike_P+1","Defend_P+1","Defend_P+1","Defend_P+1","Defend_P+1","Eruption","Vigilance","EmptyBody","BattleHymn+1","Wallop","Crescendo","Vengeance","Meditate","Establishment","Apotheosis","SandsOfTime"],"relics":["SlaversCollar","Golden Idol","Bottled Lightning","Art of War","Meat on the Bone","TungstenRod","Cursed Key","Peace Pipe"],"acts_visited":["Exordium","TheCity"],"potions_floor_usage":[16],"damage_taken":[{"damage":16,"enemies":"Jaw Worm","floor":1,"turns":4},{"damage":6,"enemies":"Small Slimes","floor":2,"turns":4},{"damage":0,"enemies":"2 Louse","floor":7,"turns":3},{"damage":29,"enemies":"Gremlin Nob","floor":8,"turns":4},{"damage":0,"enemies":"Lagavulin","floor":11,"turns":4},{"damage":5,"enemies":"3 Sentries","floor":14,"turns":6},{"damage":28,"enemies":"Hexaghost","floor":16,"turns":9},{"damage":1,"enemies":"Chosen","floor":18,"turns":4},{"damage":20,"enemies":"3 Byrds","floor":22,"turns":5},{"damage":52,"enemies":"Gremlin Leader","floor":24,"turns":2}],"seed_played":"-7212117447664000457","potions_obtained":[{"floor":1,"key":"Ancient Potion"},{"floor":11,"key":"DistilledChaos"}],"is_trial":false,"path_per_floor":["M","M","?","$","?","R","M","E","T","R","E","R","?","E","R","B",null,"M","?","$","?","M","R","E"],"character_chosen":"WATCHER","items_purchased":["BattleHymn","Wallop","Apotheosis"],"campfire_rested":4,"item_purchase_floors":[4,4,20],"current_hp_per_floor":[45,39,39,39,28,46,46,17,17,35,35,53,53,48,48,32,55,54,54,54,54,34,52,0,0],"gold":15,"neow_bonus":"BOSS_RELIC","is_daily":false,"chose_seed":false,"campfire_upgraded":1,"win_rate":0.0,"timestamp":1609332243,"path_taken":["M","M","?","$","?","R","M","E","T","R","E","R","?","E","R","BOSS","M","?","$","?","?","R","E"],"items_purchased_type":["Card","Card","Card"],"build_version":"2020-12-22","purchased_purges":1,"victory":false,"max_hp_per_floor":[68,68,62,62,62,62,62,62,62,62,62,62,62,62,62,62,62,62,62,62,62,62,62,62,62],"relic_stats":{"Peace Pipe":0,"counters":[10,45],"Golden Idol":54,"Art of War":[5],"Cursed Key":0,"obtain_stats":[{"Peace Pipe":21,"SlaversCollar":0,"Golden Idol":3,"Art of War":9,"Bottled Lightning":8,"PureWater":0,"Cursed Key":17,"TungstenRod":14,"Meat on the Bone":11},{"Peace Pipe":8,"SlaversCollar":0,"Golden Idol":2,"Art of War":4,"Bottled Lightning":4,"PureWater":0,"Cursed Key":7,"TungstenRod":6,"Meat on the Bone":5},{"Peace Pipe":38,"SlaversCollar":0,"Golden Idol":8,"Art of War":15,"Bottled Lightning":15,"PureWater":0,"Cursed Key":34,"TungstenRod":25,"Meat on the Bone":19}],"TungstenRod":34,"Meat on the Bone":12},"card_choices":[{"not_picked":["Weave","JustLucky","Prostrate"],"picked":"SKIP","floor":1},{"not_picked":["EmptyMind","WreathOfFlame"],"picked":"EmptyBody","floor":2},{"not_picked":["JustLucky","Perseverance"],"picked":"Evaluate","floor":7},{"not_picked":["FollowUp","BowlingBash"],"picked":"Crescendo","floor":8},{"not_picked":["BattleHymn","Prostrate"],"picked":"Vengeance","floor":11},{"not_picked":["Omniscience","PathToVictory"],"picked":"Meditate","floor":14},{"not_picked":["Wish","Scrawl"],"picked":"Establishment","floor":16},{"not_picked":["FlurryOfBlows","Collect","Pray"],"picked":"SKIP","floor":18},{"not_picked":["Consecrate","JustLucky"],"picked":"SandsOfTime","floor":22}],"player_experience":442068,"relics_obtained":[{"floor":8,"key":"Bottled Lightning"},{"floor":9,"key":"Art of War"},{"floor":11,"key":"Meat on the Bone"},{"floor":14,"key":"TungstenRod"}],"event_choices":[{"damage_healed":0,"gold_gain":0,"player_choice":"Lose Max HP","damage_taken":0,"relics_obtained":["Golden Idol"],"max_hp_gain":0,"max_hp_loss":6,"event_name":"Golden Idol","floor":3,"gold_loss":0},{"damage_healed":0,"gold_gain":75,"player_choice":"Gather Gold","damage_taken":11,"max_hp_gain":0,"max_hp_loss":0,"event_name":"World of Goop","floor":5,"gold_loss":0},{"cards_removed":["Strike_P"],"damage_healed":0,"gold_gain":0,"player_choice":"Card Removal","damage_taken":0,"max_hp_gain":0,"max_hp_loss":0,"event_name":"The Cleric","floor":13,"gold_loss":75},{"damage_healed":0,"gold_gain":0,"player_choice":"Simplicity","damage_taken":0,"max_hp_gain":0,"max_hp_loss":0,"event_name":"Back to Basics","floor":19,"gold_loss":0,"cards_upgraded":["Strike_P","Strike_P","Strike_P","Defend_P","Defend_P","Defend_P","Defend_P"]},{"cards_removed":["Evaluate"],"damage_healed":0,"gold_gain":0,"player_choice":"Gave Card","damage_taken":0,"relics_obtained":["Peace Pipe"],"max_hp_gain":0,"max_hp_loss":0,"event_name":"WeMeetAgain","floor":21,"gold_loss":0}],"is_beta":false,"boss_relics":[{"not_picked":["Coffee Dripper","Velvet Choker"],"picked":"Cursed Key"}],"items_purged_floors":[20],"is_endless":false,"potions_floor_spawned":[1,11],"killed_by":"Gremlin Leader","ascension_level":19}}