{"host":"h4lp0eeso8a0ssq0","time":1609356815,"event":{"mods":["2.2 Compatiblity","AchievementEnabler","Astrologer","BaseMod","CapriCore","Colored Map","Downfall","Hermit","Lobotomy","Marisa£¨Ùöéë¡¡Øª×âÞÞ£©","Minty Spire (QoL Compilation)","StSLib","SuperFastMode","The Cursed","The Hierophant","The Immortal"],"gold_per_floor":[117,129,142,242,259,285,285,319,319,319,329,360,372,387,387,492,492,417,96,0,0,0,0,0,0,0,0,0,0,0,0,0,0,0],"floor_reached":33,"playtime":1267,"items_purged":["Strike_R"],"score":409,"play_id":"8395a825-a724-4b4a-a0b9-633e675275cc","local_time":"20201231043335","is_ascension_mode":true,"campfire_choices":[{"data":"Feed","floor":7,"key":"SMITH"},{"floor":10,"key":"REST"},{"data":"Body Slam","floor":15,"key":"SMITH"},{"data":"Metallicize","floor":24,"key":"SMITH"},{"data":"Metallicize","floor":28,"key":"SMITH"},{"data":"True Grit","floor":32,"key":"SMITH"}],"circlet_count":0,"master_deck":["Strike_R","Strike_R","Strike_R","Strike_R","Defend_R","Defend_R","Defend_R","Defend_R","Bash","Offering","Metallicize+1","Flame Barrier","True Grit+1","Feel No Pain","Feed+1","Metallicize+1","Blood for Blood","Body Slam+1","Sentinel","Corruption","Burning Pact+1","Wild Strike+1","Writhe","Shrug It Off","Wild Strike+1"],"relics":["Burning Blood","Pen Nib","Potion Belt","Oddly Smooth Stone","Ornamental Fan","Ectoplasm","Molten Egg 2","Anchor","Juzu Bracelet"],"acts_visited":["Exordium","TheCity"],"potions_floor_usage":[8,12,12,23,30,30,33],"damage_taken":[{"damage":8,"enemies":"Jaw Worm","floor":1,"turns":2},{"damage":1,"enemies":"Cultist","floor":2,"turns":3},{"damage":4,"enemies":"2 Louse","floor":3,"turns":3},{"damage":6,"enemies":"Looter","floor":5,"turns":3},{"damage":8,"enemies":"3 Sentries","floor":6,"turns":17},{"damage":61,"enemies":"Lagavulin","floor":8,"turns":16},{"damage":0,"enemies":"3 Louse","floor":11,"turns":5},{"damage":6,"enemies":"Gremlin Nob","floor":12,"turns":2},{"damage":13,"enemies":"Lots of Slimes","floor":13,"turns":6},{"damage":5,"enemies":"Red Slaver","floor":14,"turns":7},{"damage":41,"enemies":"Slime Boss","floor":16,"turns":20},{"damage":25,"enemies":"2 Thieves","floor":18,"turns":5},{"damage":9,"enemies":"Spheric Guardian","floor":21,"turns":6},{"damage":17,"enemies":"Snecko","floor":22,"turns":6},{"damage":0,"enemies":"Slavers","floor":23,"turns":1},{"damage":19,"enemies":"Snake Plant","floor":29,"turns":4},{"damage":16,"enemies":"3 Cultists","floor":30,"turns":5},{"damage":27,"enemies":"Book of Stabbing","floor":31,"turns":7},{"damage":16,"enemies":"Automaton","floor":33,"turns":4}],"seed_played":"-7334899884244434179","potions_obtained":[{"floor":1,"key":"AttackPotion"},{"floor":2,"key":"Energy Potion"},{"floor":6,"key":"SkillPotion"},{"floor":8,"key":"LiquidBronze"},{"floor":13,"key":"SteroidPotion"},{"floor":14,"key":"SmokeBomb"},{"floor":18,"key":"SteroidPotion"},{"floor":21,"key":"Energy Potion"},{"floor":30,"key":"Energy Potion"}],"is_trial":false,"path_per_floor":["M","M","M","?","M","E","R","E","T","R","M","E","M","M","R","B",null,"M","$","?","M","M","E","R","$","T","?","R","M","M","E","R","B"],"character_chosen":"IRONCLAD","items_purchased":["Molten Egg 2"],"campfire_rested":1,"item_purchase_floors":[19],"current_hp_per_floor":[78,80,80,80,80,78,78,27,27,52,62,62,59,64,64,33,100,81,81,81,82,71,77,77,77,77,77,77,64,58,37,37,21,21],"gold":0,"neow_bonus":"ONE_RANDOM_RARE_CARD","is_daily":false,"chose_seed":false,"campfire_upgraded":5,"win_rate":0.0,"timestamp":1609356815,"path_taken":["M","M","M","?","M","E","R","E","T","R","?","E","M","M","R","BOSS","M","$","?","M","M","E","R","$","T","?","R","M","M","E","R","BOSS"],"items_purchased_type":["Relic"],"build_version":"2020-12-22","purchased_purges":1,"victory":false,"max_hp_per_floor":[80,80,80,80,80,80,80,84,84,84,88,88,92,96,96,100,100,100,100,100,104,104,104,104,104,104,104,104,104,108,108,108,108,108],"card_choices":[{"not_picked":["Wild Strike","Infernal Blade"],"picked":"Metallicize","floor":1},{"not_picked":["True Grit","Second Wind"],"picked":"Flame Barrier","floor":2},{"not_picked":["Dropkick","Bloodletting"],"picked":"True Grit","floor":3},{"not_picked":["Carnage","True Grit"],"picked":"Feel No Pain","floor":5},{"not_picked":["Spot Weakness","Disarm"],"picked":"Feed","floor":6},{"not_picked":["Anger","Havoc"],"picked":"Metallicize","floor":8},{"not_picked":["Infernal Blade","Warcry"],"picked":"Blood for Blood","floor":11},{"not_picked":["Clothesline","Rupture"],"picked":"Body Slam","floor":12},{"not_picked":["Thunderclap","Clash","Pummel"],"picked":"SKIP","floor":13},{"not_picked":["Seeing Red","Havoc"],"picked":"Sentinel","floor":14},{"not_picked":["Demon Form","Immolate"],"picked":"Corruption","floor":16},{"not_picked":["Iron Wave","Evolve"],"picked":"Burning Pact+1","floor":18},{"not_picked":["Headbutt+1","Flex"],"picked":"Wild Strike+1","floor":21},{"not_picked":["Flex+1","Armaments","Searing Blow+1"],"picked":"SKIP","floor":22},{"not_picked":["Anger+1","Thunderclap+1"],"picked":"Shrug It Off","floor":29},{"not_picked":["Shrug It Off","Bludgeon+1"],"picked":"Wild Strike+1","floor":30},{"not_picked":["Pummel+1","Bloodletting","Clash+1"],"picked":"SKIP","floor":31}],"player_experience":65451,"relics_obtained":[{"floor":6,"key":"Pen Nib"},{"floor":8,"key":"Potion Belt"},{"floor":9,"key":"Oddly Smooth Stone"},{"floor":12,"key":"Ornamental Fan"},{"floor":31,"key":"Juzu Bracelet"}],"event_choices":[{"damage_healed":0,"gold_gain":100,"player_choice":"Gold","damage_taken":0,"max_hp_gain":0,"max_hp_loss":0,"event_name":"Wheel of Change","floor":4,"gold_loss":0},{"damage_healed":0,"gold_gain":0,"player_choice":"Paid Fearfully","damage_taken":0,"max_hp_gain":0,"max_hp_loss":0,"event_name":"Masked Bandits","floor":20,"gold_loss":96},{"damage_healed":0,"gold_gain":0,"player_choice":"Opened","damage_taken":0,"relics_obtained":["Anchor"],"max_hp_gain":0,"max_hp_loss":0,"event_name":"The Mausoleum","floor":27,"gold_loss":0,"cards_obtained":["Writhe"]}],"is_beta":false,"boss_relics":[{"not_picked":["Runic Dome","Snecko Eye"],"picked":"Ectoplasm"}],"items_purged_floors":[19],"is_endless":false,"potions_floor_spawned":[1,2,6,8,13,14,18,21,30],"killed_by":"Automaton","ascension_level":3}}