{"host":"wshh0nphwn6jv7vj","time":1609353271,"event":{"mods":["BaseMod","Bestiary","Minty Spire (QoL Compilation)"],"gold_per_floor":[113,38,113,128,147,180,180,206,206,225,250,250,264,281,281,358,358,374,351,262,70,80,108,120,162,242,154,154,154],"floor_reached":28,"playtime":2439,"items_purged":["Regret","Strike_R"],"score":514,"play_id":"ef32bed0-4061-48b3-878f-c3b7ff650c4e","local_time":"20201230133431","is_ascension_mode":true,"campfire_choices":[{"data":"Inflame","floor":7,"key":"SMITH"},{"data":"Mayhem","floor":15,"key":"SMITH"},{"data":"Limit Break","floor":24,"key":"SMITH"}],"circlet_count":0,"master_deck":["AscendersBane","Strike_R","Strike_R","Strike_R","Strike_R","Defend_R","Defend_R","Defend_R","Defend_R","Bash","Mayhem+1","Iron Wave","Thunderclap","Inflame+1","Perfected Strike","Inflame","Sword Boomerang","Impervious","Power Through","Fiend Fire","Disarm","Sword Boomerang","Limit Break+1","Armaments+1","Shrug It Off+1"],"relics":["Burning Blood","Orichalcum","Blue Candle","Eternal Feather","Akabeko","Black Star","Toy Ornithopter","War Paint","MawBank","Dead Branch","InkBottle","Pear","Mummified Hand"],"acts_visited":["Exordium","TheCity"],"potions_floor_usage":[5,8,8,11,16,23,25,25,28],"damage_taken":[{"damage":15,"enemies":"2 Louse","floor":1,"turns":4},{"damage":2,"enemies":"Cultist","floor":4,"turns":4},{"damage":2,"enemies":"Small Slimes","floor":5,"turns":3},{"damage":32,"enemies":"Gremlin Nob","floor":6,"turns":5},{"damage":13,"enemies":"3 Sentries","floor":8,"turns":7},{"damage":18,"enemies":"Exordium Thugs","floor":10,"turns":5},{"damage":2,"enemies":"Gremlin Nob","floor":11,"turns":3},{"damage":0,"enemies":"Looter","floor":13,"turns":1},{"damage":3,"enemies":"Blue Slaver","floor":14,"turns":3},{"damage":8,"enemies":"Hexaghost","floor":16,"turns":6},{"damage":0,"enemies":"Spheric Guardian","floor":18,"turns":1},{"damage":6,"enemies":"2 Thieves","floor":19,"turns":4},{"damage":23,"enemies":"Shelled Parasite and Fungi","floor":22,"turns":6},{"damage":17,"enemies":"Book of Stabbing","floor":23,"turns":6},{"damage":61,"enemies":"Gremlin Leader","floor":25,"turns":5},{"damage":58,"enemies":"Slavers","floor":28,"turns":4}],"seed_played":"-8603882250086312710","potions_obtained":[{"floor":4,"key":"DistilledChaos"},{"floor":5,"key":"SkillPotion"},{"floor":6,"key":"Block Potion"},{"floor":10,"key":"FearPotion"},{"floor":14,"key":"AttackPotion"},{"floor":16,"key":"HeartOfIron"},{"floor":18,"key":"SteroidPotion"},{"floor":23,"key":"Weak Potion"},{"floor":25,"key":"Regen Potion"}],"is_trial":false,"path_per_floor":["M","$","?","M","M","E","R","E","T","M","E","?","M","M","R","B",null,"M","M","?","$","M","E","R","E","T","$","E"],"character_chosen":"IRONCLAD","items_purchased":["Shrug It Off","War Paint"],"campfire_rested":0,"item_purchase_floors":[21,21],"current_hp_per_floor":[59,59,48,52,56,30,30,23,23,11,15,15,21,24,36,34,65,71,71,71,71,54,48,63,28,28,28,0,0],"gold":154,"neow_bonus":"RANDOM_COLORLESS_2","is_daily":false,"chose_seed":false,"campfire_upgraded":3,"win_rate":0.0,"timestamp":1609353271,"path_taken":["M","$","?","M","M","E","R","E","T","M","E","?","?","M","R","BOSS","M","M","?","$","M","E","R","E","T","?","E"],"items_purchased_type":["Card","Relic"],"build_version":"2020-12-22","purchased_purges":2,"victory":false,"max_hp_per_floor":[75,75,75,75,75,75,75,75,75,75,75,75,75,75,75,75,75,75,75,75,75,75,75,75,85,85,85,85,85],"card_choices":[{"not_picked":["Secret Technique","Master of Strategy"],"picked":"Mayhem","floor":0},{"not_picked":["Pommel Strike","Clothesline"],"picked":"Iron Wave","floor":1},{"not_picked":["Bloodletting","Spot Weakness"],"picked":"Thunderclap","floor":4},{"not_picked":["Warcry","Heavy Blade"],"picked":"Inflame","floor":5},{"not_picked":["Body Slam","Dropkick"],"picked":"Perfected Strike","floor":6},{"not_picked":["Shockwave","Demon Form"],"picked":"Inflame","floor":8},{"not_picked":["Twin Strike","Intimidate"],"picked":"Sword Boomerang","floor":10},{"not_picked":["Cleave","Entrench"],"picked":"Impervious","floor":11},{"not_picked":["Sword Boomerang","Anger"],"picked":"Disarm","floor":13},{"not_picked":["True Grit","Carnage"],"picked":"Sword Boomerang","floor":14},{"not_picked":["Fiend Fire","Berserk"],"picked":"Limit Break","floor":16},{"not_picked":["Warcry","Metallicize"],"picked":"Armaments","floor":18},{"not_picked":["Body Slam","Armaments","Clash"],"picked":"SKIP","floor":19},{"not_picked":["Rupture","Fire Breathing","Wild Strike"],"picked":"SKIP","floor":22},{"not_picked":["Armaments","Body Slam","Pommel Strike"],"picked":"SKIP","floor":23},{"not_picked":["Second Wind","Double Tap","Wild Strike"],"picked":"SKIP","floor":25}],"player_experience":1529718,"relics_obtained":[{"floor":6,"key":"Orichalcum"},{"floor":8,"key":"Blue Candle"},{"floor":9,"key":"Eternal Feather"},{"floor":11,"key":"Akabeko"},{"floor":23,"key":"MawBank"},{"floor":23,"key":"Dead Branch"},{"floor":25,"key":"InkBottle"},{"floor":25,"key":"Pear"},{"floor":26,"key":"Mummified Hand"}],"event_choices":[{"damage_healed":0,"gold_gain":75,"player_choice":"Gather Gold","damage_taken":11,"max_hp_gain":0,"max_hp_loss":0,"event_name":"World of Goop","floor":3,"gold_loss":0},{"damage_healed":0,"gold_gain":0,"player_choice":"2 cards matched","damage_taken":0,"max_hp_gain":0,"max_hp_loss":0,"event_name":"Match and Keep!","floor":12,"gold_loss":0,"cards_obtained":["Power Through","Fiend Fire"]},{"damage_healed":0,"gold_gain":0,"player_choice":"Paid Gold","damage_taken":0,"relics_obtained":["Toy Ornithopter"],"max_hp_gain":0,"max_hp_loss":0,"event_name":"WeMeetAgain","floor":20,"gold_loss":89}],"is_beta":false,"boss_relics":[{"not_picked":["Calling Bell","Astrolabe"],"picked":"Black Star"}],"items_purged_floors":[2,27],"is_endless":false,"potions_floor_spawned":[4,5,6,10,14,16,18,23,25],"killed_by":"Slavers","ascension_level":17}}