{"host":"9pqy5lt7vda52ebm","time":1609361590,"event":{"mods":["BaseMod","Minty Spire (QoL Compilation)","Optimize The Spire","Quick Restart","StSLib","The Evolution"],"gold_per_floor":[117,127,52,52,52,88,88,124,124,124,124,124,47,81,81,209,209,227,227,241,241,255,255,293,293,320,355,370,384,399,229,229,353,353,372,372,372,386,123,167,42,61,61,61,74,74,99,124,124,124],"floor_reached":51,"playtime":12497,"items_purged":["evolutionmod:StrikeEvo","Pain","evolutionmod:StrikeEvo"],"score":1100,"play_id":"94d4f689-4ac7-4627-bc1b-435cac24cdac","local_time":"20201230155310","is_ascension_mode":true,"campfire_choices":[{"data":"evolutionmod:NightMare","floor":7.0,"key":"SMITH"},{"data":"evolutionmod:Adaptation","floor":10.0,"key":"SMITH"},{"data":"evolutionmod:Shadowbolt","floor":12.0,"key":"SMITH"},{"data":"evolutionmod:PlayingRough","floor":15.0,"key":"SMITH"},{"data":"J.A.X.","floor":23,"key":"SMITH"},{"floor":32,"key":"REST"},{"data":"evolutionmod:Mastery","floor":44,"key":"SMITH"},{"data":"evolutionmod:DepthsLurker","floor":49,"key":"SMITH"}],"circlet_count":0,"master_deck":["AscendersBane","evolutionmod:LoyalWarrior","evolutionmod:StrikeEvo","evolutionmod:LoyalCompanion","evolutionmod:DefendEvo","evolutionmod:DefendEvo","evolutionmod:DefendEvo","evolutionmod:DefendEvo","evolutionmod:NightMare+1","evolutionmod:Shadowbolt+1","evolutionmod:ChannelMagic","evolutionmod:Adaptation+1","evolutionmod:PlayingRough+1","evolutionmod:DepthsLurker+1","evolutionmod:Seduce","evolutionmod:Pheromones","J.A.X.+1","evolutionmod:DarkDesires","evolutionmod:Mastery+1","evolutionmod:Seduce+1","evolutionmod:PlayingRough+1","evolutionmod:Mastery","Sadistic Nature"],"relics":["evolutionmod:TorisGift","Golden Idol","Ice Cream","Centennial Puzzle","Calipers","Shovel","Busted Crown","Molten Egg 2","WarpedTongs","Art of War","Gambling Chip","Runic Pyramid","StoneCalendar","Pear"],"acts_visited":["Exordium","TheCity","TheBeyond"],"potions_floor_usage":[27,27,28,40,48,50,50,50],"damage_taken":[{"damage":2.0,"enemies":"Cultist","floor":1.0,"turns":4.0},{"damage":6.0,"enemies":"Small Slimes","floor":2.0,"turns":3.0},{"damage":11.0,"enemies":"Gremlin Nob","floor":6.0,"turns":3.0},{"damage":5.0,"enemies":"Lagavulin","floor":8.0,"turns":5.0},{"damage":7.0,"enemies":"3 Sentries","floor":14.0,"turns":5.0},{"damage":0.0,"enemies":"Hexaghost","floor":16.0,"turns":8.0},{"damage":1,"enemies":"Chosen","floor":18,"turns":4},{"damage":0,"enemies":"3 Byrds","floor":20,"turns":4},{"damage":4,"enemies":"Cultist and Chosen","floor":22,"turns":6},{"damage":9,"enemies":"Book of Stabbing","floor":24,"turns":6},{"damage":49,"enemies":"Slavers","floor":27,"turns":6},{"damage":8,"enemies":"Centurion and Healer","floor":28,"turns":7},{"damage":9,"enemies":"Snake Plant","floor":29,"turns":3},{"damage":38,"enemies":"Sentry and Sphere","floor":30,"turns":6},{"damage":28,"enemies":"Collector","floor":33,"turns":8},{"damage":19,"enemies":"3 Shapes","floor":35,"turns":5},{"damage":12,"enemies":"3 Darklings","floor":38,"turns":7},{"damage":37,"enemies":"Giant Head","floor":40,"turns":9},{"damage":25,"enemies":"Jaw Worm Horde","floor":42,"turns":7},{"damage":10,"enemies":"Spire Growth","floor":45,"turns":6},{"damage":6,"enemies":"Maw","floor":47,"turns":7},{"damage":45,"enemies":"Transient","floor":48,"turns":5},{"damage":52,"enemies":"Donu and Deca","floor":50,"turns":10}],"seed_played":"-5642327789691834723","potions_obtained":[{"floor":8.0,"key":"FearPotion"},{"floor":16.0,"key":"LiquidBronze"},{"floor":20,"key":"ColorlessPotion"},{"floor":28,"key":"Ancient Potion"},{"floor":29,"key":"BlessingOfTheForge"},{"floor":35,"key":"SteroidPotion"},{"floor":40,"key":"SpeedPotion"},{"floor":48,"key":"Weak Potion"}],"is_trial":false,"path_per_floor":["M","M","$","?","?","E","R","E","T","R","?","R","$","E","R","B",null,"M","?","M","?","M","R","E","?","T","E","M","M","M","$","R","B",null,"M","?","?","M","$","E","$","M","T","R","M","?","M","M","R","B",null],"character_chosen":"EVOLUTION_CLASS","items_purchased":["evolutionmod:PlayingRough","evolutionmod:Mastery","evolutionmod:Mastery","Sadistic Nature"],"campfire_rested":1,"item_purchase_floors":[13,31,39,39],"current_hp_per_floor":[67,61,61,61,61,50,50,45,45,45,68,68,68,61,61,61,69,68,68,68,71,71,71,62,62,62,13,23,32,6,6,27,10,56,37,62,59,59,59,59,59,47,57,57,47,47,69,53,53,28],"gold":124,"neow_bonus":"TRANSFORM_CARD","is_daily":false,"chose_seed":false,"campfire_upgraded":7,"win_rate":0.0,"timestamp":1609361590,"path_taken":["M","M","$","?","?","E","R","E","T","R","?","R","$","E","R","BOSS","M","?","M","?","?","R","E","?","T","E","M","?","M","$","R","BOSS","M","?","?","M","$","E","$","M","T","R","M","?","M","M","R","BOSS"],"items_purchased_type":["Card","Card","Card","Card"],"build_version":"2020-12-22","purchased_purges":3,"victory":true,"max_hp_per_floor":[77,77,77,77,71,71,71,71,71,71,71,71,71,71,71,71,71,71,71,71,71,71,71,71,71,71,71,71,71,71,71,71,71,71,71,62,59,59,59,59,59,59,69,69,69,69,69,69,69,69],"card_choices":[{"not_picked":["evolutionmod:CrystalShard","evolutionmod:ClawSlash"],"picked":"evolutionmod:Shadowbolt","floor":1.0},{"not_picked":["evolutionmod:CurrentsDancer","evolutionmod:ChimeraDefense"],"picked":"evolutionmod:ChannelMagic","floor":2.0},{"not_picked":["evolutionmod:Stalker","evolutionmod:BlackCat"],"picked":"evolutionmod:Treasure","floor":6.0},{"not_picked":["evolutionmod:PoisonFangs","evolutionmod:ShiftingGuard"],"picked":"evolutionmod:Adaptation","floor":8.0},{"not_picked":["evolutionmod:DrainMana","evolutionmod:CrystalStone"],"picked":"evolutionmod:DepthsLurker","floor":14.0},{"not_picked":["evolutionmod:Humanity","evolutionmod:Stalker"],"picked":"evolutionmod:Seduce","floor":16.0},{"not_picked":[],"picked":"evolutionmod:Pheromones","floor":18},{"not_picked":["evolutionmod:PoisonFangs"],"picked":"SKIP","floor":20},{"not_picked":["evolutionmod:ShiftingStrike"],"picked":"SKIP","floor":22},{"not_picked":[],"picked":"evolutionmod:DarkDesires","floor":24},{"not_picked":["evolutionmod:PoisonFangs+1"],"picked":"SKIP","floor":27},{"not_picked":["evolutionmod:SeaSerpent+1"],"picked":"SKIP","floor":28},{"not_picked":["evolutionmod:Treasure+1"],"picked":"SKIP","floor":29},{"not_picked":["evolutionmod:CrystalShard+1"],"picked":"SKIP","floor":30},{"not_picked":[],"picked":"evolutionmod:Seduce+1","floor":33},{"not_picked":[],"picked":"evolutionmod:PlayingRough+1","floor":35},{"not_picked":["evolutionmod:Charm"],"picked":"SKIP","floor":38},{"not_picked":["evolutionmod:Shrink+1"],"picked":"SKIP","floor":40},{"not_picked":["evolutionmod:ChimeraDefense+1"],"picked":"SKIP","floor":42},{"not_picked":["evolutionmod:ChimeraStrike+1"],"picked":"SKIP","floor":45},{"not_picked":["evolutionmod:ClawSlash+1"],"picked":"SKIP","floor":47},{"not_picked":["evolutionmod:Antidote"],"picked":"SKIP","floor":48}],"player_experience":798154,"relics_obtained":[{"floor":6.0,"key":"Ice Cream"},{"floor":8.0,"key":"Centennial Puzzle"},{"floor":9.0,"key":"Calipers"},{"floor":14.0,"key":"Shovel"},{"floor":24,"key":"Molten Egg 2"},{"floor":26,"key":"Art of War"},{"floor":27,"key":"Gambling Chip"},{"floor":40,"key":"StoneCalendar"},{"floor":43,"key":"Pear"}],"event_choices":[{"damage_healed":0.0,"max_hp_gain":0.0,"max_hp_loss":0.0,"gold_gain":0.0,"event_name":"Liars Game","player_choice":"Ignored","floor":4.0,"gold_loss":0.0,"damage_taken":0.0},{"damage_healed":0.0,"max_hp_gain":0.0,"max_hp_loss":6.0,"gold_gain":0.0,"event_name":"Golden Idol","player_choice":"Lose Max HP","floor":5.0,"gold_loss":0.0,"damage_taken":0.0,"relics_obtained":["Golden Idol"]},{"damage_healed":23.0,"max_hp_gain":0.0,"max_hp_loss":0.0,"gold_gain":0.0,"event_name":"Big Fish","player_choice":"Banana","floor":11.0,"gold_loss":0.0,"damage_taken":0.0},{"damage_healed":0,"gold_gain":0,"player_choice":"Obtain J.A.X.","damage_taken":0,"max_hp_gain":0,"max_hp_loss":0,"event_name":"Drug Dealer","floor":19,"gold_loss":0,"cards_obtained":["J.A.X."]},{"cards_removed":["evolutionmod:Treasure"],"damage_healed":3,"gold_gain":0,"player_choice":"Offered Uncommon","damage_taken":0,"max_hp_gain":0,"max_hp_loss":0,"event_name":"Bonfire Elementals","floor":21,"gold_loss":0},{"damage_healed":0,"gold_gain":0,"player_choice":"Rummage","damage_taken":0,"relics_obtained":["WarpedTongs"],"max_hp_gain":0,"max_hp_loss":0,"event_name":"Accursed Blacksmith","floor":25,"gold_loss":0,"cards_obtained":["Pain"]},{"damage_healed":62,"gold_gain":0,"player_choice":"Heal","damage_taken":0,"max_hp_gain":0,"max_hp_loss":9,"event_name":"The Moai Head","floor":36,"gold_loss":0},{"damage_healed":0,"gold_gain":0,"player_choice":"Max HP","damage_taken":0,"max_hp_gain":0,"max_hp_loss":3,"event_name":"Winding Halls","floor":37,"gold_loss":0},{"damage_healed":0,"gold_gain":0,"player_choice":"Memory 1","damage_taken":0,"max_hp_gain":0,"max_hp_loss":0,"event_name":"SensoryStone","floor":46,"gold_loss":0}],"is_beta":false,"boss_relics":[{"not_picked":["Tiny House","Ectoplasm"],"picked":"Busted Crown"},{"not_picked":["Pandora\u0027s Box","Runic Dome"],"picked":"Runic Pyramid"}],"items_purged_floors":[3,31,41],"is_endless":false,"potions_floor_spawned":[8,16,20,28,29,35,40,42,48],"ascension_level":10}}