{"host":"idf7jkg8jogr8thm","time":1609300002,"event":{"mods":["AchievementEnabler","BaseMod","Colored Map","Colored Powertips","Minty Spire (QoL Compilation)","StSLib"],"gold_per_floor":[215,215,225,18,18,48,63,82,82,82,82,95,95,108,108,209,209,225,243,243,243,243],"floor_reached":21,"playtime":1574,"items_purged":[],"score":181,"play_id":"ab81a2b9-fae0-4a2b-bcb9-06ebff9f62eb","local_time":"20201229224642","is_ascension_mode":false,"campfire_choices":[{"floor":10,"key":"RECALL"},{"floor":13,"key":"REST"},{"floor":15,"key":"REST"}],"circlet_count":0,"master_deck":["Strike_P","Strike_P","Strike_P","Strike_P","Defend_P","Defend_P","Defend_P","Defend_P","Eruption","Vigilance","Halt","Eruption","BowlingBash","DevaForm+1","EmptyFist","CrushJoints","Consecrate","Protect","Crescendo","Brilliance","Worship","Judgement","FlurryOfBlows+1","BowlingBash+1"],"relics":["PureWater","Damaru","SlaversCollar"],"acts_visited":["Exordium","TheCity"],"potions_floor_usage":[],"damage_taken":[{"damage":1,"enemies":"Cultist","floor":1,"turns":3},{"damage":12,"enemies":"2 Louse","floor":3,"turns":3},{"damage":13,"enemies":"3 Sentries","floor":6,"turns":5},{"damage":0,"enemies":"Small Slimes","floor":7,"turns":3},{"damage":8,"enemies":"Gremlin Gang","floor":8,"turns":4},{"damage":24,"enemies":"Exordium Thugs","floor":12,"turns":5},{"damage":0,"enemies":"2 Fungi Beasts","floor":14,"turns":2},{"damage":20,"enemies":"Slime Boss","floor":16,"turns":9},{"damage":26,"enemies":"3 Byrds","floor":18,"turns":4},{"damage":26,"enemies":"Shell Parasite","floor":19,"turns":4},{"damage":24,"enemies":"Snake Plant","floor":21,"turns":2}],"seed_played":"4927359126095500260","potions_obtained":[{"floor":3,"key":"Regen Potion"},{"floor":14,"key":"Block Potion"}],"is_trial":false,"path_per_floor":["M","?","M","$","?","E","M","M","T","R","?","M","R","M","R","B",null,"M","M","?","M"],"character_chosen":"WATCHER","items_purchased":["DevaForm","EmptyFist","CrushJoints"],"campfire_rested":2,"item_purchase_floors":[4,4,4],"current_hp_per_floor":[71,71,59,59,59,46,46,38,38,38,38,14,35,35,56,36,72,46,20,20,0,0],"gold":243,"neow_bonus":"HUNDRED_GOLD","is_daily":false,"chose_seed":false,"campfire_upgraded":0,"win_rate":0.0,"timestamp":1609300002,"path_taken":["M","?","?","$","?","E","M","M","T","R","?","?","R","M","R","BOSS","M","M","?","M"],"items_purchased_type":["Card","Card","Card"],"build_version":"2020-12-22","purchased_purges":0,"victory":false,"max_hp_per_floor":[72,72,72,72,72,72,72,72,72,72,72,72,72,72,72,72,72,72,72,72,72,72],"card_choices":[{"not_picked":["Evaluate","JustLucky"],"picked":"Halt","floor":1},{"not_picked":["Study","ThirdEye"],"picked":"BowlingBash","floor":3},{"not_picked":["Collect","Indignation"],"picked":"Consecrate","floor":6},{"not_picked":["CutThroughFate","Adaptation"],"picked":"Protect","floor":7},{"not_picked":["JustLucky","Protect"],"picked":"Crescendo","floor":8},{"not_picked":["EmptyBody","Indignation"],"picked":"Brilliance","floor":12},{"not_picked":["Study","ClearTheMind"],"picked":"Worship","floor":14},{"not_picked":["LessonLearned","Ragnarok"],"picked":"Judgement","floor":16},{"not_picked":["EmptyBody","ClearTheMind"],"picked":"FlurryOfBlows+1","floor":18},{"not_picked":["CrushJoints","DeceiveReality"],"picked":"BowlingBash+1","floor":19}],"player_experience":66911,"relics_obtained":[{"floor":6,"key":"Damaru"}],"event_choices":[{"damage_healed":0,"gold_gain":0,"player_choice":"2 cards matched","damage_taken":0,"max_hp_gain":0,"max_hp_loss":0,"event_name":"Match and Keep!","floor":2,"gold_loss":0,"cards_obtained":["Flash of Steel","Eruption"]},{"damage_healed":0,"gold_gain":0,"player_choice":"2 cards matched","damage_taken":0,"max_hp_gain":0,"max_hp_loss":0,"event_name":"Match and Keep!","floor":2,"gold_loss":0,"cards_obtained":["Flash of Steel","Eruption"]},{"damage_healed":0,"gold_gain":0,"player_choice":"Ignored","damage_taken":0,"max_hp_gain":0,"max_hp_loss":0,"event_name":"Golden Wing","floor":5,"gold_loss":0},{"cards_removed":["Flash of Steel"],"damage_healed":0,"gold_gain":0,"player_choice":"Card Removal","damage_taken":0,"max_hp_gain":0,"max_hp_loss":0,"event_name":"Wheel of Change","floor":11,"gold_loss":0},{"damage_healed":0,"gold_gain":0,"player_choice":"Forge","damage_taken":0,"max_hp_gain":0,"max_hp_loss":0,"event_name":"Accursed Blacksmith","floor":20,"gold_loss":0,"cards_upgraded":["DevaForm"]}],"is_beta":false,"boss_relics":[{"not_picked":["Coffee Dripper","HolyWater"],"picked":"SlaversCollar"}],"items_purged_floors":[],"is_endless":false,"potions_floor_spawned":[3,14],"killed_by":"Snake Plant","ascension_level":0}}