{"host":"tr12w2fixbnujl15","time":1609345485,"event":{"mods":["2.2 Compatiblity","BaseMod","Better Skull","BetterRewards","CatGirl Mod","Colored Powertips","Hubris","Infinite Spire","Jorbs\u0027s Wanderer Trilogy","Luminous","Minty Spire (QoL Compilation)","Quick Restart","Reimu??????","Replay The Spire","StSLib","SuperFastMode","Td1madao Mod","The Animator","The Sage","The Spell Scribe","WarShipGirlsR/????R mod"],"gold_per_floor":[117,130,130,140,153,153,170,170,170,203,218,218,218,234,234,359,359,375,375,391,406,406,406],"floor_reached":22,"playtime":1201,"items_purged":[],"score":190,"play_id":"e20d2aee-4a43-4105-bb7e-f853b01a0998","local_time":"20201230112445","is_ascension_mode":false,"campfire_choices":[{"floor":6,"key":"REST"},{"data":"Time Bomb","floor":8,"key":"SMITH"},{"floor":13,"key":"REST"}],"circlet_count":0,"master_deck":["Strike_B","Strike_B","Strike_B","Defend_B","Defend_B+1","Defend_B","Defend_B","Dualcast+1","Apotheosis","Hello World","Conserve Battery","Heatsinks","Time Bomb+1","Ball Lightning","ReplayTheSpireMod:Calculation Training","Seek","Consume","ReplayGash","Loop+1","Injury","Crystallizer","Mirror Shield","Genetic Algorithm","Gash+1","BootSequence+1","Barrage","Stack+1","Gash"],"relics":["Cracked Core","sagemod:Creepy_Carousel","RuthlessExorcism:ReiMu","ReplayTheSpireMod:Lightbulb","Golden Idol","RedLine:ReiMu","Prayer Wheel","Nloth\u0027s Gift"],"acts_visited":["Exordium","TheCity"],"potions_floor_usage":[10,16,16,16],"damage_taken":[{"damage":3,"enemies":"Jaw Worm","floor":1,"turns":2},{"damage":2,"enemies":"Small Slimes","floor":2,"turns":3},{"damage":0,"enemies":"Cultist","floor":4,"turns":3},{"damage":2,"enemies":"Blue Slaver","floor":5,"turns":3},{"damage":9,"enemies":"Large Slime","floor":7,"turns":6},{"damage":34,"enemies":"3 Sentries","floor":10,"turns":8},{"damage":8,"enemies":"Gremlin Gang","floor":11,"turns":5},{"damage":8,"enemies":"Looter","floor":14,"turns":4},{"damage":41,"enemies":"Hexaghost","floor":16,"turns":6},{"damage":46,"enemies":"Shell Parasite","floor":18,"turns":7},{"damage":10,"enemies":"Chosen","floor":20,"turns":6},{"damage":5,"enemies":"Shelled Parasite and Fungi","floor":21,"turns":8},{"damage":17,"enemies":"Sentry and Sphere","floor":22,"turns":5}],"seed_played":"906304001027157884","potions_obtained":[{"floor":2,"key":"FocusPotion"},{"floor":5,"key":"Weak Potion"},{"floor":7,"key":"Fire Potion"},{"floor":10,"key":"Weak Potion"},{"floor":16,"key":"BlessingOfTheForge"},{"floor":20,"key":"SpeedPotion"},{"floor":21,"key":"PotionOfCapacity"}],"is_trial":false,"path_per_floor":["M","M","?","M","M","R","M","R","T","E","M","?","R","M","R","B",null,"M","?","M","M","M"],"character_chosen":"DEFECT","items_purchased":["Apotheosis","Heatsinks","RuthlessExorcism:ReiMu"],"campfire_rested":2,"item_purchase_floors":[0,0,0],"current_hp_per_floor":[72,70,55,55,53,75,66,66,66,32,24,24,46,38,60,19,75,29,29,19,14,0,0],"gold":406,"neow_bonus":"","is_daily":false,"chose_seed":false,"campfire_upgraded":1,"win_rate":0.0,"timestamp":1609345485,"path_taken":["M","M","?","M","M","R","M","R","T","E","M","?","R","M","R","BOSS","M","?","M","M","?"],"items_purchased_type":["Card","Card","Relic"],"build_version":"2020-12-22","purchased_purges":0,"victory":false,"max_hp_per_floor":[75,75,75,75,75,75,75,75,75,75,75,75,75,75,75,75,75,75,75,75,75,75,75],"card_choices":[{"not_picked":["Beam Cell","Coolheaded"],"picked":"Time Bomb","floor":1},{"not_picked":["Stack","Cold Snap"],"picked":"Ball Lightning","floor":2},{"not_picked":["Stack","Hologram"],"picked":"ReplayTheSpireMod:Calculation Training","floor":4},{"not_picked":["Redo","Hologram"],"picked":"Seek","floor":5},{"not_picked":["Ball Lightning","Reinforced Body"],"picked":"Consume","floor":7},{"not_picked":["Steam Power","Go for the Eyes"],"picked":"ReplayGash","floor":10},{"not_picked":["Rip and Tear","Redo"],"picked":"Loop","floor":11},{"not_picked":["Scrape","hubris:PowerSurge"],"picked":"Crystallizer","floor":14},{"not_picked":["Buffer","Fission"],"picked":"ReplayTheSpireMod:Fabricate Wheel","floor":16},{"not_picked":["Cold Snap+1","ReplayTheSpireMod:GoodbyeWorld+1"],"picked":"Genetic Algorithm","floor":18},{"not_picked":["Barrage+1","Cold Snap"],"picked":"Gash+1","floor":18},{"not_picked":["Sweeping Beam","Skim"],"picked":"BootSequence+1","floor":20},{"not_picked":["Rebound","Lockon"],"picked":"Barrage","floor":20},{"not_picked":["Chaos","Beam Cell"],"picked":"Stack+1","floor":21},{"not_picked":["Reboot","Hologram"],"picked":"Gash","floor":21}],"player_experience":10157,"relics_obtained":[{"floor":9,"key":"ReplayTheSpireMod:Lightbulb"},{"floor":10,"key":"Pen Nib"}],"event_choices":[{"damage_healed":0,"gold_gain":0,"player_choice":"Entered Light","damage_taken":15,"max_hp_gain":0,"max_hp_loss":0,"event_name":"Shining Light","floor":3,"gold_loss":0,"cards_upgraded":["Defend_B","Dualcast"]},{"damage_healed":0,"gold_gain":0,"player_choice":"Take Wound","damage_taken":0,"relics_obtained":["Golden Idol"],"max_hp_gain":0,"max_hp_loss":0,"event_name":"Golden Idol","floor":12,"gold_loss":0,"cards_obtained":["Injury"]},{"damage_healed":0,"gold_gain":0,"player_choice":"Traded Relic","damage_taken":0,"relics_obtained":["Nloth\u0027s Gift"],"max_hp_gain":0,"max_hp_loss":0,"event_name":"N\u0027loth","floor":19,"relics_lost":["Pen Nib"],"gold_loss":0}],"is_beta":false,"boss_relics":[{"not_picked":["Coffee Dripper","infinitespire:Cupcake"],"picked":"RedLine:ReiMu"}],"items_purged_floors":[],"is_endless":false,"potions_floor_spawned":[2,5,7,10,16,20,21],"killed_by":"Sentry and Sphere","ascension_level":0}}