{"host":"t75twhtg6c476ygg","time":1609342279,"event":{"mods":["AchievementEnabler","BaseMod","Colored Powertips","Minty Spire (QoL Compilation)","Quick Restart","Relic Stats","StSLib","SuperFastMode"],"gold_per_floor":[114,129,144,159,5,35,50,50,350,380,410,425,425,455,455,555,555,570,570,570,104,119,149,179,194,194,294,324,324,354,369,369,469,469,484,484,139,189,204,234,234,249,249,264,279,294,102,117,117,117],"floor_reached":51,"playtime":1783,"items_purged":["Strike_B"],"score":1064,"play_id":"2ca84bb9-289d-470a-b083-58425459d344","local_time":"20201230153119","daily_mods":["Cursed Run","Diverse","DeadlyEvents"],"is_ascension_mode":false,"campfire_choices":[{"data":"Whirlwind","floor":8.0,"key":"SMITH"},{"data":"Doom and Gloom","floor":15,"key":"SMITH"},{"data":"1","floor":29,"key":"LIFT"},{"data":"2","floor":32,"key":"LIFT"},{"data":"3","floor":41,"key":"LIFT"},{"data":"Adrenaline","floor":49,"key":"SMITH"}],"circlet_count":0,"master_deck":["Strike_B","Strike_B","Defend_B","Defend_B","Zap","Dualcast","Poisoned Stab+1","Doom and Gloom+1","Fire Breathing+1","Consecrate","BootSequence","Shrug It Off","Whirlwind+1","Parasite","Hologram+1","Die Die Die","Clumsy","Barricade","CurseOfTheBell","Regret","Apotheosis","Offering","Beam Cell","Doom and Gloom+1","Doubt","Parasite","LessonLearned","Tantrum+1","Melter+1","Shrug It Off+1","EmptyFist+1","Normality","Adrenaline+1","TalkToTheHand","Pain"],"relics":["Cursed Key","Darkstone Periapt","Du-Vu Doll","Meat on the Bone","Old Coin","Bottled Flame","Bottled Tornado","Pear","Calling Bell","Lantern","Eternal Feather","Girya","Letter Opener","Bag of Marbles","Lee\u0027s Waffle","StrikeDummy","Anchor","HornCleat","Ice Cream","Singing Bowl","Vajra","Happy Flower","Astrolabe","Gambling Chip","Mango","Regal Pillow","Pantograph"],"acts_visited":["Exordium","TheCity","TheBeyond"],"potions_floor_usage":[16,33,40,42,50,50,50],"damage_taken":[{"damage":1.0,"enemies":"Cultist","floor":1.0,"turns":3.0},{"damage":5.0,"enemies":"Small Slimes","floor":2.0,"turns":3.0},{"damage":1.0,"enemies":"Jaw Worm","floor":3.0,"turns":2.0},{"damage":11.0,"enemies":"Exordium Thugs","floor":4.0,"turns":4.0},{"damage":12.0,"enemies":"3 Sentries","floor":6.0,"turns":5.0},{"damage":0.0,"enemies":"2 Fungi Beasts","floor":7.0,"turns":3.0},{"damage":22,"enemies":"Gremlin Nob","floor":10,"turns":4},{"damage":18,"enemies":"Lagavulin","floor":11,"turns":5},{"damage":0,"enemies":"Looter","floor":12,"turns":3},{"damage":10,"enemies":"Gremlin Nob","floor":14,"turns":3},{"damage":31,"enemies":"Hexaghost","floor":16,"turns":9},{"damage":19,"enemies":"Shell Parasite","floor":18,"turns":5},{"damage":0,"enemies":"3 Byrds","floor":22,"turns":2},{"damage":29,"enemies":"Book of Stabbing","floor":23,"turns":3},{"damage":9,"enemies":"Gremlin Leader","floor":24,"turns":3},{"damage":6,"enemies":"Snecko","floor":25,"turns":3},{"damage":3,"enemies":"Colosseum Slavers","floor":27,"turns":2},{"damage":0,"enemies":"Colosseum Nobs","floor":27,"turns":2},{"damage":24,"enemies":"Book of Stabbing","floor":28,"turns":4},{"damage":6,"enemies":"Slavers","floor":30,"turns":2},{"damage":6,"enemies":"Sentry and Sphere","floor":31,"turns":2},{"damage":27,"enemies":"Collector","floor":33,"turns":4},{"damage":0,"enemies":"3 Shapes","floor":35,"turns":2},{"damage":12,"enemies":"Mind Bloom Boss Battle","floor":38,"turns":3},{"damage":0,"enemies":"Orb Walker","floor":39,"turns":1},{"damage":17,"enemies":"Nemesis","floor":40,"turns":5},{"damage":6,"enemies":"Writhing Mass","floor":42,"turns":3},{"damage":0,"enemies":"4 Shapes","floor":44,"turns":1},{"damage":4,"enemies":"Maw","floor":45,"turns":5},{"damage":8,"enemies":"Transient","floor":46,"turns":5},{"damage":0,"enemies":"4 Shapes","floor":48,"turns":1},{"damage":46,"enemies":"Donu and Deca","floor":50,"turns":4}],"seed_played":"9091901603564859836","potions_obtained":[{"floor":4.0,"key":"EssenceOfSteel"},{"floor":6.0,"key":"FocusPotion"},{"floor":7.0,"key":"Block Potion"},{"floor":16,"key":"DuplicationPotion"},{"floor":35,"key":"Block Potion"},{"floor":40,"key":"Explosive Potion"},{"floor":48,"key":"ColorlessPotion"}],"is_trial":false,"path_per_floor":["M","M","M","M","$","E","M","R","T","E","E","M","?","E","R","B",null,"M","?","T","$","M","E","E","M","T","?","E","R","E","M","R","B",null,"M","?","$","?","M","E","R","M","T","M","M","M","$","M","R","B",null],"character_chosen":"DEFECT","items_purchased":["Consecrate","BootSequence","Bag of Marbles","Lee\u0027s Waffle","Apotheosis","Gambling Chip","EmptyFist","Adrenaline","TalkToTheHand"],"campfire_rested":0,"item_purchase_floors":[5,5,21,21,21,37,37,47,47],"current_hp_per_floor":[74,69,68,57,57,45,45,45,51,41,35,47,47,59,59,46,103,84,84,90,116,116,87,78,72,78,77,67,82,78,74,89,80,136,138,140,140,144,146,131,149,145,151,153,151,145,145,147,165,136],"gold":117,"neow_bonus":"","is_daily":true,"chose_seed":false,"campfire_upgraded":3,"win_rate":0.0,"timestamp":1609342279,"path_taken":["M","M","?","?","$","E","M","R","T","?","E","M","?","?","R","BOSS","M","?","?","$","M","?","E","M","T","?","E","R","E","M","R","BOSS","M","?","$","?","M","E","R","M","T","?","M","M","?","M","R","BOSS"],"items_purchased_type":["Card","Card","Relic","Relic","Card","Relic","Card","Card","Card"],"build_version":"2020-12-22","purchased_purges":1,"victory":true,"max_hp_per_floor":[75,75,75,75,75,75,75,75,81,81,81,81,81,91,91,97,103,103,103,109,116,116,116,116,116,122,124,126,126,128,130,130,136,136,138,140,140,156,158,160,160,162,168,170,172,174,174,176,176,182],"relic_stats":{"Darkstone Periapt":48,"Lee\u0027s Waffle":26,"Regal Pillow":0,"Singing Bowl":28,"Happy Flower":[12],"counters":[32,106],"Astrolabe":["Tantrum","Melter","Shrug It Off"],"Eternal Feather":66,"Letter Opener":[104],"Cursed Key":4,"Gambling Chip":[11],"Pantograph":11,"obtain_stats":[{"Darkstone Periapt":0,"Ice Cream":27,"Lantern":17,"Regal Pillow":40,"Singing Bowl":27,"Vajra":28,"Mango":38,"Bottled Tornado":11,"Cursed Key":0,"Old Coin":9,"HornCleat":26,"Gambling Chip":37,"Pantograph":43,"Girya":17,"Lee\u0027s Waffle":21,"Pear":14,"Happy Flower":30,"Astrolabe":34,"Eternal Feather":17,"Letter Opener":20,"Du-Vu Doll":0,"Calling Bell":17,"Bottled Flame":10,"Anchor":24,"Bag of Marbles":21,"StrikeDummy":23,"Meat on the Bone":6},{"Darkstone Periapt":0,"Ice Cream":18,"Lantern":11,"Regal Pillow":26,"Singing Bowl":18,"Vajra":19,"Mango":24,"Bottled Tornado":8,"Cursed Key":0,"Old Coin":6,"HornCleat":16,"Gambling Chip":23,"Pantograph":27,"Girya":11,"Lee\u0027s Waffle":12,"Pear":10,"Happy Flower":20,"Astrolabe":22,"Eternal Feather":11,"Letter Opener":12,"Du-Vu Doll":0,"Calling Bell":11,"Bottled Flame":7,"Anchor":15,"Bag of Marbles":12,"StrikeDummy":14,"Meat on the Bone":5},{"Darkstone Periapt":0,"Ice Cream":64,"Lantern":44,"Regal Pillow":87,"Singing Bowl":64,"Vajra":68,"Mango":81,"Bottled Tornado":29,"Cursed Key":0,"Old Coin":20,"HornCleat":60,"Gambling Chip":78,"Pantograph":90,"Girya":44,"Lee\u0027s Waffle":49,"Pear":35,"Happy Flower":70,"Astrolabe":76,"Eternal Feather":44,"Letter Opener":49,"Du-Vu Doll":0,"Calling Bell":44,"Bottled Flame":24,"Anchor":57,"Bag of Marbles":49,"StrikeDummy":54,"Meat on the Bone":17}],"Meat on the Bone":84},"card_choices":[{"not_picked":["Compile Driver","PiercingWail"],"picked":"Poisoned Stab","floor":1.0},{"not_picked":["EmptyFist","Havoc"],"picked":"Doom and Gloom","floor":2.0},{"not_picked":["Outmaneuver","Melter"],"picked":"Fire Breathing","floor":3.0},{"not_picked":["Redo","PathToVictory","FlyingSleeves"],"picked":"SKIP","floor":4.0},{"not_picked":["Skewer","Halt"],"picked":"Shrug It Off","floor":6.0},{"not_picked":["Malaise","Quick Slash"],"picked":"Whirlwind","floor":7.0},{"not_picked":["Slice","Quick Slash"],"picked":"Twin Strike","floor":10},{"not_picked":["FearNoEvil","Feel No Pain"],"picked":"Hologram","floor":11},{"not_picked":["Stack","Gash","Sucker Punch"],"picked":"SKIP","floor":12},{"not_picked":["Shrug It Off","Melter"],"picked":"Die Die Die","floor":14},{"not_picked":["Rainbow","Brutality"],"picked":"Barricade","floor":16},{"not_picked":["Prostrate","Carnage+1","Coolheaded"],"picked":"SKIP","floor":18},{"not_picked":["Steam","Heavy Blade"],"picked":"Offering","floor":22},{"not_picked":["Rage","Backflip","All For One"],"picked":"SKIP","floor":23},{"not_picked":["Cold Snap","Genetic Algorithm"],"picked":"Beam Cell","floor":24},{"not_picked":["Chill","Cold Snap"],"picked":"Doom and Gloom+1","floor":25},{"not_picked":["DeceiveReality","MentalFortress","Go for the Eyes+1"],"picked":"Singing Bowl","floor":27},{"not_picked":["Pray","Infinite Blades","Deflect"],"picked":"Singing Bowl","floor":28},{"not_picked":["Sever Soul+1","Protect","True Grit"],"picked":"Singing Bowl","floor":30},{"not_picked":["Redo","Amplify","SashWhip+1"],"picked":"Singing Bowl","floor":31},{"not_picked":["Impervious","Wish"],"picked":"LessonLearned","floor":33},{"not_picked":["Clothesline","JustLucky","Warcry"],"picked":"Singing Bowl","floor":35},{"not_picked":["Jack Of All Trades","Dramatic Entrance","Bandage Up"],"picked":"Singing Bowl","floor":36},{"not_picked":["Redo","Consecrate+1","BattleHymn"],"picked":"Singing Bowl","floor":38},{"not_picked":["Noxious Fumes+1","Crescendo","SignatureMove+1"],"picked":"Singing Bowl","floor":39},{"not_picked":["Finisher+1","Sunder","Flame Barrier+1"],"picked":"Singing Bowl","floor":40},{"not_picked":["FearNoEvil+1","Consume+1","Vault"],"picked":"Singing Bowl","floor":42},{"not_picked":["Reckless Charge","Gash","Clothesline"],"picked":"Singing Bowl","floor":44},{"not_picked":["Havoc+1","Redo","Rage+1"],"picked":"Singing Bowl","floor":45},{"not_picked":["Sweeping Beam","Dodge and Roll+1","Capacitor+1"],"picked":"Singing Bowl","floor":46},{"not_picked":["Prepared","Stack","Backflip+1"],"picked":"Singing Bowl","floor":48}],"player_experience":204007,"relics_obtained":[{"floor":6.0,"key":"Meat on the Bone"},{"floor":9.0,"key":"Old Coin"},{"floor":10,"key":"Bottled Flame"},{"floor":11,"key":"Bottled Tornado"},{"floor":14,"key":"Pear"},{"floor":17,"key":"Lantern"},{"floor":17,"key":"Eternal Feather"},{"floor":17,"key":"Girya"},{"floor":20,"key":"Letter Opener"},{"floor":23,"key":"StrikeDummy"},{"floor":24,"key":"Anchor"},{"floor":26,"key":"HornCleat"},{"floor":27,"key":"Ice Cream"},{"floor":27,"key":"Singing Bowl"},{"floor":28,"key":"Vajra"},{"floor":30,"key":"Happy Flower"},{"floor":38,"key":"Mango"},{"floor":40,"key":"Regal Pillow"},{"floor":43,"key":"Pantograph"}],"event_choices":[{"cards_removed":["Defend_B"],"damage_healed":0,"gold_gain":0,"player_choice":"Card Removal","damage_taken":0,"max_hp_gain":0,"max_hp_loss":0,"event_name":"Wheel of Change","floor":13,"gold_loss":0},{"damage_healed":0,"gold_gain":0,"player_choice":"Ignored","damage_taken":0,"max_hp_gain":0,"max_hp_loss":0,"event_name":"Ghosts","floor":19,"gold_loss":0},{"damage_healed":0,"gold_gain":0,"player_choice":"Fight","damage_taken":0,"max_hp_gain":0,"max_hp_loss":0,"event_name":"Colosseum","floor":27,"gold_loss":0},{"damage_healed":0,"gold_gain":0,"player_choice":"Fought Nobs","damage_taken":0,"max_hp_gain":0,"max_hp_loss":0,"event_name":"Colosseum","floor":27,"gold_loss":0},{"damage_healed":0,"gold_gain":0,"player_choice":"Memory 1","damage_taken":0,"max_hp_gain":0,"max_hp_loss":0,"event_name":"SensoryStone","floor":36,"gold_loss":0},{"damage_healed":0,"gold_gain":0,"player_choice":"Fight","damage_taken":0,"max_hp_gain":0,"max_hp_loss":0,"event_name":"MindBloom","floor":38,"gold_loss":0}],"is_beta":false,"boss_relics":[{"not_picked":["Philosopher\u0027s Stone","Empty Cage"],"picked":"Calling Bell"},{"not_picked":["Runic Dome","Inserter"],"picked":"Astrolabe"}],"items_purged_floors":[5],"is_endless":false,"potions_floor_spawned":[4,6,7,11,14,16,25,28,30,31,35,40,48],"ascension_level":0}}