{"host":"56ghxnzsglgdq727","time":1609348457,"event":{"mods":["AchievementEnabler","BaseMod","Minty Spire (QoL Compilation)"],"gold_per_floor":[110,127,52,52,75,75,106,106,153,4,4,36,36,71,71,71,71],"floor_reached":16,"playtime":303,"items_purged":["Dualcast","Defend_B"],"score":146,"play_id":"238aa3b0-38f2-44f1-9eae-ba2c39422111","local_time":"20201230121417","is_ascension_mode":true,"campfire_choices":[{"data":"Zap","floor":6,"key":"SMITH"},{"floor":8,"key":"REST"},{"data":"Beam Cell","floor":13,"key":"SMITH"},{"data":"Gash","floor":15,"key":"SMITH"}],"circlet_count":0,"master_deck":["Strike_B","Strike_B","Strike_B","Strike_B","Defend_B+1","Defend_B","Defend_B","Zap+1","Beam Cell+1","Beam Cell+1","Beam Cell+1","Gash+1"],"relics":["Cracked Core","NeowsBlessing","Bag of Marbles","HornCleat","Boot","Question Card","Blood Vial"],"acts_visited":["Exordium"],"potions_floor_usage":[16],"damage_taken":[{"damage":0,"enemies":"Cultist","floor":1,"turns":1},{"damage":0,"enemies":"Jaw Worm","floor":2,"turns":1},{"damage":0,"enemies":"3 Sentries","floor":7,"turns":1},{"damage":8,"enemies":"Lagavulin","floor":12,"turns":5},{"damage":8,"enemies":"Gremlin Nob","floor":14,"turns":4},{"damage":53,"enemies":"The Guardian","floor":16,"turns":7}],"seed_played":"4351708035727608479","potions_obtained":[{"floor":2,"key":"Energy Potion"},{"floor":12,"key":"FocusPotion"}],"is_trial":false,"path_per_floor":["M","M","$","?","T","R","E","R","T","$","?","E","R","E","R","B"],"character_chosen":"DEFECT","items_purchased":["Beam Cell"],"campfire_rested":1,"item_purchase_floors":[10],"current_hp_per_floor":[75,75,75,60,60,60,60,75,75,75,75,67,67,59,59,8,8],"gold":71,"neow_bonus":"THREE_ENEMY_KILL","is_daily":false,"chose_seed":false,"campfire_upgraded":3,"win_rate":0.0,"timestamp":1609348457,"path_taken":["M","M","?","?","?","R","E","R","T","$","?","E","R","E","R","BOSS"],"items_purchased_type":["Card"],"build_version":"2020-12-22","purchased_purges":2,"victory":false,"max_hp_per_floor":[75,75,75,75,75,75,75,75,75,75,75,75,75,75,75,75,75],"card_choices":[{"not_picked":["Conserve Battery","Steam","Steam Power"],"picked":"SKIP","floor":1},{"not_picked":["Cold Snap","Recycle"],"picked":"Beam Cell","floor":2},{"not_picked":["Coolheaded","Barrage","Redo"],"picked":"SKIP","floor":7},{"not_picked":["Consume","Sweeping Beam"],"picked":"Beam Cell","floor":12},{"not_picked":["Heatsinks","Compile Driver","Scrape"],"picked":"Gash","floor":14}],"player_experience":59096,"relics_obtained":[{"floor":5,"key":"Bag of Marbles"},{"floor":7,"key":"HornCleat"},{"floor":9,"key":"Boot"},{"floor":12,"key":"Question Card"},{"floor":14,"key":"Blood Vial"}],"event_choices":[{"damage_healed":0,"gold_gain":0,"player_choice":"Entered Light","damage_taken":15,"max_hp_gain":0,"max_hp_loss":0,"event_name":"Shining Light","floor":4,"gold_loss":0,"cards_upgraded":["Defend_B","Beam Cell"]},{"damage_healed":0,"gold_gain":0,"player_choice":"Forge","damage_taken":0,"max_hp_gain":0,"max_hp_loss":0,"event_name":"Accursed Blacksmith","floor":11,"gold_loss":0,"cards_upgraded":["Beam Cell"]}],"is_beta":false,"boss_relics":[],"items_purged_floors":[3,10],"is_endless":false,"potions_floor_spawned":[2,12],"killed_by":"The Guardian","ascension_level":1}}