{"host":"bg8va46pgqgvtzim","time":1609331692,"event":{"mods":["BaseMod","Downfall","Minty Spire (QoL Compilation)","Quick Restart","StSLib","SuperFastMode"],"gold_per_floor":[0,11,23,34,34,34,59,70,55,85,108,124,124,143,154,154,154,154],"floor_reached":16,"playtime":467,"items_purged":[],"score":94,"play_id":"f6c1d388-32eb-4f65-ba62-52b3d83d48f9","local_time":"20201230203452","is_ascension_mode":false,"campfire_choices":[{"data":"hexamod:Float","floor":1.0,"key":"SMITH"},{"data":"hexamod:EtherealExpedition","floor":13.0,"key":"SMITH"}],"circlet_count":0,"master_deck":["hexamod:Strike","hexamod:Strike","hexamod:Strike","hexamod:Strike","hexamod:Defend","hexamod:Defend","hexamod:Defend","hexamod:Sear","hexamod:Float+1","hexamod:TimeOfNeed","hexamod:Hexaguard","hexamod:EtherealExpedition+1","hexamod:SoulSteal"],"relics":["hexamod:SpiritBrand","Juzu Bracelet","Nunchaku","Bag of Preparation"],"acts_visited":["Exordium"],"potions_floor_usage":[16],"damage_taken":[{"damage":1.0,"enemies":"Small Slimes","floor":2.0,"turns":3.0},{"damage":0.0,"enemies":"2 Louse","floor":3.0,"turns":3.0},{"damage":0.0,"enemies":"Jaw Worm","floor":4.0,"turns":4.0},{"damage":4.0,"enemies":"Exordium Wildlife","floor":8.0,"turns":5.0},{"damage":0.0,"enemies":"downfall:FleeingMerchant","floor":9.0,"turns":4.0},{"damage":7.0,"enemies":"Red Slaver","floor":12.0,"turns":3.0},{"damage":1.0,"enemies":"Blue Slaver","floor":14.0,"turns":3.0},{"damage":0.0,"enemies":"Large Slime","floor":15.0,"turns":6.0},{"damage":57,"enemies":"downfall:Defect","floor":16,"turns":6}],"seed_played":"2879664755134273007","potions_obtained":[{"floor":8.0,"key":"Energy Potion"},{"floor":12.0,"key":"SpeedPotion"},{"floor":14.0,"key":"BlessingOfTheForge"}],"is_trial":false,"path_per_floor":["R","M","M","M","?","?","T","M","$","?","T","M","R","M","M","B"],"character_chosen":"THE_SPIRIT","items_purchased":[],"campfire_rested":0,"item_purchase_floors":[],"current_hp_per_floor":[70,69,69,69,69,69,69,65,65,65,65,58,58,57,57,0,0,0],"gold":154,"neow_bonus":"THREE_RARE_CARDS","is_daily":false,"chose_seed":false,"campfire_upgraded":2,"win_rate":0.0,"timestamp":1609331692,"path_taken":["R","M","M","M","?","?","T","M","$","?","?","M","R","M","M","BOSS"],"items_purchased_type":[],"build_version":"2020-12-22","purchased_purges":0,"victory":false,"max_hp_per_floor":[70,70,70,70,70,70,70,70,70,70,70,70,70,70,70,70,70,70],"card_choices":[{"not_picked":["hexamod:WildfireWeapon","hexamod:ParanormalForm"],"picked":"hexamod:TimeOfNeed","floor":0.0},{"not_picked":["hexamod:BurningTouch","hexamod:ShieldOfDarkness","hexamod:RetreatToShadows"],"picked":"SKIP","floor":2.0},{"not_picked":["hexamod:Haunt","hexamod:EmpoweredFlame"],"picked":"hexamod:Hexaguard","floor":3.0},{"not_picked":["hexamod:GhostShield","hexamod:HeatCrush","hexamod:BurningTouch"],"picked":"SKIP","floor":4.0},{"not_picked":["hexamod:ThermalTransfer","hexamod:SwordOfDarkness","hexamod:SearingWound"],"picked":"SKIP","floor":8.0},{"not_picked":["hexamod:SpectralAdrenaline","hexamod:ShieldOfDarkness"],"picked":"hexamod:EtherealExpedition","floor":9.0},{"not_picked":["hexamod:ThermalTransfer","hexamod:SecondSeal","hexamod:CatchUp"],"picked":"SKIP","floor":12.0},{"not_picked":["hexamod:NightmareGuise","hexamod:GhostShield","hexamod:SecondSeal"],"picked":"SKIP","floor":14.0},{"not_picked":["hexamod:Haunt","hexamod:SecondSeal"],"picked":"hexamod:SoulSteal","floor":15.0}],"player_experience":2222603,"relics_obtained":[{"floor":7.0,"key":"Juzu Bracelet"},{"floor":11.0,"key":"Bag of Preparation"}],"event_choices":[{"cards_removed":["hexamod:Defend"],"damage_healed":0.0,"max_hp_gain":0.0,"max_hp_loss":0.0,"gold_gain":0.0,"event_name":"The Cleric","player_choice":"Card Removal","floor":5.0,"gold_loss":0.0,"damage_taken":0.0}],"is_beta":false,"boss_relics":[],"items_purged_floors":[],"is_endless":false,"potions_floor_spawned":[8,12,14],"killed_by":"downfall:Defect","ascension_level":0}}