{"host":"6v6lk9rcoiasjngj","time":1609287564,"event":{"mods":["Ascension Reborn","BaseMod","Better Third Choice","Colored Map","Conspire","Downfall","Duelist Mod","GifTheSpireLib","Googly Eyes","Hubris","Infinite Spire","Minty Spire (QoL Compilation)","Quick Restart","RRrroohrrRGHHhhh!!","Replay The Spire","Reworked Bosses","Somnambulant","Spicy Shops","StSLib","Stuff the Spire","The Blue Laboratory","The Cursed","The Disciple","The Factory","The Florist","The Hierophant","The Jungle","The Sage","The Servant 0.9.4","The Valiant","egg"],"gold_per_floor":[14,32,32,59,74,100,100,128,152,166,183,183,183,198,198,293,293,278,278,278,278,278,278,278,278,278,278,278,278,278,278,278,278,278,278,278,278,278,278,278,278,278,278,278,278,149,149,149,149,149,149],"floor_reached":50,"playtime":6777,"items_purged":[],"score":564,"play_id":"6a59a837-29bc-4814-a5e2-626c59e7317c","local_time":"20201229191924","is_ascension_mode":true,"campfire_choices":[{"data":"Agrypnos:Azalea","floor":12,"key":"SMITH"},{"data":"Agrypnos:Dandelion","floor":12,"key":"SMITH"},{"floor":15,"key":"REST"},{"floor":28,"key":"REST"},{"floor":30,"key":"REST"},{"data":"Pain","floor":32,"key":"PURGE"},{"floor":49,"key":"REST"}],"circlet_count":0,"master_deck":["Agrypnos:BasicStrike","Agrypnos:BasicStrike","Agrypnos:BasicStrike","Agrypnos:BasicStrike","Agrypnos:BasicDefend","Agrypnos:BasicDefend","Agrypnos:BasicDefend","Agrypnos:BasicDefend","Agrypnos:Dandelion+1","Agrypnos:Trowel+1","Agrypnos:EntanglingVines","Agrypnos:Shell","Agrypnos:Rose","Agrypnos:Azalea+1","Agrypnos:Shell","Agrypnos:Rake","Agrypnos:Cattail","Agrypnos:Sunbeam","CurseOfTheBell","Agrypnos:Wolfsbane","Agrypnos:Hoe","Agrypnos:Rake","infinitespire:Collect","Agrypnos:Watering","Agrypnos:Tumbleweed+1","StuffTheSpire:CopiaOfFamine","Agrypnos:Wolfsbane+1","Agrypnos:Camellia","Slimebound:Icky","Agrypnos:Dandelion","Agrypnos:SpringArrival","Jack Of All Trades","infinitespire:TheBestDefense","Agrypnos:Shell+1","Agrypnos:Azalea+1","hubris:Fate","Agrypnos:Azalea+1","Discovery","Madness","Agrypnos:Watering"],"relics":["Agrypnos:Floristry","hubris:CuriousFeather","Winged Necklace","Replay:Arrowhead","Strawberry","WarpedTongs","Replay:Grab Bag","Ectoplasm","hubris:VirtuousBlindfold","hubris:ScarierMask","Calling Bell","infinitespire:Satchel","infinitespire:Midas Blood","hubris:AstralHammer","Simple Rune","hubris:Metronome","conspire:InfiniteJournal","ReplayTheSpireMod:SealedPack","StuffTheSpire:MayFlowers","Gremlin Horn","ReplayTheSpireMod:ShopPack"],"acts_visited":["Exordium","TheCity","TheCity"],"potions_floor_usage":[6,16,37,48],"damage_taken":[{"damage":0,"enemies":"2 Louse","floor":1,"turns":4},{"damage":0,"enemies":"Jaw Worm","floor":2,"turns":4},{"damage":0,"enemies":"Cultist","floor":5,"turns":4},{"damage":20,"enemies":"Gremlin Nob","floor":6,"turns":4},{"damage":15,"enemies":"Lagavulin","floor":8,"turns":8},{"damage":2,"enemies":"2 Fungi Beasts","floor":10,"turns":3},{"damage":0,"enemies":"3 Louse","floor":11,"turns":2},{"damage":3,"enemies":"Gremlin Gang","floor":14,"turns":3},{"damage":50,"enemies":"Fading Forest","floor":16,"turns":11},{"damage":6,"enemies":"2 Thieves","floor":18,"turns":2},{"damage":4,"enemies":"Shell Parasite","floor":19,"turns":5},{"damage":6,"enemies":"Shelled Parasite and Fungi","floor":20,"turns":5},{"damage":0,"enemies":"3 Cultists","floor":21,"turns":2},{"damage":23,"enemies":"Nightmare","floor":23,"turns":9},{"damage":0,"enemies":"Centurion and Healer","floor":24,"turns":4},{"damage":2,"enemies":"Cultist and Chosen","floor":27,"turns":6},{"damage":0,"enemies":"Chosen and Byrds","floor":29,"turns":5},{"damage":52,"enemies":"bossMod:newCollector","floor":33,"turns":7},{"damage":8,"enemies":"theFactory:4_Mini-Bots","floor":35,"turns":5},{"damage":16,"enemies":"theFactory:2_Experiment_Personnel","floor":36,"turns":4},{"damage":18,"enemies":"theFactory:DecayingSentinel","floor":37,"turns":5},{"damage":7,"enemies":"theFactory:Orbs_and_Orb_Walker","floor":38,"turns":4},{"damage":6,"enemies":"theFactory:Big_Bot_Bundle","floor":39,"turns":4},{"damage":20,"enemies":"theFactory:Manservantes","floor":40,"turns":8},{"damage":0,"enemies":"theFactory:DefectiveSentry","floor":44,"turns":2},{"damage":17,"enemies":"theFactory:Personnel_and_Big_Bot","floor":45,"turns":8},{"damage":0,"enemies":"theFactory:Orbs_and_Orb_Walker","floor":47,"turns":5},{"damage":18,"enemies":"theFactory:Personnel_and_Mini-Bots","floor":48,"turns":4},{"damage":543,"enemies":"theFactory:Guardian2","floor":50,"turns":4}],"seed_played":"-6339498667892499992","potions_obtained":[{"floor":1,"key":"blueLaboratory:RecallPotion"},{"floor":5,"key":"Fire Potion"},{"floor":6,"key":"Dexterity Potion"},{"floor":10,"key":"FearPotion"},{"floor":16,"key":"GamblersBrew"},{"floor":19,"key":"DuplicationPotion"},{"floor":22,"key":"blueLaboratory:PyrophylliteBrew"},{"floor":22,"key":"conspire:TimeTravelPotion"},{"floor":22,"key":"FairyPotion"},{"floor":37,"key":"blueLaboratory:NullPotion"},{"floor":45,"key":"AttackPotion"}],"is_trial":false,"path_per_floor":["M","M","?","T","M","E","?","E","T","M","M","R","?","M","R","B",null,"M","M","M","M","?","NM","M","?","T","M","R","M","R","T","R_BF","B",null,"M","M","M","M","M","E","?","AVR","T","M","M","$","M","M","R","B"],"character_chosen":"THE_FLORIST","items_purchased":["ReplayTheSpireMod:ShopPack"],"campfire_rested":4,"item_purchase_floors":[46],"current_hp_per_floor":[70,70,70,70,70,50,50,42,42,40,40,40,40,37,60,18,77,71,67,61,61,61,38,38,18,18,16,39,39,62,62,62,10,77,69,53,50,43,37,17,17,17,17,17,48,48,48,30,53,0,0],"gold":149,"neow_bonus":"ONE_RARE_RELIC","is_daily":false,"chose_seed":false,"campfire_upgraded":2,"win_rate":0.0,"timestamp":1609287564,"path_taken":["M","M","?","?","?","E","?","E","T","M","M","R","?","M","R","BOSS","M","M","?","?","?","NM","?","?","T","M","R","M","R","?","R_BF","BOSS","M","M","M","M","M","E","?","AVR","T","M","M","$","M","M","R","BOSS"],"items_purchased_type":["Relic"],"build_version":"2020-12-22","purchased_purges":0,"victory":false,"max_hp_per_floor":[70,70,70,70,70,70,70,77,77,77,77,77,77,77,77,77,77,77,77,77,77,77,77,77,77,77,77,77,77,77,77,77,77,77,77,77,77,77,77,77,77,77,77,77,77,77,77,77,77,77,77],"card_choices":[{"not_picked":["Agrypnos:Rose","Agrypnos:Preserve"],"picked":"Agrypnos:EntanglingVines","floor":1},{"not_picked":["Agrypnos:Rose","Agrypnos:Tumbleweed"],"picked":"Agrypnos:Shell","floor":2},{"not_picked":["Agrypnos:Poinsettia","Agrypnos:Composting"],"picked":"Agrypnos:Rose","floor":5},{"not_picked":["Agrypnos:Autumn","Agrypnos:Carnation"],"picked":"Agrypnos:Azalea","floor":6},{"not_picked":["Agrypnos:Rot","Agrypnos:Autumn"],"picked":"Agrypnos:Shell","floor":8},{"not_picked":["Agrypnos:Shell","Agrypnos:Zinnia"],"picked":"Agrypnos:Rake","floor":10},{"not_picked":["Agrypnos:Carnation","Agrypnos:ViolentBloom","Agrypnos:Composting"],"picked":"SKIP","floor":11},{"not_picked":["Agrypnos:FloralScent","Agrypnos:CombTheEarth"],"picked":"Agrypnos:Cattail","floor":14},{"not_picked":["Agrypnos:SpringArrival","Agrypnos:GhostLily"],"picked":"Agrypnos:Sunbeam","floor":16},{"not_picked":["Agrypnos:FloralScent","Agrypnos:StormShelter"],"picked":"Agrypnos:Wolfsbane","floor":18},{"not_picked":["Agrypnos:Leaf","Agrypnos:Cattail+1","Agrypnos:Rose"],"picked":"SKIP","floor":19},{"not_picked":["Agrypnos:StormShelter","Agrypnos:CombTheEarth"],"picked":"Agrypnos:Hoe","floor":20},{"not_picked":["Agrypnos:RustyShear","Agrypnos:Hoe"],"picked":"Agrypnos:Rake","floor":21},{"not_picked":["infinitespire:Execution","hubris:InfiniteBlow+22"],"picked":"infinitespire:Collect","floor":23},{"not_picked":["Agrypnos:StormShelter","Agrypnos:Poinsettia"],"picked":"Agrypnos:Watering","floor":23},{"not_picked":["Agrypnos:Hoe+1","Agrypnos:StormShelter"],"picked":"Agrypnos:Tumbleweed+1","floor":24},{"not_picked":["Agrypnos:Till","Agrypnos:Replanting"],"picked":"Agrypnos:Wolfsbane+1","floor":27},{"not_picked":["Agrypnos:Rot+1","Agrypnos:Hoe","Agrypnos:CombTheEarth"],"picked":"SKIP","floor":29},{"not_picked":["Agrypnos:Winter","Agrypnos:GeneModification"],"picked":"Agrypnos:Camellia","floor":33},{"not_picked":["Slimebound:Tackle","Slimebound:Split"],"picked":"Agrypnos:Dandelion","floor":34},{"not_picked":["Agrypnos:GhostLily","Agrypnos:Lotus"],"picked":"Agrypnos:SpringArrival","floor":34},{"not_picked":["Replay:SS_fish_3","sagemod:Perplexing_Glare"],"picked":"Jack Of All Trades","floor":34},{"not_picked":["infinitespire:SevenWalls","infinitespire:NeuralNetwork"],"picked":"infinitespire:TheBestDefense","floor":34},{"not_picked":["Agrypnos:Snapdragon","Agrypnos:Rake+1","Agrypnos:RoseGarden+1"],"picked":"SKIP","floor":35},{"not_picked":["Agrypnos:StormShelter","Agrypnos:Wolfsbane","Agrypnos:Rose"],"picked":"SKIP","floor":36},{"not_picked":["Agrypnos:Myosotis","Agrypnos:Leaf"],"picked":"Agrypnos:Shell+1","floor":37},{"not_picked":["Agrypnos:Till+1","Agrypnos:FloralScent","Agrypnos:Poinsettia"],"picked":"SKIP","floor":38},{"not_picked":["Agrypnos:Restock","Agrypnos:Wolfsbane"],"picked":"Agrypnos:Azalea+1","floor":39},{"not_picked":["Agrypnos:StormShelter","Agrypnos:Till+1","Agrypnos:Orchid"],"picked":"SKIP","floor":40},{"not_picked":["Agrypnos:Hyacinth","Agrypnos:NaturePurity","Agrypnos:Poinsettia+1"],"picked":"SKIP","floor":44},{"not_picked":["Agrypnos:Prune","Agrypnos:Cattail"],"picked":"Agrypnos:Azalea+1","floor":45},{"not_picked":["Mayhem","Violence"],"picked":"Discovery","floor":46},{"not_picked":["Replay:SS_fish_3","Mind Blast"],"picked":"Madness","floor":46},{"not_picked":["Agrypnos:Rose+1","Agrypnos:Till+1","Agrypnos:Tumbleweed+1"],"picked":"SKIP","floor":47},{"not_picked":["Agrypnos:Leaf","Agrypnos:Bramble"],"picked":"Agrypnos:Watering","floor":48}],"player_experience":821280,"relics_obtained":[{"floor":4,"key":"Winged Necklace"},{"floor":6,"key":"Replay:Arrowhead"},{"floor":8,"key":"Strawberry"},{"floor":17,"key":"infinitespire:Satchel"},{"floor":17,"key":"infinitespire:Midas Blood"},{"floor":17,"key":"hubris:AstralHammer"},{"floor":23,"key":"Simple Rune"},{"floor":26,"key":"hubris:Metronome"},{"floor":31,"key":"conspire:InfiniteJournal"},{"floor":40,"key":"StuffTheSpire:MayFlowers"},{"floor":43,"key":"Gremlin Horn"}],"event_choices":[{"damage_healed":0,"gold_gain":0,"player_choice":"Grow","damage_taken":0,"max_hp_gain":0,"max_hp_loss":0,"event_name":"Living Wall","floor":3,"gold_loss":0,"cards_upgraded":["Agrypnos:Trowel"]},{"damage_healed":0,"gold_gain":0,"player_choice":"Leave","damage_taken":0,"max_hp_gain":0,"max_hp_loss":0,"event_name":"The Cleric","floor":7,"gold_loss":0},{"damage_healed":0,"gold_gain":0,"player_choice":"Rummage","damage_taken":0,"relics_obtained":["WarpedTongs"],"max_hp_gain":0,"max_hp_loss":0,"event_name":"Accursed Blacksmith","floor":13,"gold_loss":0,"cards_obtained":["Pain"]},{"damage_healed":0,"gold_gain":0,"player_choice":"Got Potions","damage_taken":0,"max_hp_gain":0,"max_hp_loss":0,"event_name":"Lab","floor":22,"gold_loss":0},{"damage_healed":0,"gold_gain":0,"player_choice":"Ignored","damage_taken":0,"max_hp_gain":0,"max_hp_loss":0,"event_name":"NoteForYourself","floor":41,"gold_loss":0}],"is_beta":false,"boss_relics":[{"not_picked":["Pandora\u0027s Box","rorgmod:Empty Cage"],"picked":"Replay:Grab Bag"},{"not_picked":["hubris:TerracottaHorce","Replay:Fungal Core"],"picked":"Ectoplasm"},{"not_picked":["hubris:GrandSneckoEye","Replay:Bronze Core"],"picked":"hubris:VirtuousBlindfold"},{"not_picked":["Black Star","hubris:HollowSoul"],"picked":"hubris:ScarierMask"},{"not_picked":["conspire:SpecialSausage","Runic Pyramid"],"picked":"Calling Bell"},{"not_picked":["rorgmod:Black Star","Snecko Eye"],"picked":"ReplayTheSpireMod:SealedPack"}],"items_purged_floors":[],"is_endless":false,"potions_floor_spawned":[1,5,6,10,16,18,19,24,33,35,37,39,44,45],"killed_by":"theFactory:Guardian2","ascension_level":0}}