{"host":"ff0k6g9g9j8o52vm","time":1609290545,"event":{"mods":["AchievementEnabler","Aspiration","Astrologer","BaseMod","Beaked The Cultist","Better Altar","Better Note","Better Sensory Stone","Better Skull","Better Third Choice","Colored Map","Colored Powertips","Curses Come First","Downfall","Energized Spire","GifTheSpireLib","Gremlin Mod","Hermit","Highlight Path","Hubris","Infinite Spire","Jorbs\u0027s Wanderer Trilogy","Koishi","Marisa????????","Minty Spire (QoL Compilation)","Quick Restart","Random Character Button","Replay The Spire","Robot Space Explorer","Shade Mod","Somnambulant","StSLib","The Bug Knight","The Clintock","The Construct","The Cursed","The Disciple","The Dragon Tamer","The Forsaken","The Gatherer","The Hayseed","The Hierophant","The Judge","The Jungle","The Marked","The Mystic","The Necromancer","The Poker Player","The Runesmith","The Sage","The Saiyan","The Senshi","The Servant 0.9.4","The Wild Card","TheArtist","Wandering Minibosses","Yuri Mod","vexMod"],"gold_per_floor":[99,113,127,127,127,143,192,179,194,223,234,234,234,249,268,268,268],"floor_reached":16,"playtime":2368,"items_purged":[],"score":106,"play_id":"6c2d23f1-767a-4ee2-9d39-53318855eb4d","local_time":"20201229170905","is_ascension_mode":false,"campfire_choices":[{"data":"sneckomod:Unknown","floor":1,"key":"SMITH"},{"data":"sneckomod:Unknown2Cost","floor":12,"key":"SMITH"}],"circlet_count":0,"master_deck":["sneckomod:Strike","sneckomod:Strike","sneckomod:Defend","sneckomod:Defend","sneckomod:Defend","sneckomod:TailWhip","sneckomod:SnekBite","sneckomod:Unknown+1","sneckomod:Unknown+1","sneckomod:QuickMove","sneckomod:UnknownClassINFINITE_BLACK","sneckomod:CheapStock","sneckomod:WideSting","sneckomod:Unknown2Cost+1","sneckomod:DiceCrush","sneckomod:UnknownClassSLIMEBOUND","sneckomod:UnknownClassHEXA_GHOST_PURPLE","sneckomod:QuickBite"],"relics":["aspiration:Lifesprig","Bag of Preparation"],"acts_visited":["Exordium"],"potions_floor_usage":[8,8,8,11,11,15],"damage_taken":[{"damage":5,"enemies":"2 Louse","floor":2,"turns":2},{"damage":1,"enemies":"Cultist","floor":3,"turns":4},{"damage":7,"enemies":"Small Slimes","floor":6,"turns":4},{"damage":0,"enemies":"Blue Slaver","floor":8,"turns":6},{"damage":0,"enemies":"Large Slime","floor":9,"turns":6},{"damage":17,"enemies":"Gremlin Nob","floor":10,"turns":4},{"damage":7,"enemies":"Lots of Slimes","floor":11,"turns":4},{"damage":24,"enemies":"Gremlin Gang","floor":14,"turns":4},{"damage":17,"enemies":"Exordium Wildlife","floor":15,"turns":5},{"damage":33,"enemies":"downfall:Watcher","floor":16,"turns":5}],"seed_played":"-7885915490012814270","potions_obtained":[{"floor":2,"key":"SteroidPotion"},{"floor":3,"key":"sneckomod:CheatPotion"},{"floor":5,"key":"Toxic Potion"},{"floor":5,"key":"EntropicBrew"},{"floor":6,"key":"Block Potion"},{"floor":14,"key":"SkillPotion"}],"is_trial":false,"path_per_floor":["R","M","M","?","?","M","T","M","M","E","M","R","?","M","M","B"],"character_chosen":"THE_SNECKO","items_purchased":[],"campfire_rested":0,"item_purchase_floors":[],"current_hp_per_floor":[99,94,94,94,94,87,87,87,87,70,63,63,63,43,31,0,0],"gold":268,"neow_bonus":"TEN_PERCENT_HP_BONUS","is_daily":false,"chose_seed":false,"campfire_upgraded":2,"win_rate":0.0,"timestamp":1609290545,"path_taken":["R","M","M","?","?","?","T","M","M","E","M","R","?","M","M","BOSS"],"items_purchased_type":[],"build_version":"2020-12-22","purchased_purges":0,"victory":false,"max_hp_per_floor":[99,99,100,100,100,100,100,100,100,100,100,100,100,100,100,100,100],"card_choices":[{"not_picked":["sneckomod:UnknownWeak","sneckomod:UnknownClassBEAKED_YELLOW"],"picked":"sneckomod:QuickMove","floor":2},{"not_picked":["sneckomod:SoulRoll","sneckomod:UnknownClassRED"],"picked":"sneckomod:UnknownClassINFINITE_BLACK","floor":3},{"not_picked":["sneckomod:UnknownClassRUNESMITH_BEIGE","sneckomod:UnknownClassINFINITE_BLACK"],"picked":"sneckomod:CheapStock","floor":6},{"not_picked":["sneckomod:UnknownClassDT_ORANGE","sneckomod:IronFang"],"picked":"sneckomod:WideSting","floor":8},{"not_picked":["sneckomod:UnknownClassCONSTRUCTMOD","sneckomod:SnakeSap"],"picked":"sneckomod:Unknown2Cost","floor":9},{"not_picked":["sneckomod:WideSting","sneckomod:SoulRoll"],"picked":"sneckomod:DiceCrush","floor":10},{"not_picked":["sneckomod:Nope","sneckomod:UnknownClassWHITE"],"picked":"sneckomod:UnknownClassSLIMEBOUND","floor":11},{"not_picked":["sneckomod:UnknownClassCONSTRUCTMOD","sneckomod:Nope"],"picked":"sneckomod:UnknownClassHEXA_GHOST_PURPLE","floor":14},{"not_picked":["sneckomod:QuickMove","sneckomod:UnknownClassDT_ORANGE"],"picked":"sneckomod:QuickBite","floor":15}],"player_experience":912384,"relics_obtained":[{"floor":7,"key":"aspiration:Lifesprig"},{"floor":10,"key":"Bag of Preparation"}],"event_choices":[{"cards_removed":["sneckomod:Strike"],"damage_healed":0,"gold_gain":0,"player_choice":"Card Removal","damage_taken":0,"max_hp_gain":0,"max_hp_loss":0,"event_name":"The Cleric","floor":4,"gold_loss":0},{"damage_healed":0,"gold_gain":0,"player_choice":"Got Potions","damage_taken":0,"max_hp_gain":0,"max_hp_loss":0,"event_name":"Lab","floor":5,"gold_loss":0}],"is_beta":false,"boss_relics":[],"items_purged_floors":[],"is_endless":false,"potions_floor_spawned":[2,3,6,14],"killed_by":"downfall:Watcher","ascension_level":0}}