{"host":"sc0o2qwpf9j16a4i","time":1609290955,"event":{"mods":["AchievementEnabler","BaseMod","BetterRewards","Block Reminder","Colored Map","Colored Powertips","Custom Start","Highlight Path","Minty Spire (QoL Compilation)","Relic Stats"],"gold_per_floor":[168,168,182,147,167,167,193,193,193,193,193,204,204,222,222,297,297,316,167,167,167,182,182,207,30,30,41,68,68,68,68,68,68,68],"floor_reached":33,"playtime":779,"items_purged":["Pain","Strike_G+1"],"score":612,"play_id":"f6daa067-ebc1-4c6f-926f-ff156436d0a0","local_time":"20201230031555","is_ascension_mode":true,"campfire_choices":[{"data":"Dash","floor":6,"key":"SMITH"},{"floor":11,"key":"REST"},{"floor":13,"key":"REST"},{"data":"Poisoned Stab","floor":15,"key":"SMITH"},{"floor":23,"key":"REST"},{"floor":29,"key":"REST"},{"floor":32,"key":"REST"}],"circlet_count":0,"master_deck":["AscendersBane","Strike_G+1","Strike_G+1","Strike_G+1","Strike_G+1","Defend_G+1","Defend_G+1","Defend_G+1","Defend_G+1","Defend_G+1","Survivor","Neutralize+1","Backstab","Poisoned Stab+1","Dagger Throw","Dash+1","Predator","Escape Plan","Malaise","PiercingWail","Well Laid Plans","Dagger Spray","Sucker Punch+1","Catalyst","Dash","Footwork"],"relics":["Tiny House","StrikeDummy","Gremlin Horn","WarpedTongs","Fusion Hammer","Kunai","Torii","Pantograph"],"acts_visited":["Exordium","TheCity"],"potions_floor_usage":[16,16,28],"damage_taken":[{"damage":0,"enemies":"2 Louse","floor":1,"turns":3},{"damage":0,"enemies":"Small Slimes","floor":3,"turns":2},{"damage":1,"enemies":"Cultist","floor":5,"turns":3},{"damage":38,"enemies":"Gremlin Nob","floor":7,"turns":5},{"damage":0,"enemies":"Blue Slaver","floor":12,"turns":2},{"damage":0,"enemies":"Exordium Wildlife","floor":14,"turns":2},{"damage":25,"enemies":"The Guardian","floor":16,"turns":11},{"damage":8,"enemies":"3 Byrds","floor":18,"turns":6},{"damage":11,"enemies":"2 Thieves","floor":22,"turns":4},{"damage":27,"enemies":"Slavers","floor":24,"turns":7},{"damage":6,"enemies":"Snecko","floor":27,"turns":5},{"damage":0,"enemies":"Book of Stabbing","floor":28,"turns":8},{"damage":77,"enemies":"Automaton","floor":33,"turns":12}],"seed_played":"-6147942705965536242","potions_obtained":[{"floor":0,"key":"EntropicBrew"},{"floor":5,"key":"CultistPotion"},{"floor":16,"key":"Ancient Potion"},{"floor":28,"key":"SteroidPotion"}],"is_trial":false,"path_per_floor":["M","?","M","?","M","R","E","?","T","?","R","M","R","M","R","B",null,"M","$","?","?","M","R","E","$","T","M","E","R","$","?","R","B"],"character_chosen":"THE_SILENT","items_purchased":["Well Laid Plans","Catalyst"],"campfire_rested":5,"item_purchase_floors":[19,25],"current_hp_per_floor":[64,43,43,60,59,59,21,21,21,21,42,42,63,63,63,38,63,55,55,55,55,44,65,38,38,38,32,32,53,53,53,71,0,0],"gold":68,"neow_bonus":"BOSS_RELIC","is_daily":false,"chose_seed":false,"campfire_upgraded":2,"win_rate":0.0,"timestamp":1609290955,"path_taken":["M","?","M","?","M","R","E","?","T","?","R","?","R","M","R","BOSS","M","$","?","?","M","R","E","?","T","?","E","R","$","?","R","BOSS"],"items_purchased_type":["Card","Card"],"build_version":"2020-12-22","purchased_purges":2,"victory":false,"max_hp_per_floor":[71,71,71,71,71,71,71,71,71,71,71,71,71,71,71,71,71,71,71,71,71,71,71,71,71,71,71,71,71,71,71,71,71,71],"relic_stats":{"Gremlin Horn":[8,8],"Torii":0,"counters":[13,70],"Pantograph":0,"Kunai":[10],"obtain_stats":[{"Tiny House":0,"Gremlin Horn":9,"Torii":26,"Pantograph":28,"Fusion Hammer":17,"Kunai":24,"StrikeDummy":7,"Ring of the Snake":0,"WarpedTongs":10},{"Tiny House":0,"Gremlin Horn":4,"Torii":10,"Pantograph":12,"Fusion Hammer":7,"Kunai":10,"StrikeDummy":4,"Ring of the Snake":0,"WarpedTongs":4},{"Tiny House":0,"Gremlin Horn":13,"Torii":45,"Pantograph":58,"Fusion Hammer":28,"Kunai":45,"StrikeDummy":13,"Ring of the Snake":0,"WarpedTongs":13}],"WarpedTongs":[48]},"card_choices":[{"not_picked":["Outmaneuver","Endless Agony"],"picked":"Backstab","floor":0},{"not_picked":["Sucker Punch","Dodge and Roll"],"picked":"Poisoned Stab","floor":1},{"not_picked":["Slice","Underhanded Strike"],"picked":"Dagger Throw","floor":3},{"not_picked":["Deflect","Dodge and Roll"],"picked":"Dash","floor":5},{"not_picked":["Sucker Punch","Prepared"],"picked":"Predator","floor":7},{"not_picked":["Slice","All Out Attack"],"picked":"Escape Plan","floor":12},{"not_picked":["Acrobatics","Riddle With Holes","Predator"],"picked":"SKIP","floor":14},{"not_picked":["After Image","Tools of the Trade"],"picked":"Malaise","floor":16},{"not_picked":["Acrobatics","Caltrops+1"],"picked":"PiercingWail","floor":18},{"not_picked":["Cloak And Dagger","Quick Slash"],"picked":"Dagger Spray","floor":22},{"not_picked":["Dagger Spray","Cloak And Dagger"],"picked":"Sucker Punch+1","floor":24},{"not_picked":["Slice","Sucker Punch"],"picked":"Dash","floor":27},{"not_picked":["Dodge and Roll","Escape Plan"],"picked":"Footwork","floor":28}],"player_experience":430773,"relics_obtained":[{"floor":7,"key":"StrikeDummy"},{"floor":9,"key":"Gremlin Horn"},{"floor":24,"key":"Kunai"},{"floor":26,"key":"Torii"},{"floor":28,"key":"Pantograph"}],"event_choices":[{"damage_healed":0,"gold_gain":0,"player_choice":"Entered Light","damage_taken":21,"max_hp_gain":0,"max_hp_loss":0,"event_name":"Shining Light","floor":2,"gold_loss":0,"cards_upgraded":["Strike_G","Defend_G"]},{"damage_healed":17,"gold_gain":0,"player_choice":"Healed","damage_taken":0,"max_hp_gain":0,"max_hp_loss":0,"event_name":"The Cleric","floor":4,"gold_loss":35},{"damage_healed":0,"gold_gain":0,"player_choice":"Ignored","damage_taken":0,"max_hp_gain":0,"max_hp_loss":0,"event_name":"Liars Game","floor":8,"gold_loss":0},{"damage_healed":0,"gold_gain":0,"player_choice":"Rummage","damage_taken":0,"relics_obtained":["WarpedTongs"],"max_hp_gain":0,"max_hp_loss":0,"event_name":"Accursed Blacksmith","floor":10,"gold_loss":0,"cards_obtained":["Pain"]},{"damage_healed":0,"gold_gain":0,"player_choice":"Simplicity","damage_taken":0,"max_hp_gain":0,"max_hp_loss":0,"event_name":"Back to Basics","floor":20,"gold_loss":0,"cards_upgraded":["Strike_G","Strike_G","Strike_G","Strike_G","Defend_G","Defend_G","Defend_G","Defend_G"]},{"damage_healed":0,"gold_gain":0,"player_choice":"Ignored","damage_taken":0,"max_hp_gain":0,"max_hp_loss":0,"event_name":"The Mausoleum","floor":21,"gold_loss":0}],"is_beta":false,"boss_relics":[{"not_picked":["Runic Dome","SacredBark"],"picked":"Fusion Hammer"}],"items_purged_floors":[19,25],"is_endless":false,"potions_floor_spawned":[5,16,24,28],"killed_by":"Automaton","ascension_level":20}}