{"host":"Alvar","time":1609350237,"event":{"mods":["AchievementEnabler","Aspiration","BaseMod","Minty Spire (QoL Compilation)","StSLib"],"gold_per_floor":[111,128,128,147,63,63,98,98,146,146,178,190,212,237,249,261,261],"floor_reached":16,"playtime":405,"items_purged":[],"score":215,"play_id":"52eff255-22b1-4df1-a7cf-f37f7b219e40","local_time":"20201231004357","is_ascension_mode":true,"campfire_choices":[{"data":"Eviscerate","floor":6,"key":"SMITH"},{"floor":8,"key":"REST"},{"floor":12,"key":"REST"},{"floor":15,"key":"REST"}],"circlet_count":0,"master_deck":["AscendersBane","Strike_G","Strike_G","Strike_G","Strike_G","Strike_G","Defend_G","Defend_G","Defend_G","Defend_G","Defend_G","Survivor","Neutralize","Eviscerate+1","Crippling Poison","PiercingWail","Masterful Stab","Injury","Dash","Dodge and Roll+1"],"relics":["Ring of the Snake","aspiration:Nostalgia","PureWater","Calipers","Boot","Toxic Egg 2","MawBank"],"acts_visited":["Exordium"],"potions_floor_usage":[7,11],"damage_taken":[{"damage":4,"enemies":"Small Slimes","floor":1,"turns":3},{"damage":1,"enemies":"Jaw Worm","floor":2,"turns":5},{"damage":4,"enemies":"Cultist","floor":4,"turns":3},{"damage":26,"enemies":"Gremlin Nob","floor":7,"turns":4},{"damage":38,"enemies":"Lagavulin","floor":11,"turns":9},{"damage":1,"enemies":"Blue Slaver","floor":13,"turns":3},{"damage":11,"enemies":"Looter","floor":14,"turns":3},{"damage":0,"enemies":"The Guardian","floor":16,"turns":1}],"seed_played":"-4697459671537276978","potions_obtained":[{"floor":4,"key":"Strength Potion"},{"floor":13,"key":"BlessingOfTheForge"},{"floor":14,"key":"SpeedPotion"}],"is_trial":false,"path_per_floor":["M","M","?","M","$","R","E","R","T","?","E","R","M","M","R","B"],"character_chosen":"THE_SILENT","items_purchased":["DistilledChaos"],"campfire_rested":3,"item_purchase_floors":[5],"current_hp_per_floor":[55,54,59,55,55,55,29,50,50,50,12,33,32,21,42,42,42],"gold":261,"neow_bonus":"NOSTALGIA","is_daily":false,"chose_seed":false,"campfire_upgraded":1,"win_rate":0.0,"timestamp":1609350237,"path_taken":["M","M","?","M","$","R","E","R","T","?","E","R","M","M","R","BOSS"],"items_purchased_type":["Potion"],"build_version":"2020-12-18","purchased_purges":0,"victory":false,"max_hp_per_floor":[66,66,71,71,71,71,71,71,71,71,71,71,71,71,71,71,71],"card_choices":[{"not_picked":["Underhanded Strike","Backflip"],"picked":"Eviscerate","floor":1},{"not_picked":["Sucker Punch","Underhanded Strike"],"picked":"Crippling Poison","floor":2},{"not_picked":["Cloak And Dagger","Outmaneuver"],"picked":"PiercingWail","floor":4},{"not_picked":["Well Laid Plans","Underhanded Strike"],"picked":"Masterful Stab","floor":7},{"not_picked":["Sucker Punch","Deadly Poison+1"],"picked":"Dash","floor":11},{"not_picked":["Concentrate+1","Blade Dance+1","Cloak And Dagger+1"],"picked":"SKIP","floor":13},{"not_picked":["Setup+1","PiercingWail+1"],"picked":"Dodge and Roll+1","floor":14}],"player_experience":757147,"relics_obtained":[{"floor":7,"key":"Calipers"},{"floor":9,"key":"Boot"},{"floor":11,"key":"MawBank"}],"event_choices":[{"damage_healed":0,"gold_gain":0,"player_choice":"Donut","damage_taken":0,"max_hp_gain":5,"max_hp_loss":0,"event_name":"Big Fish","floor":3,"gold_loss":0}],"is_beta":true,"boss_relics":[],"items_purged_floors":[],"is_endless":false,"potions_floor_spawned":[4,13,14],"killed_by":"The Guardian","ascension_level":19}}