{"host":"n3vqtvx9hbigdfc4","time":1609310106,"event":{"mods":["AchievementEnabler","BaseMod","Better Third Choice","Block Reminder","Colored Map","Colored Powertips","Downfall","Minty Spire (QoL Compilation)","Permanent Neow","Rare Cards Sparkle","Relic Stats","Replay The Spire","Shop Mod","StSLib"],"gold_per_floor":[119,119,137,23,43,68,68,97,120,160,188,213,213,240,240,351,451,454,489,489,522,544,566,566],"floor_reached":23,"playtime":1433,"items_purged":["Strike_R"],"score":348,"play_id":"2b9f1d23-b6a3-4ba1-beed-cdd8e7ae9c05","local_time":"20201230003506","is_ascension_mode":true,"campfire_choices":[{"data":"Metallicize","floor":7.0,"key":"SMITH"},{"data":"Flame Barrier","floor":15.0,"key":"SMITH"}],"circlet_count":0,"master_deck":["AscendersBane","Defend_R","Defend_R","Defend_R","Defend_R","Bash+1","Cleave+1","Pommel Strike","Metallicize+1","Cleave","Hemogenesis","Flame Barrier+1","Thunderclap","Shrug It Off","Flex","Burn","ReplayTheSpireMod:Strike From Hell","Offering","Power Through","Pommel Strike","Bite","Bite","Bite","Bite","Bite","Ghostly Armor","True Grit"],"relics":["Burning Blood","Art of War","Replay:Bandana","Strawberry","Toy Ornithopter","Replay:Wanted Poster"],"acts_visited":["Exordium","TheCity"],"potions_floor_usage":[16,18],"damage_taken":[{"damage":18.0,"enemies":"Small Slimes","floor":1.0,"turns":6.0},{"damage":1.0,"enemies":"Cultist","floor":3.0,"turns":3.0},{"damage":2.0,"enemies":"Jaw Worm","floor":5.0,"turns":4.0},{"damage":19.0,"enemies":"Lagavulin","floor":6.0,"turns":7.0},{"damage":19.0,"enemies":"3 Sentries","floor":8.0,"turns":6.0},{"damage":51.0,"enemies":"Gremlin Nob","floor":10.0,"turns":6.0},{"damage":7.0,"enemies":"Large Slime","floor":11.0,"turns":5.0},{"damage":24.0,"enemies":"Exordium Thugs","floor":12.0,"turns":7.0},{"damage":13.0,"enemies":"Looter","floor":14.0,"turns":4.0},{"damage":26,"enemies":"The Guardian","floor":16,"turns":9},{"damage":13,"enemies":"2 Thieves","floor":18,"turns":4},{"damage":32,"enemies":"Spheric Guardian","floor":19,"turns":4},{"damage":31,"enemies":"Snecko","floor":21,"turns":5},{"damage":33,"enemies":"Snake Plant","floor":22,"turns":6},{"damage":47,"enemies":"Gremlin Leader","floor":23,"turns":5}],"seed_played":"-2999291803166362971","potions_obtained":[{"floor":1.0,"key":"AttackPotion"},{"floor":10.0,"key":"BloodPotion"},{"floor":11.0,"key":"Weak Potion"},{"floor":14.0,"key":"PowerPotion"},{"floor":16,"key":"SkillPotion"},{"floor":18,"key":"Energy Potion"},{"floor":22,"key":"Dexterity Potion"}],"is_trial":false,"path_per_floor":["M","?","M","$","M","E","R","E","T","E","M","M","?","M","R","B",null,"M","M","?","M","M","E"],"character_chosen":"IRONCLAD","items_purchased":["Metallicize"],"campfire_rested":0,"item_purchase_floors":[4],"current_hp_per_floor":[60,60,65,65,69,56,56,48,55,15,41,33,33,31,31,21,71,74,53,53,39,31,0,0],"gold":566,"neow_bonus":"UPGRADE_CARD","is_daily":false,"chose_seed":false,"campfire_upgraded":2,"win_rate":0.0,"timestamp":1609310106,"path_taken":["M","?","M","?","M","E","R","E","T","E","M","M","?","M","R","BOSS","M","M","?","M","M","E"],"items_purchased_type":["Card"],"build_version":"2020-12-22","purchased_purges":1,"victory":false,"max_hp_per_floor":[80,80,80,80,80,80,80,80,87,87,87,87,87,87,87,87,87,87,87,60,60,60,60,60],"relic_stats":{"counters":[15,81],"Art of War":[4],"obtain_stats":[{"Replay:Wanted Poster":17,"Replay:Bandana":8,"Strawberry":9,"Art of War":6,"Burning Blood":0,"Toy Ornithopter":10},{"Replay:Wanted Poster":10,"Replay:Bandana":5,"Strawberry":5,"Art of War":4,"Burning Blood":0,"Toy Ornithopter":6},{"Replay:Wanted Poster":57,"Replay:Bandana":26,"Strawberry":26,"Art of War":20,"Burning Blood":0,"Toy Ornithopter":32}],"Burning Blood":84,"Toy Ornithopter":20},"card_choices":[{"not_picked":["Pummel","Hemokinesis"],"picked":"Cleave","floor":1.0},{"not_picked":["Wild Strike","Replay:Undeath\u0027s Touch"],"picked":"Pommel Strike","floor":3.0},{"not_picked":["Sever Soul","Shrug It Off"],"picked":"Cleave","floor":5.0},{"not_picked":["Ghostly Armor","Eclipse"],"picked":"Hemogenesis","floor":6.0},{"not_picked":["Wild Strike","Armaments"],"picked":"Flame Barrier","floor":8.0},{"not_picked":["Pummel","Dual Wield"],"picked":"Thunderclap","floor":10.0},{"not_picked":["Wild Strike","Power Through"],"picked":"Shrug It Off","floor":11.0},{"not_picked":["Wild Strike","Dual Wield"],"picked":"Flex","floor":12.0},{"not_picked":["Havoc","Twin Strike"],"picked":"ReplayTheSpireMod:Strike From Hell","floor":14.0},{"not_picked":["Demonic Infusion","Replay:Many Hands"],"picked":"Offering","floor":16},{"not_picked":["ReplayTheSpireMod:Strike From Hell","Havoc"],"picked":"Power Through","floor":18},{"not_picked":["Sword Boomerang","Flex"],"picked":"Pommel Strike","floor":19},{"not_picked":["Heavy Blade","Replay:Undeath\u0027s Touch+1"],"picked":"Ghostly Armor","floor":21},{"not_picked":["Replay:Undeath\u0027s Touch+1","Power Through"],"picked":"True Grit","floor":22}],"player_experience":482403,"relics_obtained":[{"floor":6.0,"key":"Art of War"},{"floor":8.0,"key":"Replay:Bandana"},{"floor":9.0,"key":"Strawberry"},{"floor":10.0,"key":"Toy Ornithopter"}],"event_choices":[{"damage_healed":0.0,"max_hp_gain":0.0,"max_hp_loss":0.0,"gold_gain":0.0,"event_name":"Upgrade Shrine","player_choice":"Upgraded","floor":2.0,"gold_loss":0.0,"damage_taken":0.0,"cards_upgraded":["Cleave"]},{"damage_healed":33.0,"max_hp_gain":0.0,"max_hp_loss":87.0,"gold_gain":0.0,"event_name":"betterThird:BetterShining","player_choice":"Embrace Burn","floor":13.0,"gold_loss":0.0,"damage_taken":0.0},{"damage_healed":0,"gold_gain":0,"player_choice":"Became a vampire","damage_taken":0,"max_hp_gain":0,"max_hp_loss":27,"event_name":"Vampires","floor":20,"gold_loss":0,"cards_obtained":["Bite","Bite","Bite","Bite","Bite"]}],"is_beta":false,"boss_relics":[{"not_picked":["Empty Cage","Fusion Hammer"],"picked":"Replay:Wanted Poster"}],"items_purged_floors":[4],"is_endless":false,"potions_floor_spawned":[1,10,11,14,16,18,22],"killed_by":"Gremlin Leader","ascension_level":10}}