{"host":"nz3b9aqbmxhcwgr9","time":1609351797,"event":{"mods":["BaseMod","Minty Spire (QoL Compilation)","Quick Restart","Relic Stats","StSLib","Waifu the Spire"],"gold_per_floor":[110,29,204,218,218,218,117,117,117,117,137,137,155,169,169,267,267,207,207,207,207,207,207,207,117,117,117,117,117,117,117,117,117,117,117,0,0,0,0,0,0],"floor_reached":40,"playtime":1148,"items_purged":["Doubt"],"score":413,"play_id":"90db6faf-f452-4ed1-a004-d7f05b679c93","local_time":"20201230120957","is_ascension_mode":false,"campfire_choices":[{"data":"Loop","floor":6,"key":"SMITH"},{"data":"Coolheaded","floor":12,"key":"SMITH"},{"data":"Beam Cell","floor":15,"key":"SMITH"},{"data":"Gash","floor":23,"key":"SMITH"},{"data":"White Noise","floor":27,"key":"SMITH"},{"data":"Capacitor","floor":29,"key":"SMITH"},{"data":"Echo Form","floor":32,"key":"SMITH"}],"circlet_count":0,"master_deck":["Strike_B","Strike_B","Strike_B","Defend_B","Defend_B","Defend_B+1","Zap+1","Dualcast+1","Beam Cell+1","Self Repair","Loop+1","Coolheaded+1","Gash+1","Leap","Echo Form+1","White Noise+1","Sweeping Beam+1","Capacitor+1","Cold Snap","Electrodynamics","Ball Lightning","Chill+1","Ball Lightning+1"],"relics":["Cracked Core","NeowsBlessing","Mummified Hand","Juzu Bracelet","Ectoplasm","StrikeDummy","MealTicket","Torii","MutagenicStrength","Runic Pyramid","Red Mask","Emotion Chip","Turnip"],"acts_visited":["Exordium","TheCity","TheBeyond"],"potions_floor_usage":[33,39,40],"damage_taken":[{"damage":0,"enemies":"Jaw Worm","floor":1,"turns":1},{"damage":0,"enemies":"2 Louse","floor":4,"turns":1},{"damage":0,"enemies":"Small Slimes","floor":11,"turns":1},{"damage":6,"enemies":"2 Fungi Beasts","floor":13,"turns":2},{"damage":11,"enemies":"Lots of Slimes","floor":14,"turns":3},{"damage":9,"enemies":"Hexaghost","floor":16,"turns":11},{"damage":10,"enemies":"2 Thieves","floor":18,"turns":4},{"damage":18,"enemies":"Chosen","floor":19,"turns":6},{"damage":2,"enemies":"Book of Stabbing","floor":28,"turns":5},{"damage":18,"enemies":"Sentry and Sphere","floor":31,"turns":4},{"damage":45,"enemies":"Automaton","floor":33,"turns":11},{"damage":17,"enemies":"Orb Walker","floor":35,"turns":3},{"damage":55,"enemies":"2 Orb Walkers","floor":38,"turns":5},{"damage":23,"enemies":"Mind Bloom Boss Battle","floor":39,"turns":5},{"damage":35,"enemies":"Reptomancer","floor":40,"turns":2}],"seed_played":"531217158191899816","potions_obtained":[{"floor":1,"key":"Fruit Juice"},{"floor":18,"key":"FearPotion"},{"floor":31,"key":"Fruit Juice"},{"floor":33,"key":"FocusPotion"},{"floor":39,"key":"Dexterity Potion"}],"is_trial":false,"path_per_floor":["M","$","?","M","?","R","$","?","T","?","M","R","M","M","R","B",null,"M","M","?","?","$","R","?","?","T","R","E","R","?","M","R","B",null,"M","?","$","?","?","E"],"character_chosen":"DEFECT","items_purchased":["Self Repair","Coolheaded"],"campfire_rested":0,"item_purchase_floors":[2,7],"current_hp_per_floor":[75,75,75,75,72,72,72,65,65,50,50,50,44,40,40,38,75,72,68,68,54,54,54,54,54,54,54,59,59,59,48,48,15,85,75,75,85,37,33,0,0],"gold":0,"neow_bonus":"THREE_ENEMY_KILL","is_daily":false,"chose_seed":false,"campfire_upgraded":7,"win_rate":0.0,"timestamp":1609351797,"path_taken":["M","$","?","M","?","R","?","?","T","?","M","R","M","M","R","BOSS","M","M","?","?","$","R","?","?","T","R","E","R","?","M","R","BOSS","M","?","$","?","?","E"],"items_purchased_type":["Card","Card"],"build_version":"2020-12-22","purchased_purges":1,"victory":false,"max_hp_per_floor":[75,75,75,75,75,75,75,75,75,75,75,75,75,75,75,75,75,75,75,75,80,80,80,80,80,80,80,80,80,80,80,80,85,85,85,85,85,85,90,90,90],"relic_stats":{"Emotion Chip":[4,3,1,0,0],"Torii":8,"counters":[15,62],"Mummified Hand":[46],"MealTicket":10,"Ectoplasm":346,"Turnip":[0],"Juzu Bracelet":2,"obtain_stats":[{"NeowsBlessing":0,"Torii":28,"Juzu Bracelet":9,"Emotion Chip":38,"Mummified Hand":5,"MutagenicStrength":30,"MealTicket":26,"Ectoplasm":17,"Turnip":39,"Red Mask":36,"Cracked Core":0,"StrikeDummy":20,"Runic Pyramid":34},{"NeowsBlessing":0,"Torii":9,"Juzu Bracelet":2,"Emotion Chip":13,"Mummified Hand":2,"MutagenicStrength":9,"MealTicket":8,"Ectoplasm":6,"Turnip":14,"Red Mask":12,"Cracked Core":0,"StrikeDummy":8,"Runic Pyramid":11},{"NeowsBlessing":0,"Torii":33,"Juzu Bracelet":2,"Emotion Chip":55,"Mummified Hand":2,"MutagenicStrength":33,"MealTicket":29,"Ectoplasm":19,"Turnip":60,"Red Mask":51,"Cracked Core":0,"StrikeDummy":29,"Runic Pyramid":48}]},"card_choices":[{"not_picked":["Consume","Rip and Tear"],"picked":"Beam Cell","floor":1},{"not_picked":["Aggregate","Storm"],"picked":"Loop","floor":4},{"not_picked":["Streamline","Leap"],"picked":"Rebound","floor":11},{"not_picked":["Hologram","Rebound"],"picked":"Gash","floor":13},{"not_picked":["Tempest","Beam Cell"],"picked":"Leap","floor":14},{"not_picked":["Reboot","Fission"],"picked":"Echo Form","floor":16},{"not_picked":["Rebound","Steam Power+1"],"picked":"White Noise","floor":18},{"not_picked":["Hologram","Gash"],"picked":"Sweeping Beam+1","floor":19},{"not_picked":["Turbo","Go for the Eyes"],"picked":"Capacitor","floor":28},{"not_picked":["Hologram","Sunder"],"picked":"Cold Snap","floor":31},{"not_picked":["Rainbow","Machine Learning"],"picked":"Electrodynamics","floor":33},{"not_picked":["Streamline+1","Storm"],"picked":"Ball Lightning","floor":35},{"not_picked":["Rebound+1","Go for the Eyes"],"picked":"Chill+1","floor":38},{"not_picked":["Fusion+1","Rebound"],"picked":"Ball Lightning+1","floor":39}],"player_experience":824827,"relics_obtained":[{"floor":9,"key":"Juzu Bracelet"},{"floor":26,"key":"MealTicket"},{"floor":28,"key":"Torii"},{"floor":38,"key":"Emotion Chip"},{"floor":39,"key":"Turnip"}],"event_choices":[{"damage_healed":0,"gold_gain":175,"player_choice":"AGREE","damage_taken":0,"max_hp_gain":0,"max_hp_loss":0,"event_name":"Liars Game","floor":3,"gold_loss":0,"cards_obtained":["Doubt"]},{"damage_healed":0,"gold_gain":0,"player_choice":"Success","damage_taken":3,"relics_obtained":["Mummified Hand"],"max_hp_gain":0,"max_hp_loss":0,"event_name":"Scrap Ooze","floor":5,"gold_loss":0},{"cards_removed":["Strike_B"],"damage_healed":0,"gold_gain":0,"player_choice":"Card Removal","damage_taken":7,"max_hp_gain":0,"max_hp_loss":0,"event_name":"Golden Wing","floor":8,"gold_loss":0},{"damage_healed":0,"gold_gain":0,"player_choice":"Entered Light","damage_taken":15,"max_hp_gain":0,"max_hp_loss":0,"event_name":"Shining Light","floor":10,"gold_loss":0,"cards_upgraded":["Dualcast","Defend_B"]},{"cards_removed":["Rebound"],"damage_healed":0,"gold_gain":0,"player_choice":"Gave Card","damage_taken":0,"relics_obtained":["StrikeDummy"],"max_hp_gain":0,"max_hp_loss":0,"event_name":"WeMeetAgain","floor":20,"gold_loss":0},{"damage_healed":0,"gold_gain":0,"player_choice":"Shed Blood","damage_taken":19,"max_hp_gain":5,"max_hp_loss":0,"event_name":"Forgotten Altar","floor":21,"gold_loss":0},{"damage_healed":0,"gold_gain":0,"player_choice":"Ignored","damage_taken":0,"max_hp_gain":0,"max_hp_loss":0,"event_name":"Vampires","floor":24,"gold_loss":0},{"cards_removed":["Defend_B"],"damage_healed":0,"gold_gain":0,"player_choice":"Upgrade and Remove","damage_taken":0,"max_hp_gain":0,"max_hp_loss":0,"event_name":"Designer","floor":25,"gold_loss":90,"cards_upgraded":["Zap"]},{"damage_healed":0,"gold_gain":0,"player_choice":"Inject Mutagens","damage_taken":0,"relics_obtained":["MutagenicStrength"],"max_hp_gain":0,"max_hp_loss":0,"event_name":"Drug Dealer","floor":30,"gold_loss":0},{"damage_healed":0,"gold_gain":0,"player_choice":"Paid","damage_taken":0,"relics_obtained":["Red Mask"],"max_hp_gain":0,"max_hp_loss":0,"event_name":"Tomb of Lord Red Mask","floor":36,"gold_loss":117},{"damage_healed":0,"gold_gain":0,"player_choice":"Fight","damage_taken":0,"max_hp_gain":0,"max_hp_loss":0,"event_name":"Mysterious Sphere","floor":38,"gold_loss":0},{"damage_healed":0,"gold_gain":0,"player_choice":"Fight","damage_taken":0,"max_hp_gain":0,"max_hp_loss":0,"event_name":"MindBloom","floor":39,"gold_loss":0}],"is_beta":false,"boss_relics":[{"not_picked":["Black Star","Runic Dome"],"picked":"Ectoplasm"},{"not_picked":["SacredBark","FrozenCore"],"picked":"Runic Pyramid"}],"items_purged_floors":[7],"is_endless":false,"potions_floor_spawned":[1,18,31,33,38,39],"killed_by":"Reptomancer","ascension_level":0}}