{"host":"k7udt7atmcuzf6l0","time":1609301138,"event":{"mods":["AchievementEnabler","BaseMod","Colored Map","Colored Powertips","Highlight Path","Minty Spire (QoL Compilation)","Quick Restart","Rare Cards Sparkle","StSLib","UnlockEverythingMod"],"gold_per_floor":[361,104,104,104,120,120,131,131,182,357,357,372,405,423,423,518,518,538,558,473,264,264,264,282,301,354,354,354,370,370,382,382,481,481,496,496,508,522,206,206,219,236,236,236,236,269,269,304,304,304],"floor_reached":51,"playtime":1483,"items_purged":["Regret","Doubt"],"score":782,"play_id":"43835e42-e8d6-4afd-9feb-40999fb8c9f9","local_time":"20201230120538","is_ascension_mode":false,"campfire_choices":[{"data":"Flex","floor":6.0,"key":"SMITH"},{"data":"Pommel Strike","floor":8.0,"key":"SMITH"},{"data":"Bash","floor":11.0,"key":"SMITH"},{"data":"Dual Wield","floor":15.0,"key":"SMITH"},{"data":"Enlightenment","floor":23.0,"key":"SMITH"},{"data":"Armaments","floor":27.0,"key":"SMITH"},{"data":"Limit Break","floor":30.0,"key":"SMITH"},{"data":"Demon Form","floor":32.0,"key":"SMITH"},{"data":"Shockwave","floor":40.0,"key":"SMITH"},{"floor":45.0,"key":"REST"},{"floor":49.0,"key":"REST"}],"circlet_count":0,"master_deck":["Strike_R","Strike_R","Strike_R","Strike_R","Defend_R+1","Defend_R+1","Defend_R+1","Bash+1","Flex+1","Rage+1","Headbutt","Pommel Strike+1","Sword Boomerang","Whirlwind","Dual Wield+1","Demon Form+1","Thunderclap+1","Enlightenment+1","Armaments+1","Bloodletting+1","Limit Break+1","Seeing Red","Twin Strike+1","Brutality","Warcry+1","Discovery","Clash","Hemokinesis+1","Shockwave+1","Limit Break","Limit Break+1","Rupture+1","Sword Boomerang+1"],"relics":["Burning Blood","Vajra","Lantern","Centennial Puzzle","Sozu","War Paint","Regal Pillow","Empty Cage","Ornamental Fan","Singing Bowl","HornCleat","Sundial","Dream Catcher"],"acts_visited":["Exordium","TheCity","TheBeyond"],"potions_floor_usage":[],"damage_taken":[{"damage":5.0,"enemies":"2 Louse","floor":1.0,"turns":4.0},{"damage":0.0,"enemies":"Small Slimes","floor":5.0,"turns":2.0},{"damage":0.0,"enemies":"Jaw Worm","floor":7.0,"turns":2.0},{"damage":0.0,"enemies":"3 Louse","floor":12.0,"turns":2.0},{"damage":6.0,"enemies":"Lagavulin","floor":13.0,"turns":3.0},{"damage":17.0,"enemies":"Large Slime","floor":14.0,"turns":4.0},{"damage":32.0,"enemies":"Slime Boss","floor":16.0,"turns":8.0},{"damage":2.0,"enemies":"Chosen","floor":18.0,"turns":4.0},{"damage":5.0,"enemies":"Shell Parasite","floor":19.0,"turns":3.0},{"damage":20.0,"enemies":"Snake Plant","floor":24.0,"turns":4.0},{"damage":16.0,"enemies":"Cultist and Chosen","floor":25.0,"turns":5.0},{"damage":15.0,"enemies":"Snecko","floor":29.0,"turns":3.0},{"damage":0.0,"enemies":"3 Cultists","floor":31.0,"turns":2.0},{"damage":51.0,"enemies":"Automaton","floor":33.0,"turns":6.0},{"damage":12.0,"enemies":"Orb Walker","floor":35.0,"turns":3.0},{"damage":25.0,"enemies":"3 Darklings","floor":37.0,"turns":4.0},{"damage":16.0,"enemies":"Spire Growth","floor":38.0,"turns":4.0},{"damage":4.0,"enemies":"Transient","floor":41.0,"turns":5.0},{"damage":24.0,"enemies":"3 Darklings","floor":42.0,"turns":4.0},{"damage":18.0,"enemies":"Nemesis","floor":46.0,"turns":5.0},{"damage":6.0,"enemies":"Giant Head","floor":48.0,"turns":5.0},{"damage":57,"enemies":"Time Eater","floor":50,"turns":8}],"seed_played":"-5164482689689330181","potions_obtained":[{"floor":7.0,"key":"SpeedPotion"},{"floor":12.0,"key":"SkillPotion"},{"floor":16.0,"key":"Block Potion"}],"is_trial":false,"path_per_floor":["M","$","?","?","M","R","M","R","T","?","R","M","E","M","R","B",null,"M","M","?","$","?","R","M","M","T","R","?","M","R","M","R","B",null,"M","?","M","M","$","R","M","M","T","T","R","E","?","E","R","B",null],"character_chosen":"IRONCLAD","items_purchased":["Vajra","Rage","Enlightenment","Armaments","Ornamental Fan","Shockwave"],"campfire_rested":2,"item_purchase_floors":[2,2,21,21,39,39],"current_hp_per_floor":[80,80,85,68,74,74,80,80,80,80,80,85,85,74,74,48,85,85,85,85,85,85,85,71,61,61,61,61,52,52,58,58,13,85,79,79,60,50,50,50,52,34,34,34,74,64,64,64,87,36],"gold":304,"neow_bonus":"TWO_FIFTY_GOLD","is_daily":false,"chose_seed":false,"campfire_upgraded":9,"win_rate":0.0,"timestamp":1609301138,"path_taken":["M","$","?","?","M","R","M","R","T","?","R","M","E","M","R","BOSS","M","M","?","$","?","R","M","M","T","R","?","M","R","M","R","BOSS","M","?","M","M","$","R","M","M","T","?","R","E","?","E","R","BOSS"],"items_purchased_type":["Relic","Card","Card","Card","Relic","Card"],"build_version":"2020-12-22","purchased_purges":2,"victory":true,"max_hp_per_floor":[80,80,85,85,85,85,85,85,85,85,85,85,85,85,85,85,85,85,85,85,85,85,85,85,85,85,85,85,85,85,85,85,85,85,85,85,85,85,85,85,85,85,85,85,85,87,87,87,87,87],"card_choices":[{"not_picked":["Dark Embrace","Headbutt"],"picked":"Flex","floor":1.0},{"not_picked":["Clash","Warcry"],"picked":"Headbutt","floor":5.0},{"not_picked":["Carnage","Havoc"],"picked":"Pommel Strike","floor":7.0},{"not_picked":["Thunderclap","Feel No Pain"],"picked":"Sword Boomerang","floor":12.0},{"not_picked":["Second Wind","Iron Wave"],"picked":"Whirlwind","floor":13.0},{"not_picked":["Warcry","Anger"],"picked":"Dual Wield","floor":14.0},{"not_picked":["Fiend Fire","Brutality"],"picked":"Demon Form","floor":16.0},{"not_picked":["Havoc","Headbutt","Flex"],"picked":"SKIP","floor":18.0},{"not_picked":["Blood for Blood","Headbutt"],"picked":"Thunderclap+1","floor":19.0},{"not_picked":["Inflame","Rupture"],"picked":"Bloodletting+1","floor":24.0},{"not_picked":["Dark Embrace","Sword Boomerang","Shrug It Off"],"picked":"SKIP","floor":25.0},{"not_picked":["Body Slam","Heavy Blade"],"picked":"Seeing Red","floor":29.0},{"not_picked":["Dual Wield","Second Wind+1"],"picked":"Twin Strike+1","floor":31.0},{"not_picked":["Juggernaut","Barricade"],"picked":"Brutality","floor":33.0},{"not_picked":["Cleave","Anger+1"],"picked":"Warcry+1","floor":35.0},{"not_picked":["Swift Strike","Trip"],"picked":"Discovery","floor":36.0},{"not_picked":["Iron Wave","Juggernaut"],"picked":"Clash","floor":37.0},{"not_picked":["Dropkick","Metallicize+1"],"picked":"Hemokinesis+1","floor":38.0},{"not_picked":["Intimidate","Iron Wave","Anger+1"],"picked":"SKIP","floor":41.0},{"not_picked":["Armaments","Rampage+1"],"picked":"Limit Break","floor":42.0},{"not_picked":["Spot Weakness","Power Through","Ghostly Armor+1"],"picked":"Singing Bowl","floor":46.0},{"not_picked":["Shrug It Off","Iron Wave"],"picked":"Rupture+1","floor":48.0},{"not_picked":["Flex","Heavy Blade"],"picked":"Sword Boomerang+1","floor":49.0}],"player_experience":24044,"relics_obtained":[{"floor":9.0,"key":"Lantern"},{"floor":13.0,"key":"Centennial Puzzle"},{"floor":26.0,"key":"Regal Pillow"},{"floor":43.0,"key":"Singing Bowl"},{"floor":44.0,"key":"HornCleat"},{"floor":46.0,"key":"Sundial"},{"floor":48.0,"key":"Dream Catcher"}],"event_choices":[{"damage_healed":0.0,"max_hp_gain":5.0,"max_hp_loss":0.0,"gold_gain":0.0,"event_name":"Big Fish","player_choice":"Donut","floor":3.0,"gold_loss":0.0,"damage_taken":0.0},{"damage_healed":0.0,"max_hp_gain":0.0,"max_hp_loss":0.0,"gold_gain":0.0,"event_name":"Shining Light","player_choice":"Entered Light","floor":4.0,"gold_loss":0.0,"damage_taken":17.0,"cards_upgraded":["Rage","Defend_R"]},{"damage_healed":0.0,"max_hp_gain":0.0,"max_hp_loss":0.0,"gold_gain":175.0,"event_name":"Liars Game","player_choice":"AGREE","floor":10.0,"gold_loss":0.0,"damage_taken":0.0,"cards_obtained":["Doubt"]},{"damage_healed":0.0,"max_hp_gain":0.0,"max_hp_loss":0.0,"gold_gain":0.0,"event_name":"Addict","player_choice":"Obtained Relic","floor":20.0,"gold_loss":85.0,"damage_taken":0.0,"relics_obtained":["War Paint"]},{"damage_healed":0.0,"max_hp_gain":0.0,"max_hp_loss":0.0,"gold_gain":0.0,"event_name":"Ghosts","player_choice":"Ignored","floor":22.0,"gold_loss":0.0,"damage_taken":0.0},{"damage_healed":0.0,"max_hp_gain":0.0,"max_hp_loss":0.0,"gold_gain":0.0,"event_name":"The Library","player_choice":"Read","floor":28.0,"gold_loss":0.0,"damage_taken":0.0,"cards_obtained":["Limit Break"]},{"damage_healed":0.0,"max_hp_gain":0.0,"max_hp_loss":0.0,"gold_gain":0.0,"event_name":"SensoryStone","player_choice":"Memory 1","floor":36.0,"gold_loss":0.0,"damage_taken":0.0},{"damage_healed":0.0,"max_hp_gain":0.0,"max_hp_loss":0.0,"gold_gain":0.0,"event_name":"Duplicator","player_choice":"Copied","floor":47.0,"gold_loss":0.0,"damage_taken":0.0,"cards_obtained":["Limit Break"]}],"is_beta":false,"boss_relics":[{"not_picked":["Mark of Pain","Black Blood"],"picked":"Sozu"},{"not_picked":["Snecko Eye","Velvet Choker"],"picked":"Empty Cage"}],"items_purged_floors":[2,21],"is_endless":false,"potions_floor_spawned":[7,12,16,19,24,31,35,38,46,48],"ascension_level":0}}