{"host":"df9o10zwd5ba1nc2","time":1608433275,"event":{"mods":["Aspiration","Bard","BaseMod","Beaked The Cultist","Better Altar","Better Match","Better Note","Better Sensory Stone","Better Skull","Better Third Choice","BetterRewards","CCEM","Clawfect","Colored Map","Conspire","Downfall","GifTheSpireLib","Googly Eyes","Halation","Hermit","Highlight Path","Hubris","Hunter ??","Infinite Spire","Jedi Mod","Jorbs\u0027s Wanderer Trilogy","Mad Scientist","Marisa????????","Minty Spire (QoL Compilation)","Permanent Neow","Replay The Spire","Shade Mod","Shop Mod","Spicy Shops","StSLib","Stuff the Spire","The Administrix","The Animator","The Blackbeard","The Construct","The Cursed","The Disciple","The Gatherer","The Hierophant","The Mystic","The Necromancer","The Problem Sleuth","The Servant 0.9.4","The Spell Scribe","The Witch","Unceasing Turn Reminder","everything is the same but u backflip on backflip","slay the spire mod where everything is the same but ironclad has a cowboy hat"],"gold_per_floor":[116,116,131,131,147,181,191,191,191,118,153,163,163,163,163,263,263,280,280,280,280,300,250,282,282,307,326,326,354,354,354,383,397,397,495,495,510,529,529,529,552,580,454,468,493,493,102,135,135,150,150,150],"floor_reached":53,"playtime":3986,"items_purged":[],"score":819,"play_id":"0613e35a-2785-4329-814f-f2f74e7392c7","local_time":"20201219220115","is_ascension_mode":true,"campfire_choices":[{"floor":8,"key":"REST"},{"data":"1","floor":13,"key":"LIFT"},{"data":"2","floor":15,"key":"LIFT"},{"data":"3","floor":25,"key":"LIFT"},{"floor":28,"key":"REST"},{"floor":34,"key":"REST"},{"floor":46,"key":"REST"},{"floor":51,"key":"REST"}],"circlet_count":0,"master_deck":["Strike_R","Strike_R","Strike_R","Strike_R","Defend_R","Defend_R","Defend_R","Defend_R","Bash","Limit Break","Ghostly Armor","Armaments","Anger","Wild Strike","Armaments","Flex","Thunderclap","Swift Strike","Barricade","Power Through+1","infinitespire:Fortify","Headbutt","Flex","True Grit","Sword Boomerang","ReplayTheSpireMod:Muscle Training+1","Searing Blow","Juggernaut","conspire:Purge","Limit Break","Body Slam+1","Clothesline+1","Flex+1","Armaments","Parasite","Disarm","Impervious","Impervious","Whirlwind+1","Life Link"],"relics":["Burning Blood","aspiration:TomeofQuesting","Girya","TheAbacus","Gremlin Horn","Fusion Hammer","CCEMRelics:D6","Ring of Chaos","CaptainsWheel","infinitespire:BottledMercury","StuffTheSpire:CocoNut","Bird Faced Urn","Paper Frog","hubris:HollowSoul","Vajra","hubris:SlimyHat","Art of War","conspire:TreasureMap","ReplayTheSpireMod:Shallot","Brimstone","conspire:TopHat","aspiration:HummingbirdHeart","theSleuth:Tectrixcalibur"],"acts_visited":["Exordium","TheCity","TheBeyond"],"potions_floor_usage":[11,16,18,24,32,32,35],"damage_taken":[{"damage":0,"enemies":"2 Louse","floor":1,"turns":4},{"damage":6,"enemies":"Cultist","floor":3,"turns":4},{"damage":8,"enemies":"Small Slimes","floor":5,"turns":5},{"damage":39,"enemies":"3 Sentries","floor":6,"turns":11},{"damage":9,"enemies":"Blue Slaver","floor":7,"turns":4},{"damage":20,"enemies":"Gremlin Nob","floor":11,"turns":5},{"damage":12,"enemies":"Looter","floor":12,"turns":4},{"damage":20,"enemies":"Fading Forest","floor":16,"turns":11},{"damage":24,"enemies":"3 Byrds","floor":18,"turns":7},{"damage":0,"enemies":"Chosen","floor":22,"turns":8},{"damage":0,"enemies":"conspire:Head Lice","floor":24,"turns":11},{"damage":0,"enemies":"Snecko","floor":27,"turns":5},{"damage":36,"enemies":"Gremlin Leader","floor":29,"turns":4},{"damage":15,"enemies":"Slavers","floor":32,"turns":5},{"damage":26,"enemies":"Centurion and Healer","floor":33,"turns":5},{"damage":28,"enemies":"conspire:MysteriousRune","floor":35,"turns":9},{"damage":15,"enemies":"3 Shapes","floor":37,"turns":4},{"damage":37,"enemies":"3 Darklings","floor":38,"turns":5},{"damage":20,"enemies":"R_Hoarder","floor":42,"turns":7},{"damage":24,"enemies":"Writhing Mass","floor":44,"turns":4},{"damage":45,"enemies":"Giant Head","floor":48,"turns":8},{"damage":2,"enemies":"Transient","floor":50,"turns":5},{"damage":4,"enemies":"Donu and Deca","floor":52,"turns":3}],"seed_played":"7522219490940059436","potions_obtained":[{"floor":1,"key":"Energy Potion"},{"floor":7,"key":"SkillPotion"},{"floor":12,"key":"PowerPotion"},{"floor":18,"key":"Languid Potion"},{"floor":22,"key":"Fire Potion"},{"floor":29,"key":"jedi:tentaclejuice"},{"floor":35,"key":"jedi:hoardpotion"},{"floor":44,"key":"ColorlessPotion"},{"floor":48,"key":"Block Potion"}],"is_trial":false,"path_per_floor":["M","?","M","?","M","E","M","R","T","$","E","M","R","?","R","B",null,"M","?","AVR","?","M","?","E","R","T","M","R","E","PTL","PTL","E","M","R","B",null,"M","M","?","AVR","T","E","$","M","T","R","$","E","?","M","R","B",null],"character_chosen":"IRONCLAD","items_purchased":["TheAbacus","conspire:TreasureMap","Armaments","Brimstone","conspire:TopHat","Impervious","BloodPotion"],"campfire_rested":5,"item_purchase_floors":[10,43,43,47,47,47,47],"current_hp_per_floor":[80,80,80,80,78,45,42,66,66,66,52,46,46,46,46,46,80,62,62,62,54,60,60,66,66,73,79,87,57,57,57,50,32,58,38,87,80,53,53,53,53,43,43,25,25,51,51,16,16,20,46,48],"gold":150,"neow_bonus":"TRANSFORM_CARD","is_daily":false,"chose_seed":false,"campfire_upgraded":0,"win_rate":0.0,"timestamp":1608433275,"path_taken":["M","?","?","?","M","E","M","R","T","$","E","M","R","?","R","BOSS","M","?","AVR","?","M","?","E","R","T","M","R","E","PTL","PTL","E","?","R","BOSS","M","M","?","AVR","?","E","$","M","T","R","$","E","?","?","R","BOSS"],"items_purchased_type":["Relic","Relic","Card","Relic","Relic","Card","Potion"],"build_version":"2020-12-13","purchased_purges":0,"victory":true,"max_hp_per_floor":[80,80,80,80,80,80,80,80,80,80,80,80,80,80,80,80,80,80,80,80,80,80,80,80,80,87,87,87,87,87,87,87,87,87,87,87,87,87,87,87,87,87,87,87,87,87,87,87,87,87,87,87],"card_choices":[{"not_picked":["Pommel Strike","Havoc"],"picked":"Ghostly Armor","floor":1},{"not_picked":["Body Slam","Thunderclap"],"picked":"Armaments","floor":3},{"not_picked":["Rupture","Perfected Strike"],"picked":"Anger","floor":5},{"not_picked":["Blood for Blood","Seeing Red"],"picked":"Wild Strike","floor":6},{"not_picked":["Headbutt","StuffTheSpire:RockThrow"],"picked":"Armaments","floor":7},{"not_picked":["Body Slam","StuffTheSpire:RockThrow"],"picked":"Flex","floor":11},{"not_picked":["Twin Strike","Replay:Undeath\u0027s Touch"],"picked":"Thunderclap","floor":12},{"not_picked":["expansioncontent:FaceSlap","Thinking Ahead"],"picked":"Swift Strike","floor":14},{"not_picked":["Eclipse","jedi:bloodyhammer"],"picked":"Barricade","floor":16},{"not_picked":["Run Through+1","StuffTheSpire:Resist"],"picked":"Power Through+1","floor":18},{"not_picked":["Sentinel","Exhume"],"picked":"Headbutt","floor":22},{"not_picked":["StuffTheSpire:Incineration","Double Tap"],"picked":"Flex","floor":24},{"not_picked":["Evolve","conspire:Charge"],"picked":"True Grit","floor":27},{"not_picked":["Warcry","Dark Embrace"],"picked":"Sword Boomerang","floor":29},{"not_picked":["Sever Soul","Headbutt"],"picked":"ReplayTheSpireMod:Muscle Training+1","floor":32},{"not_picked":["Hemokinesis","hubris:CleavingFinish"],"picked":"Searing Blow","floor":33},{"not_picked":["Run Through","StuffTheSpire:Slingshot"],"picked":"Body Slam+1","floor":37},{"not_picked":["Havoc","Sword Boomerang"],"picked":"Clothesline+1","floor":38},{"not_picked":["Twin Strike+1","Clash"],"picked":"Flex+1","floor":42},{"not_picked":["Perfected Strike","Clash+1"],"picked":"Disarm","floor":44},{"not_picked":["Headbutt","Warcry+1"],"picked":"Whirlwind+1","floor":48},{"not_picked":["Wild Strike","hubris:CleavingFinish"],"picked":"Life Link","floor":50}],"player_experience":40023,"relics_obtained":[{"floor":6,"key":"aspiration:TomeofQuesting"},{"floor":9,"key":"Girya"},{"floor":11,"key":"Gremlin Horn"},{"floor":24,"key":"infinitespire:BottledMercury"},{"floor":26,"key":"StuffTheSpire:CocoNut"},{"floor":29,"key":"Bird Faced Urn"},{"floor":32,"key":"Paper Frog"},{"floor":41,"key":"hubris:SlimyHat"},{"floor":42,"key":"Art of War"},{"floor":45,"key":"ReplayTheSpireMod:Shallot"},{"floor":48,"key":"aspiration:HummingbirdHeart"}],"event_choices":[{"damage_healed":0,"gold_gain":0,"player_choice":"Bought 0 Potions","damage_taken":0,"max_hp_gain":0,"max_hp_loss":0,"event_name":"The Woman in Blue","floor":2,"gold_loss":0},{"damage_healed":0,"gold_gain":0,"player_choice":"Disagree","damage_taken":0,"max_hp_gain":0,"max_hp_loss":0,"event_name":"conspire:LoneGhost","floor":4,"gold_loss":0},{"damage_healed":0,"gold_gain":1,"player_choice":"1","damage_taken":0,"max_hp_gain":0,"max_hp_loss":0,"event_name":"betterStone:BetterStone","floor":14,"gold_loss":0},{"damage_healed":0,"gold_gain":0,"player_choice":"Ignored","damage_taken":0,"max_hp_gain":0,"max_hp_loss":0,"event_name":"betterNote:BetterNote","floor":19,"gold_loss":0,"cards_obtained":["Regret"]},{"damage_healed":0,"gold_gain":0,"player_choice":"CaptainsWheel","damage_taken":0,"relics_obtained":["CaptainsWheel"],"max_hp_gain":0,"max_hp_loss":0,"event_name":"blackbeard:ShipwreckEvent","floor":21,"gold_loss":0},{"damage_healed":0,"gold_gain":0,"player_choice":"Bet on Murderer","damage_taken":0,"max_hp_gain":0,"max_hp_loss":0,"event_name":"The Joust","floor":23,"gold_loss":50},{"damage_healed":0,"gold_gain":0,"player_choice":"Leave","damage_taken":0,"max_hp_gain":0,"max_hp_loss":0,"event_name":"conspire:Investor","floor":39,"gold_loss":0}],"is_beta":false,"boss_relics":[{"not_picked":["Replay:Drink Me","beaked:SacredDeck"],"picked":"Fusion Hammer"},{"not_picked":["halation:Risk","halation:PinkAlligatorPlush"],"picked":"hubris:HollowSoul"}],"items_purged_floors":[],"is_endless":false,"potions_floor_spawned":[1,7,12,18,22,29,35,44,48],"ascension_level":1}}