{"host":"7t8rqoeeopyy0nh0","time":1608502747,"event":{"mods":["AchievementEnabler","BaseMod","Better Third Choice","BetterRewards","Colored Map","Colored Powertips","Downfall","Hubris","Infinite Spire","Minty Spire (QoL Compilation)","Replay The Spire","StSLib"],"gold_per_floor":[111,123,141,141,160,193,193,224,247,265,280,280,290,321,321,416,416,434,39,39,189,189,214,18,348,348,373,385,385,396,415,415,544,544,596,273,373,414,414,414,374,374,432,473,518,518,518,518],"floor_reached":48,"playtime":4998,"items_purged":["Strike_B","Spreading Infection","Strike_B"],"score":1475,"play_id":"540c9312-2a99-44eb-b97f-debd9033e097","local_time":"20201220171907","is_ascension_mode":true,"campfire_choices":[{"data":"Mirror Shield","floor":7.0,"key":"SMITH"},{"floor":15.0,"key":"REST"},{"data":"Capacitor","floor":29.0,"key":"SMITH"},{"data":"Coolheaded","floor":32.0,"key":"SMITH"},{"data":"Buffer","floor":40,"key":"SMITH"},{"data":"Defragment","floor":47,"key":"SMITH"}],"circlet_count":0,"master_deck":["Defend_B+1","Zap+1","Dualcast","Barrage+1","Conserve Battery+1","Cold Snap","Capacitor+1","Stack","Coolheaded+1","Turbo+1","Streamline","Mirror Shield+1","Self Repair","Consume+1","Hologram+1","Leap+1","Core Surge","White Noise+1","Genetic Algorithm+1","Storm","ReplayTheSpireMod:Calculation Training+1","Genetic Algorithm+1","Panic Button+1","White Noise+1","ReplayTheSpireMod:Calculation Training+1","Creative AI","Defragment+1","Pot Of Greed+1","Pot Of Greed+1","Pot Of Greed+1","hubris:Rewind+1","Buffer+1","Storm","Barrage+1","infinitespire:Oblivion+1"],"relics":["FrozenCore","Guide Book","Unceasing Top","Oddly Smooth Stone","hubris:Teleporter","Toxic Egg 2","Happy Flower","infinitespire:Joker Card","hubris:TerracottaHorce","infinitespire:BottledMercury","Snecko Eye","ReplayTheSpireMod:CursedCoin","infinitespire:FocusingShard","Replay:Wax Seal","Old Coin","infinitespire:Broken Mirror","War Paint","infinitespire:EvilPickle","Grinning Jar","infinitespire:Golems Mask","Dream Catcher","Empty Cage","Bottled Flame","Blue Doll"],"acts_visited":["Exordium","TheCity","TheBeyond"],"potions_floor_usage":[46],"damage_taken":[{"damage":10.0,"enemies":"Small Slimes","floor":1.0,"turns":3.0},{"damage":0.0,"enemies":"Cultist","floor":2.0,"turns":3.0},{"damage":7.0,"enemies":"2 Louse","floor":3.0,"turns":3.0},{"damage":10.0,"enemies":"Red Slaver","floor":5.0,"turns":3.0},{"damage":12.0,"enemies":"Gremlin Nob","floor":6.0,"turns":4.0},{"damage":14.0,"enemies":"Lagavulin","floor":8.0,"turns":6.0},{"damage":0.0,"enemies":"Large Slime","floor":10.0,"turns":6.0},{"damage":16.0,"enemies":"Exordium Thugs","floor":11.0,"turns":4.0},{"damage":2.0,"enemies":"2 Fungi Beasts","floor":13.0,"turns":3.0},{"damage":3.0,"enemies":"Gremlin Nob","floor":14.0,"turns":5.0},{"damage":0.0,"enemies":"Fading Forest","floor":16.0,"turns":11.0},{"damage":0.0,"enemies":"Spheric Guardian","floor":18.0,"turns":4.0},{"damage":12.0,"enemies":"Gremlin Leader","floor":23.0,"turns":10.0},{"damage":0.0,"enemies":"Book of Stabbing","floor":25.0,"turns":5.0},{"damage":22.0,"enemies":"Nightmare","floor":27.0,"turns":9.0},{"damage":0.0,"enemies":"2 Thieves","floor":28.0,"turns":4.0},{"damage":0.0,"enemies":"3 Cultists","floor":30.0,"turns":5.0},{"damage":4.0,"enemies":"Sentry and Sphere","floor":31.0,"turns":4.0},{"damage":4.0,"enemies":"Pondfish","floor":33.0,"turns":8.0},{"damage":5.0,"enemies":"3 Darklings","floor":35.0,"turns":6.0},{"damage":14.0,"enemies":"infinitespire:Three Voidlings","floor":38.0,"turns":4.0},{"damage":0.0,"enemies":"Nightmare_Alpha","floor":38.0,"turns":7.0},{"damage":0,"enemies":"Orb Walker","floor":39,"turns":3},{"damage":0,"enemies":"R_Hoarder","floor":44,"turns":5},{"damage":0,"enemies":"4 Shapes","floor":45,"turns":4},{"damage":10,"enemies":"3 Darklings","floor":46,"turns":5},{"damage":81,"enemies":"Nightmare_Alpha","floor":48,"turns":6}],"seed_played":"-208477031934277931","potions_obtained":[{"floor":2.0,"key":"FairyPotion"},{"floor":6.0,"key":"PotionOfCapacity"},{"floor":8.0,"key":"Explosive Potion"},{"floor":12.0,"key":"Cursed Concoction"},{"floor":12.0,"key":"hexamod:EctoCoolerPotion"},{"floor":12.0,"key":"LifebloodPotion"},{"floor":16.0,"key":"Guardian:BlockOnCardUsePotion"},{"floor":27.0,"key":"Guardian:BlockOnCardUsePotion"},{"floor":28.0,"key":"PotionOfCapacity"},{"floor":30.0,"key":"LifebloodPotion"},{"floor":33.0,"key":"CultistPotion"},{"floor":38,"key":"Block Potion"},{"floor":46,"key":"Ancient Potion"}],"is_trial":false,"path_per_floor":["M","M","M","?","M","E","R","E","T","M","M","?","M","E","R","B",null,"M","$","?","AVR","?","E","$","E","T","NM","M","R","M","M","R","B",null,"M","$","?","M","R","AVR","?","T","E","M","M","R","NM"],"character_chosen":"DEFECT","items_purchased":["Barrage","Conserve Battery","Guide Book","Cold Snap","Unceasing Top","Oddly Smooth Stone","Capacitor","Stack","Genetic Algorithm+1","Storm","infinitespire:BottledMercury","Replay:Wax Seal","DuplicationPotion","Panic Button+1","Defragment","Grinning Jar"],"campfire_rested":1,"item_purchase_floors":[0,0,0,0,0,0,0,0,19,19,19,24,24,24,37,37],"current_hp_per_floor":[23,23,16,16,6,22,22,15,15,22,13,13,18,22,44,59,71,75,75,75,75,75,70,70,75,75,60,60,60,67,75,75,71,74,75,75,75,75,75,75,75,75,75,75,72,72,0,0],"gold":518,"neow_bonus":"","is_daily":false,"chose_seed":false,"campfire_upgraded":5,"win_rate":0.0,"timestamp":1608502747,"path_taken":["M","M","M","?","M","E","R","E","T","M","?","?","M","E","R","BOSS","M","$","?","AVR","?","E","$","E","T","NM","M","R","M","M","R","BOSS","M","$","?","M","R","AVR","?","T","E","M","M","R","NM"],"items_purchased_type":["Card","Card","Relic","Card","Relic","Relic","Card","Card","Card","Card","Relic","Relic","Potion","Card","Card","Relic"],"build_version":"2020-12-13","purchased_purges":3,"victory":false,"max_hp_per_floor":[75,75,75,75,75,75,75,75,75,75,75,75,75,75,75,75,75,75,75,75,75,75,75,75,75,75,75,75,75,75,75,75,75,75,75,75,75,75,75,75,75,75,75,75,75,75,75,75],"card_choices":[{"not_picked":["Recycle","Steam"],"picked":"Coolheaded","floor":1.0},{"not_picked":["Panic Button","Compile Driver"],"picked":"Turbo","floor":2.0},{"not_picked":["Scrape","Turbo"],"picked":"Streamline","floor":3.0},{"not_picked":["Heatsinks","Panic Button"],"picked":"Mirror Shield","floor":5.0},{"not_picked":["ReplayTheSpireMod:GoodbyeWorld","Steam"],"picked":"Self Repair","floor":6.0},{"not_picked":["Rip and Tear","Stack+1"],"picked":"Consume+1","floor":8.0},{"not_picked":["Turbo+1","BasicCrystalCard+1"],"picked":"Hologram+1","floor":10.0},{"not_picked":["Stack+1","Barrage"],"picked":"Leap+1","floor":11.0},{"not_picked":["Beam Cell","Rip and Tear","Conserve Battery+1"],"picked":"SKIP","floor":13.0},{"not_picked":["Meteor Strike","Steam+1","Streamline"],"picked":"SKIP","floor":14.0},{"not_picked":["Hyperbeam","Buffer"],"picked":"Core Surge","floor":16.0},{"not_picked":["Sweeping Beam","Conserve Battery+1"],"picked":"White Noise+1","floor":18.0},{"not_picked":["Gash","Blizzard"],"picked":"Genetic Algorithm+1","floor":23.0},{"not_picked":["Redo+1","Coolheaded+1"],"picked":"White Noise+1","floor":25.0},{"not_picked":["hubris:Ukulele","Go for the Eyes","Barrage"],"picked":"SKIP","floor":27.0},{"not_picked":["Static Discharge","Stack+1","Sweeping Beam+1"],"picked":"SKIP","floor":28.0},{"not_picked":["Panic Button+1","hubris:Prefetch+1","Beam Cell+1"],"picked":"SKIP","floor":30.0},{"not_picked":["Hologram+1","Steam+1"],"picked":"ReplayTheSpireMod:Calculation Training+1","floor":31.0},{"not_picked":["Echo Form","Rainbow+1"],"picked":"Creative AI","floor":33.0},{"not_picked":["Self Repair","Stack+1","Melter+1"],"picked":"SKIP","floor":35.0},{"not_picked":["infinitespire:TheBestDefense","ReplayTheSpireMod:??????????????????????"],"picked":"hubris:Rewind","floor":38},{"not_picked":["Compile Driver+1","Barrage"],"picked":"Buffer","floor":38},{"not_picked":["Turbo+1","Rip and Tear+1"],"picked":"Barrage+1","floor":39},{"not_picked":["Streamline","Conserve Battery+1","ReplaySolidLightProjector+1"],"picked":"SKIP","floor":44},{"not_picked":["Turbo+1","Steam+1","ReplayTheSpireMod:GoodbyeWorld+1"],"picked":"SKIP","floor":45},{"not_picked":["hubris:PowerSurge","Redo+1","Coolheaded+1"],"picked":"SKIP","floor":46}],"player_experience":349288,"relics_obtained":[{"floor":6.0,"key":"hubris:Teleporter"},{"floor":8.0,"key":"Toxic Egg 2"},{"floor":9.0,"key":"Happy Flower"},{"floor":14.0,"key":"infinitespire:Joker Card"},{"floor":23.0,"key":"infinitespire:FocusingShard"},{"floor":25.0,"key":"Old Coin"},{"floor":26.0,"key":"infinitespire:Broken Mirror"},{"floor":27.0,"key":"War Paint"},{"floor":38,"key":"infinitespire:Golems Mask"},{"floor":43,"key":"Bottled Flame"},{"floor":44,"key":"Blue Doll"}],"event_choices":[{"damage_healed":0.0,"max_hp_gain":0.0,"max_hp_loss":0.0,"gold_gain":0.0,"event_name":"Accursed Blacksmith","player_choice":"Forge","floor":4.0,"gold_loss":0.0,"damage_taken":0.0,"cards_upgraded":["Zap"]},{"damage_healed":0.0,"max_hp_gain":0.0,"max_hp_loss":0.0,"gold_gain":0.0,"event_name":"Lab","player_choice":"Got Potions","floor":12.0,"gold_loss":0.0,"damage_taken":0.0},{"damage_healed":0.0,"max_hp_gain":0.0,"max_hp_loss":0.0,"gold_gain":0.0,"event_name":"Vampires","player_choice":"Ignored","floor":20.0,"gold_loss":0.0,"damage_taken":0.0},{"damage_healed":0.0,"max_hp_gain":0.0,"max_hp_loss":0.0,"gold_gain":0.0,"cards_transformed":["Strike_B"],"event_name":"Transmorgrifier","player_choice":"Transformed","floor":22.0,"gold_loss":0.0,"damage_taken":0.0,"cards_obtained":["ReplayTheSpireMod:Calculation Training"]},{"damage_healed":0,"gold_gain":0,"cards_transformed":["Defend_B"],"player_choice":"Transformed","damage_taken":0,"max_hp_gain":0,"max_hp_loss":0,"event_name":"Transmorgrifier","floor":38,"gold_loss":0,"cards_obtained":["Storm"]},{"damage_healed":0,"gold_gain":0,"player_choice":"Upgrade","damage_taken":0,"max_hp_gain":0,"max_hp_loss":0,"event_name":"Designer","floor":42,"gold_loss":40,"cards_upgraded":["infinitespire:Oblivion"]}],"is_beta":false,"boss_relics":[{"not_picked":["Busted Crown","hubris:ScarierMask"],"picked":"hubris:TerracottaHorce"},{"not_picked":["Kintsugi","ReplayTheSpireMod:DimensionalGlitch"],"picked":"FrozenCore"}],"items_purged_floors":[0,21,37],"is_endless":true,"potions_floor_spawned":[2,6,8,16,27,28,30,33,38,44,46],"killed_by":"Nightmare_Alpha","ascension_level":5}}