{"host":"hgkb2zpbo2dcws21","time":1608447167,"event":{"mods":["AchievementEnabler","BaseMod","Colored Map","Colored Powertips","Custom Start","DeckTracker","KOR Keyword Fix","Minty Spire (QoL Compilation)","StSLib","SuperFastMode"],"gold_per_floor":[114,39,39,39,59,59,74,74,145,145,172,172,190,190,190],"floor_reached":14,"playtime":225,"items_purged":[],"score":167,"play_id":"3154ea53-94de-4468-8cbd-da31549277d4","local_time":"20201220155247","is_ascension_mode":true,"campfire_choices":[{"data":"Cloak And Dagger","floor":6,"key":"SMITH"},{"data":"Accuracy","floor":8,"key":"SMITH"},{"data":"Neutralize","floor":10,"key":"SMITH"}],"circlet_count":0,"master_deck":["AscendersBane","Strike_G","Strike_G","Strike_G","Strike_G","Defend_G","Defend_G","Defend_G","Defend_G","Defend_G","Survivor","Neutralize+1","Accuracy+1","Pain","Cloak And Dagger+1","Backflip","Adrenaline"],"relics":["Ring of the Snake","NeowsBlessing","WarpedTongs","Eternal Feather","Ninja Scroll"],"acts_visited":["Exordium"],"potions_floor_usage":[14],"damage_taken":[{"damage":0,"enemies":"Jaw Worm","floor":1,"turns":1},{"damage":2,"enemies":"Small Slimes","floor":5,"turns":1},{"damage":0,"enemies":"Cultist","floor":7,"turns":1},{"damage":25,"enemies":"Lagavulin","floor":11,"turns":9},{"damage":21,"enemies":"Gremlin Gang","floor":13,"turns":4},{"damage":17,"enemies":"3 Sentries","floor":14,"turns":6}],"seed_played":"6832899265491056262","potions_obtained":[{"floor":5,"key":"GamblersBrew"},{"floor":12,"key":"DuplicationPotion"}],"is_trial":false,"path_per_floor":["M","?","$","?","M","R","M","R","T","R","E","?","M","E"],"character_chosen":"THE_SILENT","items_purchased":[],"campfire_rested":0,"item_purchase_floors":[],"current_hp_per_floor":[59,59,59,59,57,57,57,57,57,66,41,41,20,3,3],"gold":190,"neow_bonus":"THREE_ENEMY_KILL","is_daily":false,"chose_seed":false,"campfire_upgraded":3,"win_rate":0.0,"timestamp":1608447167,"path_taken":["M","?","$","?","?","R","?","R","T","R","E","?","M","E"],"items_purchased_type":[],"build_version":"2020-12-13","purchased_purges":0,"victory":false,"max_hp_per_floor":[66,66,66,66,66,66,66,66,66,66,66,66,66,66,66],"card_choices":[{"not_picked":["Quick Slash","Dodge and Roll"],"picked":"Accuracy","floor":1},{"not_picked":["Acrobatics","Deadly Poison"],"picked":"Cloak And Dagger","floor":5},{"not_picked":["Skewer","Distraction"],"picked":"Backflip","floor":7},{"not_picked":["Blade Dance","Terror"],"picked":"Adrenaline","floor":11},{"not_picked":["Deflect","Heel Hook","Quick Slash"],"picked":"SKIP","floor":13}],"player_experience":1090976,"relics_obtained":[{"floor":9,"key":"Eternal Feather"},{"floor":11,"key":"Ninja Scroll"}],"event_choices":[{"cards_removed":["Strike_G"],"damage_healed":0,"gold_gain":0,"player_choice":"Card Removal","damage_taken":0,"max_hp_gain":0,"max_hp_loss":0,"event_name":"The Cleric","floor":2,"gold_loss":75},{"damage_healed":0,"gold_gain":0,"player_choice":"Rummage","damage_taken":0,"relics_obtained":["WarpedTongs"],"max_hp_gain":0,"max_hp_loss":0,"event_name":"Accursed Blacksmith","floor":4,"gold_loss":0,"cards_obtained":["Pain"]},{"damage_healed":0,"gold_gain":0,"player_choice":"Got Potions","damage_taken":0,"max_hp_gain":0,"max_hp_loss":0,"event_name":"Lab","floor":12,"gold_loss":0}],"is_beta":false,"boss_relics":[],"items_purged_floors":[],"is_endless":false,"potions_floor_spawned":[5,13],"killed_by":"3 Sentries","ascension_level":18}}