{"host":"woah5shdh5xsovm3","time":1608502601,"event":{"mods":["BaseMod","BetterRewards","Downfall","Hermit","Hubris","Infinite Spire","Jorbs\u0027s Wanderer Trilogy","Koishi","Marisa????????","Minty Spire (QoL Compilation)","Remilia??????","Replay The Spire","Shop Mod","StSLib","SuperFastMode","The Animator","The Bug Knight","The Construct","The Cursed","The Disciple","The Hierophant","The Necromancer","The Poker Player","The Runesmith","The Servant 0.9.4"],"gold_per_floor":[113,113,113,113,132,159,179,179,232,243,262,262,275,275,275,275,275],"floor_reached":16,"playtime":674,"items_purged":[],"score":152,"play_id":"7eb34966-fe72-475e-b6c4-c0d474dd7298","local_time":"20201220161641","is_ascension_mode":false,"campfire_choices":[{"floor":8,"key":"REST"},{"floor":12,"key":"REST"},{"floor":15,"key":"REST"}],"circlet_count":0,"master_deck":["HollowMod:NailStrikeStart","HollowMod:NailStrikeStart","HollowMod:NailStrikeStart+1","HollowMod:NailStrikeStart","HollowMod:QuickDashStart+1","HollowMod:QuickDashStart","HollowMod:QuickDashStart+1","HollowMod:FocusHealStart+1","HollowMod:PogoStrike+1","HollowMod:MidwifesHunger+1","HollowMod:CrystalDash","Regret","HollowMod:HornetsHelp","HollowMod:SiblingsSouls","HollowMod:CornifersMapStart"],"relics":["HollowMod:VesselMask","Garlic","Gremlin Food","Replay:Mystery Machine","Happy Flower"],"acts_visited":["Exordium"],"potions_floor_usage":[6,16,16],"damage_taken":[{"damage":3,"enemies":"Jaw Worm","floor":1,"turns":4},{"damage":3,"enemies":"2 Louse","floor":5,"turns":3},{"damage":50,"enemies":"Gremlin Nob","floor":6,"turns":6},{"damage":3,"enemies":"Small Slimes","floor":7,"turns":4},{"damage":16,"enemies":"Exordium Thugs","floor":10,"turns":8},{"damage":4,"enemies":"Looter","floor":11,"turns":4},{"damage":5,"enemies":"Large Slime","floor":13,"turns":6},{"damage":79,"enemies":"Slime Boss","floor":16,"turns":12}],"seed_played":"-3605742410361315924","potions_obtained":[{"floor":5,"key":"PowerPotion"},{"floor":7,"key":"EssenceOfSteel"},{"floor":13,"key":"SkillPotion"}],"is_trial":false,"path_per_floor":["M","?","?","?","M","E","M","R","T","M","M","R","M","?","R","B"],"character_chosen":"THE_BUGKNIGHT","items_purchased":["HollowMod:MidwifesHunger","Garlic"],"campfire_rested":3,"item_purchase_floors":[0,0],"current_hp_per_floor":[72,72,72,72,72,28,31,53,53,43,39,61,62,47,69,0,0],"gold":275,"neow_bonus":"","is_daily":false,"chose_seed":false,"campfire_upgraded":0,"win_rate":0.0,"timestamp":1608502601,"path_taken":["M","?","?","?","M","E","M","R","T","M","M","R","?","?","R","BOSS"],"items_purchased_type":["Card","Relic"],"build_version":"2020-12-13","purchased_purges":0,"victory":false,"max_hp_per_floor":[75,75,75,75,75,75,75,75,75,75,75,75,75,75,75,75,75],"card_choices":[{"not_picked":["HollowMod:SoulShaman","HollowMod:CloakDash","HollowMod:AbyssShriek"],"picked":"SKIP","floor":1},{"not_picked":["HollowMod:CycloneSlash","HollowMod:SoulShaman","HollowMod:HowlingWraiths"],"picked":"SKIP","floor":5},{"not_picked":["HollowMod:InfectedAttack","HollowMod:PureNailStrike"],"picked":"HollowMod:HornetsHelp","floor":6},{"not_picked":["HollowMod:CycloneSlash","HollowMod:VengefulVoid"],"picked":"HollowMod:SiblingsSouls","floor":7},{"not_picked":["HollowMod:PerfectDash","HollowMod:SoulSplash","HollowMod:SharpenedNail"],"picked":"SKIP","floor":10},{"not_picked":["HollowMod:DreamGate","HollowMod:DoubleDash"],"picked":"HollowMod:CornifersMapStart","floor":11},{"not_picked":["HollowMod:GoodIntentions","HollowMod:BaldurShell","HollowMod:CrystalDash"],"picked":"SKIP","floor":13}],"player_experience":392484,"relics_obtained":[{"floor":6,"key":"Replay:Mystery Machine"},{"floor":9,"key":"Happy Flower"}],"event_choices":[{"damage_healed":0,"gold_gain":0,"player_choice":"Grow","damage_taken":0,"max_hp_gain":0,"max_hp_loss":0,"event_name":"Living Wall","floor":3,"gold_loss":0,"cards_upgraded":["HollowMod:MidwifesHunger"]},{"damage_healed":0,"gold_gain":0,"player_choice":"Box","damage_taken":0,"relics_obtained":["Gremlin Food"],"max_hp_gain":0,"max_hp_loss":0,"event_name":"Big Fish","floor":4,"gold_loss":0,"cards_obtained":["Regret"]},{"damage_healed":0,"gold_gain":0,"player_choice":"Entered Light","damage_taken":15,"max_hp_gain":0,"max_hp_loss":0,"event_name":"Shining Light","floor":14,"gold_loss":0,"cards_upgraded":["HollowMod:NailStrikeStart","HollowMod:QuickDashStart"]}],"is_beta":false,"boss_relics":[],"items_purged_floors":[],"is_endless":false,"potions_floor_spawned":[5,7,13],"killed_by":"Slime Boss","ascension_level":0}}