{"host":"8l1xuphorofpdxlv","time":1608462037,"event":{"mods":["AchievementEnabler","BaseMod","DeckTracker","Minty Spire (QoL Compilation)","Quick Restart","SuperFastMode"],"gold_per_floor":[109,122,139,139,64,64,64,79,128,28,41,56,56,68,68,170,170,190,190,210,210,210,210,85,96,119,147,189,201,74,74,74,172,172,192,208,208,111,130,130,143,143,193,49,99,131,150,165,165,165],"floor_reached":51,"playtime":5603,"items_purged":["Strike_R","Defend_R","Strike_R"],"score":875,"play_id":"19349470-9e22-4740-be9b-edec56e6372e","local_time":"20201220200037","is_ascension_mode":true,"campfire_choices":[{"data":"Strike_R","floor":7,"key":"PURGE"},{"data":"Battle Trance","floor":13,"key":"PURGE"},{"data":"Strike_R","floor":15,"key":"PURGE"},{"data":"Strike_R","floor":23,"key":"PURGE"},{"data":"Injury","floor":29,"key":"PURGE"},{"data":"Anger","floor":32,"key":"PURGE"},{"data":"Dropkick","floor":40,"key":"SMITH"},{"data":"Bash","floor":42,"key":"PURGE"},{"data":"Normality","floor":49,"key":"PURGE"}],"circlet_count":0,"master_deck":["Armaments+1","Second Wind","Clothesline","Dropkick+1","True Grit","Ghostly","Ghostly","Ghostly","Ghostly","Ghostly","Pommel Strike","Double Tap","Offering","Trip","Spot Weakness+1"],"relics":["Burning Blood","Peace Pipe","Centennial Puzzle","Cursed Key","MawBank","Happy Flower","Empty Cage","Pen Nib","Strange Spoon","Lizard Tail","Paper Frog"],"acts_visited":["Exordium","TheCity","TheBeyond"],"potions_floor_usage":[45,45,48,50,50,50],"damage_taken":[{"damage":1,"enemies":"Cultist","floor":1,"turns":4},{"damage":8,"enemies":"Jaw Worm","floor":2,"turns":7},{"damage":0,"enemies":"2 Louse","floor":3,"turns":3},{"damage":23,"enemies":"Exordium Thugs","floor":8,"turns":8},{"damage":3,"enemies":"Looter","floor":11,"turns":3},{"damage":1,"enemies":"Exordium Wildlife","floor":12,"turns":2},{"damage":7,"enemies":"Exordium Thugs","floor":14,"turns":5},{"damage":20,"enemies":"Slime Boss","floor":16,"turns":13},{"damage":8,"enemies":"Chosen","floor":18,"turns":6},{"damage":26,"enemies":"Spheric Guardian","floor":20,"turns":8},{"damage":2,"enemies":"Centurion and Healer","floor":25,"turns":8},{"damage":7,"enemies":"Snecko","floor":27,"turns":7},{"damage":21,"enemies":"Book of Stabbing","floor":28,"turns":7},{"damage":0,"enemies":"Champ","floor":33,"turns":5},{"damage":1,"enemies":"3 Shapes","floor":35,"turns":5},{"damage":2,"enemies":"3 Darklings","floor":36,"turns":5},{"damage":16,"enemies":"Sphere and 2 Shapes","floor":39,"turns":6},{"damage":1,"enemies":"Spire Growth","floor":41,"turns":3},{"damage":35,"enemies":"Mind Bloom Boss Battle","floor":45,"turns":10},{"damage":2,"enemies":"Giant Head","floor":46,"turns":4},{"damage":2,"enemies":"Writhing Mass","floor":47,"turns":7},{"damage":15,"enemies":"Sphere and 2 Shapes","floor":48,"turns":6},{"damage":10,"enemies":"Time Eater","floor":50,"turns":9}],"seed_played":"2147797375959536342","potions_obtained":[{"floor":2,"key":"DuplicationPotion"},{"floor":3,"key":"DuplicationPotion"},{"floor":4,"key":"AttackPotion"},{"floor":12,"key":"SkillPotion"},{"floor":16,"key":"Dexterity Potion"},{"floor":20,"key":"FearPotion"},{"floor":33,"key":"DuplicationPotion"},{"floor":45,"key":"GamblersBrew"},{"floor":46,"key":"Weak Potion"},{"floor":48,"key":"Dexterity Potion"}],"is_trial":false,"path_per_floor":["M","M","M","?","$","?","R","M","T","$","M","M","R","M","R","B",null,"M","$","M","?","?","R","$","M","T","M","E","R","$","?","R","B",null,"M","M","$","$","M","R","M","R","T","$","?","E","M","M","R","B",null],"character_chosen":"IRONCLAD","items_purchased":["Double Tap","Trip","Strange Spoon"],"campfire_rested":0,"item_purchase_floors":[30,38,44],"current_hp_per_floor":[61,59,65,65,65,65,65,48,48,48,51,56,56,55,55,41,80,78,78,58,40,35,35,35,39,39,38,23,23,23,23,23,29,45,45,45,45,45,35,35,40,40,40,40,11,15,19,10,10,28],"gold":165,"neow_bonus":"ONE_RARE_RELIC","is_daily":false,"chose_seed":false,"campfire_upgraded":1,"win_rate":0.0,"timestamp":1608462037,"path_taken":["M","M","?","?","?","?","R","?","T","$","M","M","R","M","R","BOSS","M","$","M","?","?","R","$","?","T","M","E","R","$","?","R","BOSS","M","M","?","$","?","R","M","R","T","$","?","E","M","M","R","BOSS"],"items_purchased_type":["Card","Card","Relic"],"build_version":"2020-12-13","purchased_purges":3,"victory":true,"max_hp_per_floor":[80,80,80,80,80,80,80,80,80,80,80,80,80,80,80,80,80,80,80,80,40,45,45,45,45,45,45,45,45,45,45,45,45,45,45,45,45,45,45,45,45,45,45,45,45,45,45,45,45,45],"card_choices":[{"not_picked":["Clothesline","Thunderclap"],"picked":"Armaments","floor":1},{"not_picked":["Clothesline","Twin Strike"],"picked":"Second Wind","floor":2},{"not_picked":["Havoc","Flex","Armaments"],"picked":"SKIP","floor":3},{"not_picked":["Anger","Metallicize"],"picked":"Battle Trance","floor":8},{"not_picked":["Pommel Strike","Metallicize"],"picked":"Clothesline","floor":11},{"not_picked":["Bloodletting","Exhume"],"picked":"Dropkick","floor":12},{"not_picked":["Searing Blow","Havoc"],"picked":"True Grit","floor":14},{"not_picked":["Body Slam","Warcry","Anger+1"],"picked":"SKIP","floor":18},{"not_picked":["Armaments+1","Cleave+1","Thunderclap+1"],"picked":"SKIP","floor":20},{"not_picked":["Combust","Twin Strike"],"picked":"Pommel Strike","floor":25},{"not_picked":["Hemokinesis","Havoc","Armaments+1"],"picked":"SKIP","floor":27},{"not_picked":["Intimidate","Wild Strike","Entrench+1"],"picked":"SKIP","floor":28},{"not_picked":["Bludgeon","Limit Break"],"picked":"Offering","floor":33},{"not_picked":["Clothesline+1","Armaments","Flame Barrier+1"],"picked":"SKIP","floor":35},{"not_picked":["Clothesline+1","Wild Strike","Iron Wave"],"picked":"SKIP","floor":36},{"not_picked":["Power Through+1","Sword Boomerang+1","Burning Pact+1"],"picked":"SKIP","floor":39},{"not_picked":["Wild Strike+1","Anger+1"],"picked":"Spot Weakness+1","floor":41},{"not_picked":["Feed","Flame Barrier","Bloodletting+1"],"picked":"SKIP","floor":46},{"not_picked":["Headbutt","Armaments","Rupture+1"],"picked":"SKIP","floor":47},{"not_picked":["Pommel Strike","Pummel+1","Iron Wave"],"picked":"SKIP","floor":48}],"player_experience":55567,"relics_obtained":[{"floor":9,"key":"Centennial Puzzle"},{"floor":26,"key":"MawBank"},{"floor":28,"key":"Happy Flower"},{"floor":43,"key":"Pen Nib"},{"floor":45,"key":"Lizard Tail"},{"floor":46,"key":"Paper Frog"}],"event_choices":[{"damage_healed":0,"gold_gain":0,"player_choice":"Got Potions","damage_taken":0,"max_hp_gain":0,"max_hp_loss":0,"event_name":"Lab","floor":4,"gold_loss":0},{"damage_healed":0,"gold_gain":0,"player_choice":"Forge","damage_taken":0,"max_hp_gain":0,"max_hp_loss":0,"event_name":"Accursed Blacksmith","floor":6,"gold_loss":0,"cards_upgraded":["Armaments"]},{"damage_healed":0,"gold_gain":0,"player_choice":"Became a Ghost","damage_taken":0,"max_hp_gain":0,"max_hp_loss":40,"event_name":"Ghosts","floor":21,"gold_loss":0,"cards_obtained":["Ghostly","Ghostly","Ghostly","Ghostly","Ghostly"]},{"damage_healed":0,"gold_gain":0,"player_choice":"Shed Blood","damage_taken":10,"max_hp_gain":5,"max_hp_loss":0,"event_name":"Forgotten Altar","floor":22,"gold_loss":0},{"damage_healed":0,"gold_gain":0,"cards_transformed":["Defend_R"],"player_choice":"Transformed","damage_taken":0,"max_hp_gain":0,"max_hp_loss":0,"event_name":"Transmorgrifier","floor":31,"gold_loss":0,"cards_obtained":["Anger"]},{"damage_healed":0,"gold_gain":0,"player_choice":"Fight","damage_taken":0,"max_hp_gain":0,"max_hp_loss":0,"event_name":"MindBloom","floor":45,"gold_loss":0}],"is_beta":false,"boss_relics":[{"not_picked":["Black Blood","Calling Bell"],"picked":"Cursed Key"},{"not_picked":["Runic Cube","Velvet Choker"],"picked":"Empty Cage"}],"items_purged_floors":[5,10,24],"is_endless":false,"potions_floor_spawned":[2,3,12,16,20,25,33,36,45,46,48],"ascension_level":3}}