{"host":"q9718omregw4er46","time":1608461968,"event":{"mods":["BaseMod","Bestiary","Colored Powertips","Minty Spire (QoL Compilation)","Quick Restart","Relic Stats"],"gold_per_floor":[116,142,155,166,1,32,32,61,134,153,78,112,124,140,140,219,219,230,230,248,266,156,156,188,198,222,238,272,272,123,162,162,244,244,271,287,287,187,215,250,250,260,260,294,313,351,351,361,361,361,361,361,361,156,193,193,193],"floor_reached":56,"playtime":3443,"items_purged":["Strike_B","Defend_B","Strike_B"],"score":2238,"play_id":"975c92d4-5c6f-475e-b2b4-839c45ba6c43","local_time":"20201220155928","is_ascension_mode":true,"campfire_choices":[{"floor":7.0,"key":"REST"},{"data":"Consume","floor":15.0,"key":"SMITH"},{"data":"Buffer","floor":23.0,"key":"SMITH"},{"data":"Rainbow","floor":29.0,"key":"SMITH"},{"data":"Hologram","floor":32.0,"key":"SMITH"},{"floor":41.0,"key":"REST"},{"floor":49.0,"key":"RECALL"},{"floor":53.0,"key":"REST"}],"circlet_count":0,"master_deck":["AscendersBane","Defend_B+1","Defend_B+1","Zap+1","Dualcast","Static Discharge","Glacier","Glacier","Sweeping Beam","Compile Driver","Consume+1","Buffer+1","Ball Lightning","RitualDagger","FTL","Rainbow+1","Barrage","Chill","Hologram+1","Echo Form","Skim","Compile Driver+1","Skim","Creative AI","White Noise"],"relics":["Cracked Core","War Paint","Pen Nib","Runic Capacitor","Oddly Smooth Stone","Cables","Gremlin Horn","Lantern","Nuclear Battery","Thread and Needle","Centennial Puzzle","CeramicFish","Juzu Bracelet","Fusion Hammer","Happy Flower","Anchor","Eternal Feather","Kunai"],"acts_visited":["Exordium","TheCity","TheBeyond","TheEnding"],"potions_floor_usage":[55,56],"damage_taken":[{"damage":0.0,"enemies":"Cultist","floor":1.0,"turns":3.0},{"damage":1.0,"enemies":"Small Slimes","floor":3.0,"turns":3.0},{"damage":2.0,"enemies":"Jaw Worm","floor":4.0,"turns":3.0},{"damage":51.0,"enemies":"Gremlin Nob","floor":6.0,"turns":4.0},{"damage":8.0,"enemies":"3 Sentries","floor":8.0,"turns":12.0},{"damage":2.0,"enemies":"3 Louse","floor":10.0,"turns":3.0},{"damage":0.0,"enemies":"Lagavulin","floor":12.0,"turns":10.0},{"damage":0.0,"enemies":"Red Slaver","floor":13.0,"turns":4.0},{"damage":0.0,"enemies":"Large Slime","floor":14.0,"turns":5.0},{"damage":0.0,"enemies":"Slime Boss","floor":16.0,"turns":12.0},{"damage":0.0,"enemies":"Chosen","floor":18.0,"turns":4.0},{"damage":0.0,"enemies":"Shell Parasite","floor":20.0,"turns":5.0},{"damage":3.0,"enemies":"Shelled Parasite and Fungi","floor":21.0,"turns":7.0},{"damage":28.0,"enemies":"Slavers","floor":24.0,"turns":5.0},{"damage":0.0,"enemies":"Snecko","floor":25.0,"turns":4.0},{"damage":5.0,"enemies":"Cultist and Chosen","floor":27.0,"turns":4.0},{"damage":4.0,"enemies":"Book of Stabbing","floor":28.0,"turns":6.0},{"damage":0.0,"enemies":"Gremlin Leader","floor":31.0,"turns":5.0},{"damage":2.0,"enemies":"Automaton","floor":33.0,"turns":10.0},{"damage":2.0,"enemies":"3 Darklings","floor":35.0,"turns":5.0},{"damage":0.0,"enemies":"Orb Walker","floor":36.0,"turns":3.0},{"damage":0.0,"enemies":"4 Shapes","floor":39.0,"turns":6.0},{"damage":0.0,"enemies":"Reptomancer","floor":40.0,"turns":6.0},{"damage":17.0,"enemies":"3 Darklings","floor":42.0,"turns":5.0},{"damage":2.0,"enemies":"Nemesis","floor":44.0,"turns":7.0},{"damage":0.0,"enemies":"Maw","floor":45.0,"turns":7.0},{"damage":31.0,"enemies":"Giant Head","floor":46.0,"turns":11.0},{"damage":0.0,"enemies":"4 Shapes","floor":48.0,"turns":3.0},{"damage":11.0,"enemies":"Awakened One","floor":50.0,"turns":16.0},{"damage":10.0,"enemies":"Time Eater","floor":51.0,"turns":10.0},{"damage":30,"enemies":"Shield and Spear","floor":55,"turns":9},{"damage":42,"enemies":"The Heart","floor":56,"turns":3}],"seed_played":"-2967575710889894336","potions_obtained":[{"floor":1.0,"key":"PowerPotion"},{"floor":3.0,"key":"LiquidBronze"},{"floor":10.0,"key":"FairyPotion"},{"floor":27.0,"key":"Swift Potion"},{"floor":36.0,"key":"Dexterity Potion"},{"floor":39.0,"key":"DistilledChaos"},{"floor":40.0,"key":"Dexterity Potion"}],"is_trial":false,"path_per_floor":["M","T","M","M","$","E","R","E","T","M","?","E","M","M","R","B",null,"M","?","M","M","?","R","E","M","T","M","E","R","$","E","R","B",null,"M","M","?","$","M","E","R","M","T","E","M","E","?","M","R","B","B",null,"R","$","E","B"],"character_chosen":"DEFECT","items_purchased":["Runic Capacitor","Chill","DistilledChaos"],"campfire_rested":3,"item_purchase_floors":[5,30,54],"current_hp_per_floor":[64,64,63,61,61,10,31,23,23,21,21,21,21,21,21,21,59,59,53,53,50,50,50,22,22,22,17,13,13,13,13,13,11,56,54,54,54,54,54,54,71,54,54,52,52,21,21,21,36,25,15,57,71,71,41,0,0],"gold":193,"neow_bonus":"RANDOM_COMMON_RELIC","is_daily":false,"chose_seed":false,"campfire_upgraded":4,"win_rate":0.0,"timestamp":1608461968,"path_taken":["M","?","M","M","$","E","R","E","T","M","?","E","M","M","R","BOSS","M","?","M","M","?","R","E","M","T","M","E","R","$","E","R","BOSS","M","M","?","$","M","E","R","M","T","E","M","E","?","M","R","BOSS","BOSS","R","$","E","BOSS"],"items_purchased_type":["Relic","Card","Potion"],"build_version":"2020-12-13","purchased_purges":3,"victory":false,"max_hp_per_floor":[71,71,71,71,71,71,71,71,71,71,71,71,71,71,71,71,71,71,71,71,71,71,71,71,71,71,71,71,71,71,71,71,71,71,71,71,71,71,71,71,71,71,71,71,71,71,71,71,71,71,71,71,71,71,71,71,71],"relic_stats":{"Centennial Puzzle":[33],"Gremlin Horn":[32,33],"Happy Flower":[23],"counters":[32,200],"CeramicFish":81,"Eternal Feather":29,"Pen Nib":[31],"Juzu Bracelet":0,"Kunai":[0],"War Paint":["Zap","Defend_B"],"obtain_stats":[{"Lantern":12,"Gremlin Horn":9,"Happy Flower":40,"CeramicFish":28,"Oddly Smooth Stone":6,"Thread and Needle":24,"Eternal Feather":46,"Pen Nib":2,"Runic Capacitor":5,"Juzu Bracelet":31,"War Paint":0,"Cables":8,"Nuclear Battery":17,"Centennial Puzzle":26,"Anchor":44,"Fusion Hammer":34,"Kunai":55,"Cracked Core":0},{"Lantern":7,"Gremlin Horn":5,"Happy Flower":23,"CeramicFish":17,"Oddly Smooth Stone":4,"Thread and Needle":14,"Eternal Feather":27,"Pen Nib":1,"Runic Capacitor":3,"Juzu Bracelet":18,"War Paint":0,"Cables":5,"Nuclear Battery":10,"Centennial Puzzle":15,"Anchor":25,"Fusion Hammer":19,"Kunai":31,"Cracked Core":0},{"Lantern":38,"Gremlin Horn":25,"Happy Flower":129,"CeramicFish":94,"Oddly Smooth Stone":13,"Thread and Needle":80,"Eternal Feather":159,"Pen Nib":3,"Runic Capacitor":9,"Juzu Bracelet":99,"War Paint":0,"Cables":25,"Nuclear Battery":59,"Centennial Puzzle":84,"Anchor":141,"Fusion Hammer":109,"Kunai":197,"Cracked Core":0}],"Cables":[159,72,64,11,12]},"card_choices":[{"not_picked":["Heatsinks","Aggregate","Steam"],"picked":"SKIP","floor":1.0},{"not_picked":["Reprogram","Storm","Streamline"],"picked":"SKIP","floor":3.0},{"not_picked":["Loop","Hologram"],"picked":"Static Discharge","floor":4.0},{"not_picked":["Chill","FTL"],"picked":"Glacier","floor":6.0},{"not_picked":["Tempest","Darkness"],"picked":"Glacier","floor":8.0},{"not_picked":["Stack","Hello World"],"picked":"Sweeping Beam","floor":10.0},{"not_picked":["Stack","Rebound","Coolheaded"],"picked":"SKIP","floor":12.0},{"not_picked":["Hologram","Beam Cell"],"picked":"Compile Driver","floor":13.0},{"not_picked":["Go for the Eyes","Reinforced Body"],"picked":"Consume","floor":14.0},{"not_picked":["Reboot","Fission"],"picked":"Buffer","floor":16.0},{"not_picked":["Static Discharge","Gash"],"picked":"Ball Lightning","floor":18.0},{"not_picked":["Sweeping Beam","Steam+1"],"picked":"FTL","floor":20.0},{"not_picked":["Force Field","Darkness+1","Turbo"],"picked":"SKIP","floor":21.0},{"not_picked":["Turbo","Steam"],"picked":"Rainbow","floor":24.0},{"not_picked":["Rebound","Chaos","Streamline"],"picked":"SKIP","floor":25.0},{"not_picked":["Redo","Leap+1","Go for the Eyes"],"picked":"SKIP","floor":27.0},{"not_picked":["Go for the Eyes","Streamline"],"picked":"Barrage","floor":28.0},{"not_picked":["Hologram","Rebound","Cold Snap"],"picked":"SKIP","floor":31.0},{"not_picked":["Rebound","Cold Snap"],"picked":"Hologram","floor":31.0},{"not_picked":["Biased Cognition","Meteor Strike"],"picked":"Echo Form","floor":33.0},{"not_picked":["Gash","Cold Snap"],"picked":"Skim","floor":35.0},{"not_picked":["Lockon","Sweeping Beam+1","Hologram"],"picked":"SKIP","floor":36.0},{"not_picked":["Darkness","Conserve Battery"],"picked":"Compile Driver+1","floor":39.0},{"not_picked":["Auto Shields","Consume","Stack"],"picked":"SKIP","floor":40.0},{"not_picked":["Lockon","Steam Power","Redo"],"picked":"SKIP","floor":42.0},{"not_picked":["Sunder","Go for the Eyes","Blizzard"],"picked":"SKIP","floor":44.0},{"not_picked":["Chill","Tempest+1"],"picked":"Skim","floor":45.0},{"not_picked":["Rebound+1","Reinforced Body"],"picked":"Creative AI","floor":46.0},{"not_picked":["Barrage","Reinforced Body","Auto Shields+1"],"picked":"SKIP","floor":48.0},{"not_picked":["Go for the Eyes","Scrape"],"picked":"White Noise","floor":55}],"player_experience":1074699,"relics_obtained":[{"floor":2.0,"key":"Pen Nib"},{"floor":6.0,"key":"Oddly Smooth Stone"},{"floor":8.0,"key":"Cables"},{"floor":9.0,"key":"Gremlin Horn"},{"floor":12.0,"key":"Lantern"},{"floor":24.0,"key":"Thread and Needle"},{"floor":26.0,"key":"Centennial Puzzle"},{"floor":28.0,"key":"CeramicFish"},{"floor":31.0,"key":"Juzu Bracelet"},{"floor":40.0,"key":"Happy Flower"},{"floor":44.0,"key":"Anchor"},{"floor":46.0,"key":"Eternal Feather"},{"floor":55,"key":"Kunai"}],"event_choices":[{"cards_removed":["Strike_B"],"damage_healed":0.0,"max_hp_gain":0.0,"max_hp_loss":0.0,"gold_gain":0.0,"event_name":"The Cleric","player_choice":"Card Removal","floor":11.0,"gold_loss":75.0,"damage_taken":0.0},{"damage_healed":0.0,"max_hp_gain":0.0,"max_hp_loss":0.0,"gold_gain":0.0,"event_name":"Nest","player_choice":"Joined the Cult","floor":19.0,"gold_loss":0.0,"damage_taken":6.0,"cards_obtained":["RitualDagger"]},{"cards_removed":["Strike_B"],"damage_healed":0.0,"max_hp_gain":0.0,"max_hp_loss":0.0,"gold_gain":0.0,"event_name":"Designer","player_choice":"Upgrade and Remove","floor":22.0,"gold_loss":110.0,"damage_taken":0.0,"cards_upgraded":["Defend_B"]},{"damage_healed":0.0,"max_hp_gain":0.0,"max_hp_loss":0.0,"gold_gain":0.0,"event_name":"Tomb of Lord Red Mask","player_choice":"Ignored","floor":37.0,"gold_loss":0.0,"damage_taken":0.0},{"cards_removed":["Defend_B"],"damage_healed":0.0,"max_hp_gain":0.0,"max_hp_loss":0.0,"gold_gain":0.0,"event_name":"Falling","player_choice":"Removed Skill","floor":47.0,"gold_loss":0.0,"damage_taken":0.0}],"is_beta":false,"boss_relics":[{"not_picked":["SacredBark","Calling Bell"],"picked":"Nuclear Battery"},{"not_picked":["Runic Pyramid","FrozenCore"],"picked":"Fusion Hammer"}],"items_purged_floors":[30,38,54],"is_endless":false,"potions_floor_spawned":[1,3,10,13,14,16,20,27,33,36,39,40,44],"killed_by":"The Heart","ascension_level":20}}