{"host":"rmsq46plbpwfbxcc","time":1608447539,"event":{"mods":["AchievementEnabler","BaseMod","Colored Map","DeckTracker","Minty Spire (QoL Compilation)","Permanent Neow","SuperFastMode"],"gold_per_floor":[113,113,130,205,205,205,205,238,261,63,63,95,112,126,126,198,198,211,5,17,28,41,66,66,94,117,117,117,137,150,15,15,89,89,99,109,123,123,93,104,130,130,154,188,206,206,222,242,242,242,242],"floor_reached":50,"playtime":1981,"items_purged":["Strike_G","Strike_G"],"score":1042,"play_id":"97e7256c-3909-48b6-b82b-296c077f52d0","local_time":"20201220155859","is_ascension_mode":true,"campfire_choices":[{"floor":6.0,"key":"REST"},{"data":"Bandage Up","floor":11.0,"key":"SMITH"},{"data":"Cloak And Dagger","floor":15.0,"key":"SMITH"},{"data":"After Image","floor":27.0,"key":"SMITH"},{"data":"Finisher","floor":32,"key":"SMITH"},{"data":"Blade Dance","floor":42,"key":"SMITH"},{"data":"Accuracy","floor":46,"key":"SMITH"},{"data":"A Thousand Cuts","floor":49,"key":"SMITH"}],"circlet_count":0,"master_deck":["AscendersBane","Strike_G+1","Strike_G+1","Strike_G+1","Defend_G+1","Defend_G+1","Defend_G+1","Defend_G+1","Survivor","Neutralize","Cloak And Dagger+1","Tactician","Backstab","Bandage Up+1","PiercingWail","Blur","After Image+1","Finisher+1","PiercingWail","A Thousand Cuts+1","Cloak And Dagger","PiercingWail+1","Adrenaline","Blade Dance+1","Accuracy+1","Choke+1"],"relics":["WristBlade","The Courier","Vajra","Orichalcum","Anchor","SlaversCollar","Strawberry","Blue Candle","Kunai","Akabeko","Pen Nib","Philosopher\u0027s Stone","Oddly Smooth Stone","Happy Flower","Paper Crane"],"acts_visited":["Exordium","TheCity","TheBeyond"],"potions_floor_usage":[35,47,50],"damage_taken":[{"damage":0.0,"enemies":"2 Louse","floor":1.0,"turns":2.0},{"damage":0.0,"enemies":"Small Slimes","floor":3.0,"turns":3.0},{"damage":20.0,"enemies":"Lagavulin","floor":8.0,"turns":5.0},{"damage":4.0,"enemies":"3 Sentries","floor":12.0,"turns":5.0},{"damage":1.0,"enemies":"Jaw Worm","floor":13.0,"turns":3.0},{"damage":0.0,"enemies":"Gremlin Gang","floor":14.0,"turns":3.0},{"damage":10.0,"enemies":"Slime Boss","floor":16.0,"turns":6.0},{"damage":7.0,"enemies":"2 Thieves","floor":18.0,"turns":5.0},{"damage":0.0,"enemies":"3 Byrds","floor":20.0,"turns":6.0},{"damage":10.0,"enemies":"Centurion and Healer","floor":21.0,"turns":7.0},{"damage":28.0,"enemies":"Snecko","floor":22.0,"turns":6.0},{"damage":3.0,"enemies":"Book of Stabbing","floor":23.0,"turns":6.0},{"damage":18.0,"enemies":"Gremlin Leader","floor":25.0,"turns":8.0},{"damage":1,"enemies":"Snake Plant","floor":29,"turns":6},{"damage":4,"enemies":"Centurion and Healer","floor":30,"turns":6},{"damage":13,"enemies":"Champ","floor":33,"turns":14},{"damage":5,"enemies":"3 Darklings","floor":35,"turns":6},{"damage":0,"enemies":"Orb Walker","floor":36,"turns":2},{"damage":0,"enemies":"4 Shapes","floor":37,"turns":9},{"damage":7,"enemies":"Sphere and 2 Shapes","floor":40,"turns":8},{"damage":70,"enemies":"Nemesis","floor":41,"turns":9},{"damage":0,"enemies":"Reptomancer","floor":44,"turns":7},{"damage":3,"enemies":"Maw","floor":45,"turns":8},{"damage":24,"enemies":"Jaw Worm Horde","floor":47,"turns":4},{"damage":45,"enemies":"Transient","floor":48,"turns":5},{"damage":31,"enemies":"Donu and Deca","floor":50,"turns":8}],"seed_played":"2244656665399307739","potions_obtained":[{"floor":8.0,"key":"SteroidPotion"},{"floor":12.0,"key":"Poison Potion"},{"floor":13.0,"key":"FairyPotion"},{"floor":16.0,"key":"SpeedPotion"},{"floor":20.0,"key":"EntropicBrew"},{"floor":22.0,"key":"Weak Potion"},{"floor":30,"key":"Explosive Potion"},{"floor":33,"key":"Fire Potion"},{"floor":35,"key":"SneckoOil"},{"floor":36,"key":"Energy Potion"},{"floor":45,"key":"Regen Potion"},{"floor":48,"key":"Swift Potion"}],"is_trial":false,"path_per_floor":["M","?","M","?","?","R","?","E","T","$","R","E","M","M","R","B",null,"M","$","M","M","M","E","?","E","T","R","?","M","M","$","R","B",null,"M","M","M","?","$","M","E","R","T","E","M","R","M","M","R","B"],"character_chosen":"THE_SILENT","items_purchased":["Backstab","Bandage Up","Strawberry","Pen Nib","Accuracy"],"campfire_rested":1,"item_purchase_floors":[10,10,19,31,39],"current_hp_per_floor":[59,52,52,41,6,25,25,5,5,5,5,7,12,18,18,14,53,52,59,65,61,39,42,21,9,9,9,9,14,16,16,16,9,61,62,62,68,68,68,67,3,3,3,9,12,12,6,23,23,0,0],"gold":242,"neow_bonus":"BOSS_RELIC","is_daily":false,"chose_seed":false,"campfire_upgraded":7,"win_rate":0.0,"timestamp":1608447539,"path_taken":["M","?","M","?","?","R","?","E","T","$","R","E","?","M","R","BOSS","M","$","M","M","?","E","?","E","T","R","?","M","M","$","R","BOSS","M","M","M","?","$","M","E","R","T","E","M","R","M","M","R","BOSS"],"items_purchased_type":["Card","Card","Relic","Relic","Card"],"build_version":"2020-12-13","purchased_purges":2,"victory":false,"max_hp_per_floor":[66,66,66,66,66,66,66,66,66,66,66,66,66,66,66,66,66,66,73,73,73,73,73,78,78,78,78,78,78,78,78,78,78,78,78,78,78,78,78,78,78,78,78,78,78,78,78,78,78,78,78],"card_choices":[{"not_picked":["Riddle With Holes","Noxious Fumes"],"picked":"Cloak And Dagger","floor":1.0},{"not_picked":["Deadly Poison","Outmaneuver"],"picked":"Blade Dance","floor":3.0},{"not_picked":["Skewer","Backflip"],"picked":"Tactician","floor":8.0},{"not_picked":["Dagger Throw","Flechettes"],"picked":"PiercingWail","floor":12.0},{"not_picked":["Caltrops","Underhanded Strike"],"picked":"Blur","floor":13.0},{"not_picked":["Masterful Stab","Caltrops","Cloak And Dagger"],"picked":"SKIP","floor":14.0},{"not_picked":["Burst","Doppelganger"],"picked":"After Image","floor":16.0},{"not_picked":["All Out Attack","Skewer"],"picked":"Finisher","floor":18.0},{"not_picked":["Heel Hook","Deflect","Underhanded Strike"],"picked":"SKIP","floor":20.0},{"not_picked":["Quick Slash","Bane"],"picked":"PiercingWail","floor":21.0},{"not_picked":["Underhanded Strike","Finisher","Outmaneuver"],"picked":"SKIP","floor":22.0},{"not_picked":["Flying Knee","Quick Slash"],"picked":"A Thousand Cuts","floor":23.0},{"not_picked":["PiercingWail","Acrobatics"],"picked":"Cloak And Dagger","floor":25.0},{"not_picked":["Catalyst+1","Reflex","Eviscerate"],"picked":"SKIP","floor":29},{"not_picked":["Bouncing Flask","All Out Attack"],"picked":"PiercingWail+1","floor":30},{"not_picked":["Night Terror","Glass Knife"],"picked":"Adrenaline","floor":33},{"not_picked":["Masterful Stab","Acrobatics"],"picked":"Blade Dance","floor":35},{"not_picked":["Calculated Gamble+1","Slice+1","Setup"],"picked":"SKIP","floor":36},{"not_picked":["PiercingWail","All Out Attack+1","Dagger Spray"],"picked":"SKIP","floor":37},{"not_picked":["Finisher+1","Flying Knee+1","Underhanded Strike"],"picked":"SKIP","floor":40},{"not_picked":["Glass Knife","Deadly Poison"],"picked":"Choke+1","floor":41},{"not_picked":["Deflect","Riddle With Holes","Poisoned Stab"],"picked":"SKIP","floor":44},{"not_picked":["Reflex","Finisher","Deadly Poison"],"picked":"SKIP","floor":45},{"not_picked":["All Out Attack","Finisher","Prepared"],"picked":"SKIP","floor":47},{"not_picked":["Backstab","Bane","Dagger Spray+1"],"picked":"SKIP","floor":48}],"player_experience":1339862,"relics_obtained":[{"floor":8.0,"key":"Vajra"},{"floor":9.0,"key":"Orichalcum"},{"floor":12.0,"key":"Anchor"},{"floor":23.0,"key":"Blue Candle"},{"floor":25.0,"key":"Kunai"},{"floor":26.0,"key":"Akabeko"},{"floor":41,"key":"Oddly Smooth Stone"},{"floor":43,"key":"Happy Flower"},{"floor":44,"key":"Paper Crane"}],"event_choices":[{"cards_removed":["Defend_G"],"damage_healed":0.0,"max_hp_gain":0.0,"max_hp_loss":0.0,"gold_gain":0.0,"event_name":"Golden Wing","player_choice":"Card Removal","floor":2.0,"gold_loss":0.0,"damage_taken":7.0},{"damage_healed":0.0,"max_hp_gain":0.0,"max_hp_loss":0.0,"gold_gain":75.0,"event_name":"World of Goop","player_choice":"Gather Gold","floor":4.0,"gold_loss":0.0,"damage_taken":11.0},{"damage_healed":0.0,"max_hp_gain":0.0,"max_hp_loss":0.0,"gold_gain":0.0,"event_name":"Scrap Ooze","player_choice":"Success","floor":5.0,"gold_loss":0.0,"damage_taken":35.0,"relics_obtained":["The Courier"]},{"damage_healed":0.0,"max_hp_gain":0.0,"max_hp_loss":0.0,"gold_gain":0.0,"event_name":"Living Wall","player_choice":"Grow","floor":7.0,"gold_loss":0.0,"damage_taken":0.0,"cards_upgraded":["Blade Dance"]},{"damage_healed":0.0,"max_hp_gain":5.0,"max_hp_loss":0.0,"gold_gain":0.0,"event_name":"Forgotten Altar","player_choice":"Shed Blood","floor":24.0,"gold_loss":0.0,"damage_taken":26.0},{"damage_healed":0.0,"max_hp_gain":0.0,"max_hp_loss":0.0,"gold_gain":0.0,"event_name":"Back to Basics","player_choice":"Simplicity","floor":28.0,"gold_loss":0.0,"damage_taken":0.0,"cards_upgraded":["Strike_G","Strike_G","Strike_G","Defend_G","Defend_G","Defend_G","Defend_G"]},{"cards_removed":["Blade Dance"],"damage_healed":0,"gold_gain":0,"player_choice":"Removed Skill","damage_taken":0,"max_hp_gain":0,"max_hp_loss":0,"event_name":"Falling","floor":38,"gold_loss":0}],"is_beta":false,"boss_relics":[{"not_picked":["Snecko Eye","Ectoplasm"],"picked":"SlaversCollar"},{"not_picked":["Busted Crown","Fusion Hammer"],"picked":"Philosopher\u0027s Stone"}],"items_purged_floors":[10,19],"is_endless":false,"potions_floor_spawned":[8,12,13,16,20,21,22,30,33,35,36,45,48],"killed_by":"Donu and Deca","ascension_level":16}}