{"host":"4myl0piycjadqnwl","time":1608425780,"event":{"mods":["BaseMod","Colored Map","Downfall","Minty Spire (QoL Compilation)","StSLib"],"gold_per_floor":[99,126,126,126,146,176,176,205,205,234,258,258,134,151,163,258,308,83,117,102,127,143,154,179,179,45,75,75,95,107,107,120,221,221,221,281,281,312,312,312,312,385,436,503,490,540,540,591,648,648,648,715,4,4,4],"floor_reached":56,"playtime":7801,"items_purged":["Regret","Writhe","Writhe"],"score":1451,"play_id":"3fd8afbe-fcc9-4434-86f4-52f60756aee5","local_time":"20201220015620","is_ascension_mode":true,"campfire_choices":[{"data":"champ:Taunt","floor":1.0,"key":"SMITH"},{"floor":9.0,"key":"RECALL"},{"data":"champ:GladiatorStyle","floor":18.0,"key":"SMITH"},{"data":"champ:Improvising","floor":35.0,"key":"SMITH"},{"data":"champ:BladeFlurry","floor":37,"key":"SMITH"},{"floor":40,"key":"REST"},{"data":"champ:MurderStrike","floor":54,"key":"SMITH"}],"circlet_count":0,"master_deck":["champ:Strike+1","champ:Strike+1","champ:Strike+1","champ:Strike+1","champ:Defend+1","champ:Defend+1","champ:Defend+1","champ:Defend+1","champ:Execute+1","champ:Taunt+1","champ:Circumvent+1","champ:BladeFlurry+1","champ:StanceDance+1","champ:GladiatorStyle+1","champ:CheapShot+1","champ:GladiatorsShout+1","champ:Haymaker+1","champ:GladiatorStyle+1","champ:Devastate+1","champ:VampiricStrike+1","champ:Circumvent+1","champ:BringItOn+1","champ:FanOfKnives+1","champ:BladeFlurry+1","champ:FanOfKnives+1","champ:PreciseThrust+1","Dramatic Entrance+1","champ:CalledShot+1","champ:Improvising+1","champ:StanceDance+1","champ:MurderStrike+1"],"relics":["champ:ChampionCrown","downfall:HeartsMalice","Akabeko","Calipers","Blood Vial","Dead Branch","Odd Mushroom","Tiny House","Gambling Chip","Vajra","champ:DefensiveTrainingManual","downfall:KnowingSkull","Whetstone","Ice Cream","Cursed Key","Pen Nib","Eternal Feather","Regal Pillow","Oddly Smooth Stone","Pocketwatch","Bag of Marbles","Ginger","OrangePellets","champ:FightingForDummies"],"acts_visited":["Exordium","TheCity","TheBeyond","TheEnding"],"potions_floor_usage":[36,55],"damage_taken":[{"damage":0.0,"enemies":"Lagavulin","floor":2.0,"turns":1.0},{"damage":0.0,"enemies":"Small Slimes","floor":3.0,"turns":1.0},{"damage":0.0,"enemies":"2 Louse","floor":4.0,"turns":1.0},{"damage":9.0,"enemies":"Cultist","floor":5.0,"turns":5.0},{"damage":29.0,"enemies":"Gremlin Nob","floor":6.0,"turns":4.0},{"damage":16.0,"enemies":"3 Sentries","floor":8.0,"turns":8.0},{"damage":3.0,"enemies":"Lagavulin","floor":10.0,"turns":7.0},{"damage":13.0,"enemies":"The Mushroom Lair","floor":11.0,"turns":5.0},{"damage":10.0,"enemies":"downfall:FleeingMerchant","floor":13.0,"turns":5.0},{"damage":6.0,"enemies":"3 Louse","floor":14.0,"turns":4.0},{"damage":12.0,"enemies":"Exordium Wildlife","floor":15.0,"turns":7.0},{"damage":6.0,"enemies":"downfall:Ironclad","floor":16.0,"turns":11.0},{"damage":28.0,"enemies":"Slavers","floor":19.0,"turns":7.0},{"damage":0.0,"enemies":"downfall:FleeingMerchant","floor":20.0,"turns":5.0},{"damage":71.0,"enemies":"Gremlin Leader","floor":21.0,"turns":12.0},{"damage":3.0,"enemies":"Chosen","floor":22.0,"turns":4.0},{"damage":8.0,"enemies":"3 Byrds","floor":23.0,"turns":5.0},{"damage":23.0,"enemies":"downfall:FleeingMerchant","floor":26.0,"turns":5.0},{"damage":16.0,"enemies":"Book of Stabbing","floor":27.0,"turns":6.0},{"damage":17.0,"enemies":"Snake Plant","floor":29.0,"turns":3.0},{"damage":19.0,"enemies":"Chosen and Byrds","floor":30.0,"turns":4.0},{"damage":2.0,"enemies":"Shelled Parasite and Fungi","floor":32.0,"turns":5.0},{"damage":29.0,"enemies":"downfall:Silent","floor":33.0,"turns":9.0},{"damage":13,"enemies":"3 Shapes","floor":36,"turns":3},{"damage":21,"enemies":"Nemesis","floor":38,"turns":6},{"damage":6,"enemies":"Giant Head","floor":42,"turns":6},{"damage":44,"enemies":"3 Darklings","floor":43,"turns":7},{"damage":8,"enemies":"Nemesis","floor":44,"turns":3},{"damage":6,"enemies":"downfall:FleeingMerchant","floor":45,"turns":3},{"damage":41,"enemies":"Transient","floor":46,"turns":5},{"damage":3,"enemies":"Maw","floor":48,"turns":4},{"damage":22,"enemies":"Spire Growth","floor":49,"turns":3},{"damage":11,"enemies":"downfall:Watcher","floor":50,"turns":4},{"damage":31,"enemies":"downfall:CharBossMerchant","floor":52,"turns":7},{"damage":32,"enemies":"downfall:NeowBoss","floor":55,"turns":14}],"seed_played":"-3677330124507897227","potions_obtained":[{"floor":5.0,"key":"champ:UltimateStancePotion"},{"floor":6.0,"key":"champ:UltimateStancePotion"},{"floor":8.0,"key":"Dexterity Potion"},{"floor":15.0,"key":"DuplicationPotion"},{"floor":19.0,"key":"Guardian:BlockOnCardUsePotion"},{"floor":21.0,"key":"Guardian:BlockOnCardUsePotion"},{"floor":22.0,"key":"champ:OpenerPotion"},{"floor":28.0,"key":"CultistPotion"},{"floor":33.0,"key":"hexamod:EctoCoolerPotion"},{"floor":36,"key":"Energy Potion"},{"floor":52,"key":"FearPotion"}],"is_trial":false,"path_per_floor":["R","E","M","M","M","E","T","E","R","E","?","?","$","M","M","B",null,"R","E","$","E","M","M","T","?","$","E","?","M","M","?","M","B",null,"R","M","R","E","?","R","T","E","M","E","$","M","$","M","M","B",null,"E","$","R","B",null],"character_chosen":"THE_CHAMP","items_purchased":["champ:GladiatorStyle","champ:PreciseThrust","Dramatic Entrance","Pocketwatch","Ginger","OrangePellets","champ:FightingForDummies"],"campfire_rested":1,"item_purchase_floors":[13,26,26,45,53,53,53],"current_hp_per_floor":[90,90,90,90,84,60,60,49,49,48,42,42,39,40,30,26,95,105,89,91,45,74,68,68,59,52,38,38,23,44,44,44,52,105,105,92,92,90,90,105,105,102,86,105,102,84,84,105,89,95,105,77,77,95,84],"gold":4,"neow_bonus":"THREE_ENEMY_KILL","is_daily":false,"chose_seed":false,"campfire_upgraded":5,"win_rate":0.0,"timestamp":1608425780,"path_taken":["R","E","M","M","M","E","T","E","R","E","?","?","$","M","M","BOSS","R","E","$","E","M","M","T","?","?","E","?","M","M","?","M","BOSS","R","M","R","E","?","R","T","E","M","E","$","M","$","M","M","BOSS","E","$","R","BOSS"],"items_purchased_type":["Card","Card","Card","Relic","Relic","Relic","Relic"],"build_version":"2020-12-13","purchased_purges":3,"victory":true,"max_hp_per_floor":[90,90,90,90,90,90,90,90,90,90,90,90,90,90,90,90,95,105,105,105,105,105,105,105,105,105,105,105,105,105,105,105,105,105,105,105,105,105,105,105,105,105,105,105,105,105,105,105,105,105,105,105,105,105,105],"card_choices":[{"not_picked":["champ:GladiatorsShout","champ:RisingSlash"],"picked":"champ:Circumvent","floor":2.0},{"not_picked":["champ:Aggression","champ:RecklessLeap"],"picked":"champ:BladeFlurry","floor":3.0},{"not_picked":["champ:CrookedStrike","champ:Backstep"],"picked":"champ:StanceDance","floor":4.0},{"not_picked":["champ:FocusedBerserking","champ:AdrenalArmor"],"picked":"champ:GladiatorStyle","floor":5.0},{"not_picked":["champ:EnGarde","champ:ArenaPreparation","champ:PerfectedStrike"],"picked":"SKIP","floor":6.0},{"not_picked":["champ:CrookedStrike","champ:AdrenalArmor"],"picked":"champ:CheapShot","floor":8.0},{"not_picked":["champ:AdrenalArmor","champ:BringItOn","champ:CrookedStrike"],"picked":"SKIP","floor":10.0},{"not_picked":["champ:TornadoPunch","champ:RageSigil"],"picked":"champ:GladiatorsShout","floor":11.0},{"not_picked":["champ:ShieldSigil","champ:FlashCut"],"picked":"champ:Haymaker","floor":13.0},{"not_picked":["champ:GladiatorsShout","champ:FanOfKnives"],"picked":"champ:Devastate","floor":14.0},{"not_picked":["champ:ShieldWall","champ:ArenaPreparation","champ:EnGarde"],"picked":"SKIP","floor":15.0},{"not_picked":["champ:PerfectForm","champ:LastStand"],"picked":"champ:VampiricStrike","floor":16.0},{"not_picked":["champ:EnchantSword","champ:TornadoPunch"],"picked":"champ:Circumvent+1","floor":19.0},{"not_picked":["champ:Backstep","champ:Circumvent"],"picked":"champ:BringItOn","floor":20.0},{"not_picked":["champ:Encircle","champ:EnGarde+1"],"picked":"champ:FanOfKnives","floor":21.0},{"not_picked":["champ:DefensiveStyle","champ:DefensiveShout"],"picked":"champ:BladeFlurry+1","floor":22.0},{"not_picked":["champ:FaceSlap","champ:ShieldWall","champ:FlashCut"],"picked":"SKIP","floor":23.0},{"not_picked":["champ:Haymaker","champ:Circumvent"],"picked":"champ:FanOfKnives","floor":26.0},{"not_picked":["champ:Lariat","champ:RisingSlash+1","champ:Aggression"],"picked":"SKIP","floor":27.0},{"not_picked":["champ:Backstep","champ:FalseCounter"],"picked":"champ:CalledShot","floor":29.0},{"not_picked":["champ:FalseCounter","champ:Encircle","champ:Riposte"],"picked":"SKIP","floor":30.0},{"not_picked":["champ:FocusedDefense","champ:Circumvent","champ:TornadoPunch"],"picked":"SKIP","floor":32.0},{"not_picked":["champ:MurderStrike","champ:SwordThrow"],"picked":"champ:Improvising","floor":33.0},{"not_picked":["champ:IronFortress+1","champ:Haymaker","champ:Circumvent"],"picked":"SKIP","floor":36},{"not_picked":["champ:SkillfulDodge+1","champ:Balance+1","champ:FightOn"],"picked":"SKIP","floor":38},{"not_picked":["champ:BladeFlurry","champ:GladiatorsShout+1"],"picked":"champ:StanceDance+1","floor":42},{"not_picked":["champ:Encircle","champ:BerserkersShout+1","champ:FlashCut"],"picked":"SKIP","floor":43},{"not_picked":["champ:Circumvent+1","champ:RageSigil","champ:BerserkersShout"],"picked":"SKIP","floor":44},{"not_picked":["champ:ArenaPreparation","champ:Haymaker+1","champ:Riposte"],"picked":"SKIP","floor":45},{"not_picked":["champ:Haymaker","champ:StanceDance+1"],"picked":"champ:MurderStrike","floor":46},{"not_picked":["champ:FlashCut+1","champ:CrookedStrike","champ:EnGarde"],"picked":"SKIP","floor":48},{"not_picked":["champ:FocusedGladiator+1","champ:HeartStrike+1","champ:Encircle"],"picked":"SKIP","floor":49},{"not_picked":["champ:DeathBlow","champ:MurderStrike","champ:EnGarde"],"picked":"SKIP","floor":52}],"player_experience":1364850,"relics_obtained":[{"floor":2.0,"key":"Akabeko"},{"floor":6.0,"key":"Calipers"},{"floor":8.0,"key":"Blood Vial"},{"floor":10.0,"key":"Dead Branch"},{"floor":11.0,"key":"Odd Mushroom"},{"floor":19.0,"key":"Gambling Chip"},{"floor":21.0,"key":"Vajra"},{"floor":24.0,"key":"champ:DefensiveTrainingManual"},{"floor":27.0,"key":"Whetstone"},{"floor":38,"key":"Pen Nib"},{"floor":41,"key":"Eternal Feather"},{"floor":42,"key":"Regal Pillow"},{"floor":44,"key":"Oddly Smooth Stone"},{"floor":52,"key":"Bag of Marbles"}],"event_choices":[{"damage_healed":0.0,"max_hp_gain":0.0,"max_hp_loss":0.0,"gold_gain":0.0,"event_name":"Mushrooms","player_choice":"Fought Mushrooms","floor":11.0,"gold_loss":0.0,"damage_taken":0.0}],"is_beta":false,"boss_relics":[{"not_picked":["Ectoplasm","Velvet Choker"],"picked":"Tiny House"},{"not_picked":["Runic Dome","Black Star"],"picked":"Cursed Key"}],"items_purged_floors":[13,45,53],"is_endless":false,"potions_floor_spawned":[5,6,8,14,15,19,21,22,23,29,33,36,44,46,52],"ascension_level":2}}