{"host":"r3eb5kff0hcmimdq","time":1608479890,"event":{"mods":["Act Like it!","BaseMod","Colored Powertips","Highlight Path","Luminous","Marisa£®ÏF”Í°°ƒß¿Ì…≥£©","Minty Spire (QoL Compilation)","MostiFishMod","Replay The Spire","Shop Mod","Spicy Shops","StSLib","WarShipGirlsR/’ΩΩ¢…Ÿ≈ÆR mod","Youmu£®ªÍ∆«—˝√Œ£©","Yuyuko","noobMod","°æ“≈ŒÔø®≈∆°øREMEMod"],"gold_per_floor":[113,113,113,128,71,102,102,17,41,116,0,52,79,102,102,126,126,49,81,311,240,168,194,237,273,273,13,13,13,13,34,34,172,-1228,-1203,-1180,205,258,327,327,385,94,94,114,172,172,172,190,230,302,302,342,342,342,180,251,317],"floor_reached":58,"playtime":2452,"items_purged":["Luminous:Light_Flash_Shower","Luminous:Dark_Abyssal_Drop","Pride","Regret","Luminous:Defend_Luminous","Parasite","Luminous:Defend_Luminous","Luminous:Defend_Luminous"],"score":1847,"play_id":"f17d3e20-cd7d-4e51-972b-39b2d4bfa18a","local_time":"20201220235810","is_ascension_mode":false,"campfire_choices":[{"floor":7.0,"key":"RECALL"},{"floor":15.0,"key":"DIG"},{"floor":32.0,"key":"REST"},{"floor":40.0,"key":"REST"},{"floor":51,"key":"REST"},{"floor":54,"key":"REST"}],"circlet_count":0,"master_deck":["Luminous:Light_Flash_Shower+1","Luminous:Light_Flash_Shower+1","Luminous:Dark_Abyssal_Drop+1","Luminous:Dark_Abyssal_Drop","Luminous:Defend_Luminous+1","Luminous:Switch_Luminous+1","MostiFishMod:SephirahHod+1","Secret Weapon","Luminous:Light_Ray_of_Redemption","Luminous:Balance_Death_Scythe+1","Luminous:Lunar_Tide_Luminous","Luminous:Accumulation_Luminous","Luminous:Lania_Blessing_Luminous","CurseOfTheBell","Luminous:Concentrate_Luminous+1","Luminous:Light_Spectral_Light+1","Luminous:Erosion_Luminous","Luminous:Chaos_Field_Luminous+1","Luminous:Light_Gather+1"],"relics":["Luminous:MirrorRelic","ice","DaveBox","REME_ComplimentaryCards","NeowsBlessing","MostiFishMod:Hod","Question Card","Replay:Wax Seal","MerchantsRug","SentryEyes","Akabeko","BargainBundle","Replay:Bandana","Garlic","StoneCalendar","ImportantClient","Bag of Marbles","Meat on the Bone","DaCapo","REME_OnlineShoppingPlatform","Replay:Baseball","Pen Nib","TheAbacus","Replay:Rubber Ducky","Torii","Potion Belt","Onion Ring","TimeFreeze","HandDrill","Ancient Tea Set","ReplayTheSpireMod:Ninjato","Gremlin Food","Nilry\u0027s Codex","SynthV:MejaisSoulstealer","Regal Pillow","Divine Protection","Civilization","CombinedTypeHook","Medical Kit","WingedGreaves","Darkstone Periapt","Blue Doll","Bag of Preparation","Strange Spoon","Replay:Accelerometer","TungstenRod","Chemical X","Iron Hammer","ThornShield","Membership Card","War Paint","Replay:Bottled Steam","Dream Catcher","Golden Egg","Dodecahedron","Whetstone","CatCart","Orichalcum","Replay:Kaleidoscope","REME_CardOfGreed","Durian","Counterbalance","Du-Vu Doll"],"acts_visited":["Exordium","TheCity","TheBeyond","TheEnding"],"potions_floor_usage":[55],"damage_taken":[{"damage":0.0,"enemies":"2 Louse","floor":1.0,"turns":1.0},{"damage":0.0,"enemies":"Jaw Worm","floor":4.0,"turns":1.0},{"damage":0.0,"enemies":"Lagavulin","floor":6.0,"turns":1.0},{"damage":0.0,"enemies":"Small Slimes","floor":8.0,"turns":1.0},{"damage":0.0,"enemies":"3 Sentries","floor":12.0,"turns":2.0},{"damage":0.0,"enemies":"Gremlin Gang","floor":13.0,"turns":1.0},{"damage":0.0,"enemies":"Exordium Wildlife","floor":14.0,"turns":1.0},{"damage":10.0,"enemies":"Fading Forest","floor":16.0,"turns":11.0},{"damage":0.0,"enemies":"3 Byrds","floor":18.0,"turns":2.0},{"damage":0.0,"enemies":"Chosen","floor":19.0,"turns":1.0},{"damage":0.0,"enemies":"Snake Plant","floor":21.0,"turns":3.0},{"damage":0.0,"enemies":"Snecko","floor":22.0,"turns":3.0},{"damage":0.0,"enemies":"Centurion and Healer","floor":23.0,"turns":3.0},{"damage":13.0,"enemies":"Book of Stabbing","floor":24.0,"turns":5.0},{"damage":0.0,"enemies":"3 Cultists","floor":25.0,"turns":2.0},{"damage":0.0,"enemies":"Snake Plant","floor":31.0,"turns":1.0},{"damage":0.0,"enemies":"Automaton","floor":33.0,"turns":4.0},{"damage":0.0,"enemies":"Orb Walker","floor":35.0,"turns":1.0},{"damage":0.0,"enemies":"3 Darklings","floor":36.0,"turns":1.0},{"damage":0.0,"enemies":"Maw","floor":38.0,"turns":3.0},{"damage":0.0,"enemies":"2 Orb Walkers","floor":39.0,"turns":2.0},{"damage":0.0,"enemies":"Reptomancer","floor":41.0,"turns":1.0},{"damage":0.0,"enemies":"Sphere and 2 Shapes","floor":44.0,"turns":1.0},{"damage":0.0,"enemies":"Mind Bloom Boss Battle","floor":45.0,"turns":1.0},{"damage":0.0,"enemies":"Nemesis","floor":49.0,"turns":1.0},{"damage":0,"enemies":"Orin","floor":50,"turns":3},{"damage":0,"enemies":"Time Eater","floor":52,"turns":1},{"damage":0,"enemies":"Shield and Spear","floor":56,"turns":1},{"damage":0,"enemies":"The Heart","floor":57,"turns":3}],"seed_played":"1059705580921420699","potions_obtained":[{"floor":4.0,"key":"FearPotion"},{"floor":12.0,"key":"ColorlessPotion"},{"floor":16.0,"key":"LiquidMemories"},{"floor":24.0,"key":"FearPotion"}],"is_trial":false,"path_per_floor":["M","?","?","M","$","E","R","M","T","?","$","E","M","M","R","B",null,"M","M","$","M","M","M","E","M","T","$","?","?","?","M","R","B",null,"M","M","$","M","?","R","E","$","T","M","?","PTL","PTL","$","E","?","R","B",null,"R","$","E","B",null],"character_chosen":"LuminousClass","items_purchased":["Replay:Wax Seal","MerchantsRug","SentryEyes","Luminous:Balance_Death_Scythe","BargainBundle","Explosive Potion","SpeedPotion","Explosive Potion","Strength Potion","Replay:Bandana","REME_OnlineShoppingPlatform","Replay:Baseball","Pen Nib","TheAbacus","Replay:Rubber Ducky","Torii","Onion Ring","TimeFreeze","HandDrill","Ancient Tea Set","ReplayTheSpireMod:Ninjato","Gremlin Food","Regal Pillow","Divine Protection","Civilization","CombinedTypeHook","Medical Kit","Blue Doll","Bag of Preparation","Strange Spoon","Replay:Accelerometer","TungstenRod","Chemical X","Membership Card","War Paint","Replay:Bottled Steam","Dream Catcher","Golden Egg","Dodecahedron","Orichalcum","Replay:Kaleidoscope","REME_CardOfGreed","Durian","Counterbalance","Luminous:Light_Gather+1"],"campfire_rested":4,"item_purchase_floors":[5,5,5,5,11,11,11,11,11,11,20,20,20,20,20,20,27,27,27,27,27,27,37,37,37,37,37,42,42,42,42,42,42,48,48,48,48,48,48,55,55,55,55,55,55],"current_hp_per_floor":[75,75,75,75,75,75,75,75,75,68,68,74,75,75,75,65,75,75,75,75,75,75,75,72,75,75,75,75,75,59,59,75,75,75,75,75,75,76,79,79,85,90,90,99,109,109,109,112,123,141,141,160,160,160,170,191,213],"gold":317,"neow_bonus":"THREE_ENEMY_KILL","is_daily":false,"chose_seed":false,"campfire_upgraded":0,"win_rate":0.0,"timestamp":1608479890,"path_taken":["M","?","?","M","?","E","R","M","T","?","$","E","M","M","R","BOSS","M","?","$","M","M","M","E","M","T","$","?","?","?","?","R","BOSS","M","M","$","M","?","R","E","$","T","M","?","PTL","PTL","$","E","?","R","BOSS","R","$","E","BOSS"],"items_purchased_type":["Relic","Relic","Relic","Card","Relic","Potion","Potion","Potion","Potion","Relic","Relic","Relic","Relic","Relic","Relic","Relic","Relic","Relic","Relic","Relic","Relic","Relic","Relic","Relic","Relic","Relic","Relic","Relic","Relic","Relic","Relic","Relic","Relic","Relic","Relic","Relic","Relic","Relic","Relic","Relic","Relic","Relic","Relic","Relic","Card"],"build_version":"2020-12-13","purchased_purges":8,"victory":true,"max_hp_per_floor":[75,75,75,75,75,75,75,75,75,75,75,75,75,75,75,75,75,75,75,75,75,75,75,75,75,75,75,75,75,75,75,75,75,75,75,75,75,76,79,79,85,90,90,99,109,109,109,112,123,141,141,160,160,160,170,191,213],"card_choices":[{"not_picked":["Luminous:Light_Wash_Luminous","Luminous:Light_Gather"],"picked":"Luminous:Light_Ray_of_Redemption","floor":1.0},{"not_picked":["Metallicize","Luminous:Concentrate_Luminous","Pommel Strike","ReplayTheSpireMod:Exploit Weakness"],"picked":"SKIP","floor":4.0},{"not_picked":["rmod:combined","CherryBlossomFlashing","Blood for Blood","Unknown Petal"],"picked":"SKIP","floor":6.0},{"not_picked":["Dodge and Roll","Leap","Ghostdom Sakura","End of Faramita"],"picked":"SKIP","floor":8.0},{"not_picked":["Luminous:Dark_Extract","Luminous:Light_Wash_Luminous","Luminous:Magic_Guard_Luminous"],"picked":"Luminous:Lunar_Tide_Luminous","floor":12.0},{"not_picked":["Luminous:Darkness_Mastery_Luminous","Luminous:Blinding_Pillar_Luminous","Luminous:Abyss_Heart_Luminous","Luminous:Phantom_Treasure_Luminous"],"picked":"SKIP","floor":13.0},{"not_picked":["Luminous:Darkness_Mastery_Luminous","Luminous:Light_Reflection","Luminous:Photic_Meditation_Luminous"],"picked":"Luminous:Accumulation_Luminous","floor":14.0},{"not_picked":["Luminous:Freud_Wisdom1_Luminous","Luminous:Mirror_Force_Luminous","Luminous:Balance_Aether_Conduit"],"picked":"Luminous:Lania_Blessing_Luminous","floor":16.0},{"not_picked":["Luminous:Light_Gather","Luminous:Light_Disperse","Luminous:Light_Glare","Luminous:Light_Sylvan_Lance"],"picked":"SKIP","floor":18.0},{"not_picked":["Luminous:Blinding_Pillar_Luminous","Luminous:Dark_Dim_Erosion","Luminous:Dark_Pressure_Void+1","Luminous:Lights_Protection_Luminous"],"picked":"SKIP","floor":19.0},{"not_picked":["Luminous:Light_Sylvan_Lance","Luminous:Dark_Dim_Erosion","Luminous:Lights_Protection_Luminous+1","Luminous:Reverse_Spell_Luminous+1"],"picked":"SKIP","floor":21.0},{"not_picked":["Luminous:Light_Wash_Luminous+1","Luminous:Light_Gather","Luminous:Light_Sylvan_Lance","Luminous:Blinding_Pillar_Luminous"],"picked":"SKIP","floor":22.0},{"not_picked":["Luminous:Dark_Raid","Luminous:Dark_Dim_Erosion","Luminous:Balance_Death_Scythe"],"picked":"Luminous:Concentrate_Luminous+1","floor":23.0},{"not_picked":["Luminous:Dark_Apocalypse","Luminous:Light_Gather","Luminous:Light_Disperse","Luminous:Blinding_Pillar_Luminous"],"picked":"SKIP","floor":24.0},{"not_picked":["Luminous:Mana_Overload_Luminous+1","Luminous:Magic_Accelerate_Luminous","Luminous:Sympathy_Luminous+1"],"picked":"Luminous:Light_Spectral_Light","floor":25.0},{"not_picked":["Luminous:Mana_Well_Luminous","Luminous:Concentrate_Luminous","Luminous:Light_Gather+1"],"picked":"Luminous:Erosion_Luminous","floor":31.0},{"not_picked":["Luminous:Armageddon_Luminous","Luminous:Mirror_Force_Luminous","Luminous:Lania_Blessing_Luminous"],"picked":"Luminous:Chaos_Field_Luminous","floor":33.0},{"not_picked":["Luminous:Light_Sylvan_Lance","Luminous:Magic_Guard_Luminous","Luminous:Mana_Well_Luminous+1","Luminous:Light_Gather+1"],"picked":"SKIP","floor":35.0},{"not_picked":["Luminous:Phantom_Treasure_Luminous","Luminous:Light_Gather+1","Luminous:Light_Sylvan_Lance+1","Luminous:Dark_Pressure_Void+1"],"picked":"SKIP","floor":36.0},{"not_picked":["Luminous:Dark_Moonlight_Spear+1","Luminous:Light_Reflection+1","Luminous:Light_Disperse+1","Luminous:Abyss_Heart_Luminous+1"],"picked":"SKIP","floor":38.0},{"not_picked":["Luminous:Date_of_Light_Luminous","Luminous:Lania_Blessing_Luminous","Luminous:Blinding_Pillar_Luminous","Luminous:Light_Wash_Luminous"],"picked":"SKIP","floor":41.0},{"not_picked":["Luminous:Light_Wash_Luminous+1","Luminous:Light_Gather","Luminous:Dark_Pressure_Void+1","Luminous:Light_Sylvan_Lance"],"picked":"SKIP","floor":44.0},{"not_picked":["Luminous:Equalize_Luminous","Luminous:Light_Wash_Luminous+1","Luminous:Concentrate_Luminous","Luminous:Accumulation_Luminous"],"picked":"SKIP","floor":49.0},{"not_picked":["Luminous:Dark_Moonlight_Spear","Luminous:Dark_Raid","Luminous:Light_Track+1","Luminous:Light_Spectral_Light"],"picked":"SKIP","floor":56}],"player_experience":159056,"relics_obtained":[{"floor":1.0,"key":"Question Card"},{"floor":1.0,"key":"PrismaticShard"},{"floor":6.0,"key":"Akabeko"},{"floor":9.0,"key":"Lantern"},{"floor":12.0,"key":"Garlic"},{"floor":15.0,"key":"StoneCalendar"},{"floor":16.0,"key":"ImportantClient"},{"floor":17.0,"key":"Bag of Marbles"},{"floor":17.0,"key":"Meat on the Bone"},{"floor":17.0,"key":"DaCapo"},{"floor":24.0,"key":"Potion Belt"},{"floor":30.0,"key":"Nilry\u0027s Codex"},{"floor":39.0,"key":"WingedGreaves"},{"floor":41.0,"key":"Darkstone Periapt"},{"floor":43.0,"key":"Iron Hammer"},{"floor":45.0,"key":"ThornShield"},{"floor":49.0,"key":"Whetstone"},{"floor":50,"key":"CatCart"},{"floor":56,"key":"Du-Vu Doll"}],"event_choices":[{"damage_healed":0.0,"max_hp_gain":0.0,"max_hp_loss":0.0,"gold_gain":75.0,"event_name":"FaceTrader","player_choice":"Touch","floor":10.0,"gold_loss":0.0,"damage_taken":7.0},{"damage_healed":0.0,"max_hp_gain":0.0,"max_hp_loss":0.0,"gold_gain":0.0,"event_name":"Vampires","player_choice":"Ignored","floor":29.0,"gold_loss":0.0,"damage_taken":0.0},{"damage_healed":0.0,"max_hp_gain":0.0,"max_hp_loss":0.0,"gold_gain":0.0,"event_name":"Cursed Tome","player_choice":"Obtained Book","floor":30.0,"gold_loss":0.0,"damage_taken":16.0},{"damage_healed":0.0,"max_hp_gain":0.0,"max_hp_loss":0.0,"gold_gain":0.0,"event_name":"Mysterious Sphere","player_choice":"Fight","floor":39.0,"gold_loss":0.0,"damage_taken":0.0},{"damage_healed":0.0,"max_hp_gain":0.0,"max_hp_loss":0.0,"gold_gain":0.0,"event_name":"MindBloom","player_choice":"Fight","floor":45.0,"gold_loss":0.0,"damage_taken":0.0},{"damage_healed":0,"gold_gain":0,"player_choice":"Fight","damage_taken":0,"max_hp_gain":0,"max_hp_loss":0,"event_name":"OrinTheCat","floor":50,"gold_loss":0}],"is_beta":false,"boss_relics":[{"not_picked":["Busted Crown","Ectoplasm"],"picked":"Calling Bell"},{"not_picked":["OneHitWonderSystem","ReplayTheSpireMod:DimensionalGlitch"],"picked":"SynthV:MejaisSoulstealer"}],"items_purged_floors":[11,20,27,37,42,48,55,55],"is_endless":false,"potions_floor_spawned":[4,12,16,22,24,31,33,35,44,45,50,56],"ascension_level":0}}