{"host":"9ndbo4kgsfoemf7y","time":1608451422,"event":{"mods":["AchievementEnabler","BaseMod","Colored Map","DeckTracker","Keyboard Shortcuts","Minty Spire (QoL Compilation)","Permanent Neow","Quick Restart","Relic Stats","StSLib","SuperFastMode"],"gold_per_floor":[109,121,132,152,152,152,152,152],"floor_reached":7,"playtime":171,"items_purged":[],"score":82,"play_id":"a3dbe9ab-cb95-4de7-a3b3-b4a0e5d020f2","local_time":"20201220170342","is_ascension_mode":true,"campfire_choices":[{"data":"Calculated Gamble","floor":6,"key":"SMITH"}],"circlet_count":0,"master_deck":["AscendersBane","Strike_G","Strike_G","Strike_G","Strike_G","Defend_G","Defend_G","Defend_G","Defend_G","Defend_G","Survivor","Neutralize","Acrobatics","Dagger Spray","Leg Sweep","Calculated Gamble+1"],"relics":["Cursed Key"],"acts_visited":["Exordium"],"potions_floor_usage":[7],"damage_taken":[{"damage":6,"enemies":"Jaw Worm","floor":1,"turns":5},{"damage":0,"enemies":"2 Louse","floor":2,"turns":3},{"damage":1,"enemies":"Small Slimes","floor":3,"turns":3},{"damage":3,"enemies":"Looter","floor":4,"turns":4},{"damage":47,"enemies":"Gremlin Nob","floor":7,"turns":5}],"seed_played":"-185808121916323605","potions_obtained":[{"floor":2,"key":"Weak Potion"},{"floor":4,"key":"LiquidBronze"}],"is_trial":false,"path_per_floor":["M","M","M","M","?","R","E"],"character_chosen":"THE_SILENT","items_purchased":[],"campfire_rested":0,"item_purchase_floors":[],"current_hp_per_floor":[53,53,52,49,42,42,0,0],"gold":152,"neow_bonus":"BOSS_RELIC","is_daily":false,"chose_seed":false,"campfire_upgraded":1,"win_rate":0.0,"timestamp":1608451422,"path_taken":["M","M","M","M","?","R","E"],"items_purchased_type":[],"build_version":"2020-12-13","purchased_purges":0,"victory":false,"max_hp_per_floor":[66,66,66,66,66,66,66,66],"relic_stats":{"counters":[5,20],"Cursed Key":0,"obtain_stats":[{"Cursed Key":0,"Ring of the Snake":0},{"Cursed Key":0,"Ring of the Snake":0},{"Cursed Key":0,"Ring of the Snake":0}]},"card_choices":[{"not_picked":["Underhanded Strike","Slice"],"picked":"Acrobatics","floor":1},{"not_picked":["Outmaneuver","Quick Slash"],"picked":"Dagger Spray","floor":2},{"not_picked":["Flying Knee","Quick Slash"],"picked":"Leg Sweep","floor":3},{"not_picked":["Flying Knee","Acrobatics"],"picked":"Calculated Gamble","floor":4}],"player_experience":717692,"relics_obtained":[],"event_choices":[{"cards_removed":["Strike_G"],"damage_healed":0,"gold_gain":0,"player_choice":"Card Removal","damage_taken":7,"max_hp_gain":0,"max_hp_loss":0,"event_name":"Golden Wing","floor":5,"gold_loss":0}],"is_beta":false,"boss_relics":[],"items_purged_floors":[],"is_endless":false,"potions_floor_spawned":[2,4],"killed_by":"Gremlin Nob","ascension_level":18}}