{"host":"sh8ot41fo7a0kahq","time":1608440879,"event":{"mods":["ATMod(°¢èªMod)","BaseMod","Better Third Choice","Colored Powertips","Minty Spire (QoL Compilation)","Quick Restart","Spicy Shops","StSLib","UnlockEverythingMod","¡¾ÒÅÎï¿¨ÅÆ¡¿REMEMod"],"gold_per_floor":[110,185,135,135,135,179,179,193,245,269,312,415,458,479,479,479,479],"floor_reached":16,"playtime":281,"items_purged":[],"score":165,"play_id":"8c547a70-7841-4bda-87a1-c0646bf52b13","local_time":"20201220130759","is_ascension_mode":true,"campfire_choices":[{"data":"HandOfGreed","floor":7.0,"key":"SMITH"},{"data":"Seek","floor":15,"key":"SMITH"}],"circlet_count":0,"master_deck":["Strike_B","Strike_B","Strike_B","Defend_B","Defend_B","Defend_B","Defend_B","Zap","Dualcast","AT_HeatAcrobatics+1","HandOfGreed+1","Cold Snap","Seek+1","Ball Lightning","Hello World","Ball Lightning"],"relics":["Cracked Core","AT_ATBox","REME_ComplimentaryCards","NeowsBlessing","Golden Idol","Tiny Chest","Odd Mushroom"],"acts_visited":[],"potions_floor_usage":[],"damage_taken":[{"damage":0.0,"enemies":"2 Louse","floor":1.0,"turns":1.0},{"damage":0.0,"enemies":"Gremlin Nob","floor":6.0,"turns":1.0},{"damage":0.0,"enemies":"Small Slimes","floor":8.0,"turns":1.0},{"damage":7,"enemies":"Jaw Worm","floor":10,"turns":2},{"damage":23,"enemies":"Large Slime","floor":11,"turns":7},{"damage":15,"enemies":"The Mushroom Lair","floor":12,"turns":5},{"damage":0,"enemies":"2 Fungi Beasts","floor":13,"turns":2},{"damage":6,"enemies":"Blue Slaver","floor":14,"turns":3},{"damage":6,"enemies":"The Guardian","floor":16,"turns":3}],"seed_played":"2130519294373365050","potions_obtained":[{"floor":11,"key":"Swift Potion"},{"floor":12,"key":"BlessingOfTheForge"},{"floor":14,"key":"FocusPotion"}],"is_trial":false,"path_per_floor":["M","?","?","?","?","E","R","M","T","M","M","?","M","M","R","B"],"character_chosen":"DEFECT","items_purchased":[],"campfire_rested":0,"item_purchase_floors":[],"current_hp_per_floor":[68,57,57,57,57,57,57,57,57,50,27,12,12,6,6,0,0],"gold":479,"neow_bonus":"THREE_ENEMY_KILL","is_daily":false,"chose_seed":false,"campfire_upgraded":2,"win_rate":0.0,"timestamp":1608440879,"path_taken":["M","?","?","?","?","E","R","?","T","M","M","?","M","M","R","BOSS"],"items_purchased_type":[],"build_version":"2020-12-13","purchased_purges":0,"victory":false,"max_hp_per_floor":[75,75,75,69,69,69,69,69,69,69,69,69,69,69,69,69,69],"card_choices":[{"not_picked":["Turbo","Undo"],"picked":"AT_HeatAcrobatics","floor":1.0},{"not_picked":["Go for the Eyes","Reprogram","Lockon"],"picked":"SKIP","floor":6.0},{"not_picked":["Go for the Eyes","Reprogram","Lockon"],"picked":"SKIP","floor":6.0},{"not_picked":["Beam Cell","Go for the Eyes","Barrage"],"picked":"SKIP","floor":8.0},{"not_picked":["Beam Cell","Leap"],"picked":"Cold Snap","floor":10},{"not_picked":["Sweeping Beam","Stack"],"picked":"Seek","floor":11},{"not_picked":["Compile Driver","Turbo"],"picked":"Ball Lightning","floor":12},{"not_picked":["Leap","AT_HeatAcrobatics"],"picked":"Hello World","floor":13},{"not_picked":["Consume","Steam"],"picked":"Ball Lightning","floor":14}],"player_experience":280387,"relics_obtained":[{"floor":6.0,"key":"Tiny Chest"},{"floor":12,"key":"Odd Mushroom"}],"event_choices":[{"damage_healed":0.0,"max_hp_gain":0.0,"max_hp_loss":0.0,"gold_gain":75.0,"event_name":"betterThird:BetterGoop","player_choice":"Gold","floor":2.0,"gold_loss":0.0,"damage_taken":11.0},{"cards_removed":["Strike_B"],"damage_healed":0.0,"max_hp_gain":0.0,"max_hp_loss":0.0,"gold_gain":0.0,"event_name":"The Cleric","player_choice":"Card Removal","floor":3.0,"gold_loss":50.0,"damage_taken":0.0},{"damage_healed":0.0,"max_hp_gain":0.0,"max_hp_loss":6.0,"gold_gain":0.0,"event_name":"Golden Idol","player_choice":"Lose Max HP","floor":4.0,"gold_loss":0.0,"damage_taken":0.0,"relics_obtained":["Golden Idol"]},{"damage_healed":0.0,"max_hp_gain":0.0,"max_hp_loss":0.0,"gold_gain":0.0,"event_name":"Living Wall","player_choice":"Grow","floor":5.0,"gold_loss":0.0,"damage_taken":0.0,"cards_upgraded":["AT_HeatAcrobatics"]},{"damage_healed":0,"gold_gain":0,"player_choice":"Fought Mushrooms","damage_taken":0,"max_hp_gain":0,"max_hp_loss":0,"event_name":"Mushrooms","floor":12,"gold_loss":0}],"is_beta":false,"boss_relics":[],"items_purged_floors":[],"is_endless":false,"potions_floor_spawned":[11,12,14],"killed_by":"The Guardian","ascension_level":6}}