{"host":"cc187","time":1608431508,"event":{"mods":["AchievementEnabler","BaseMod","Bestiary","Colored Map","Colored Powertips","Highlight Path","Keyboard Shortcuts","Minty Spire (QoL Compilation)","Quick Restart","Rare Cards Sparkle","Relic Stats","StSLib","SuperFastMode","Synergy Search"],"gold_per_floor":[116,116,166,216,232,232,248,279,279,279,293,48,83,100,100,175,175,151,28,38,48,60,60,95,107,134,49,49,49],"floor_reached":28,"playtime":1900,"items_purged":["Infinite Blades"],"score":463,"play_id":"18ec2080-a179-4584-8d19-fb052261b015","local_time":"20201220023148","is_ascension_mode":true,"campfire_choices":[{"data":"Bouncing Flask","floor":6,"key":"SMITH"},{"floor":10,"key":"REST"},{"floor":15,"key":"REST"},{"floor":23,"key":"REST"}],"circlet_count":0,"master_deck":["AscendersBane","Survivor","Neutralize+1","Footwork","Dash","Bane","Crippling Poison","Leg Sweep","Corpse Explosion","Bane+1","Expertise","Leg Sweep","Bouncing Flask+1","Night Terror","Die Die Die","Well Laid Plans","Escape Plan","PiercingWail","Tools of the Trade","Adrenaline","Noxious Fumes","Wraith Form v2","Deadly Poison+1","Calculated Gamble"],"relics":["Pandora\u0027s Box","Prayer Wheel","Membership Card","Orichalcum","SlaversCollar","OrangePellets","Happy Flower","Whetstone","Strawberry"],"acts_visited":["Exordium","TheCity"],"potions_floor_usage":[8,8,18,22,24,28],"damage_taken":[{"damage":1,"enemies":"2 Louse","floor":1,"turns":2},{"damage":4,"enemies":"Small Slimes","floor":5,"turns":6},{"damage":0,"enemies":"Cultist","floor":7,"turns":3},{"damage":39,"enemies":"Gremlin Nob","floor":8,"turns":5},{"damage":2,"enemies":"Large Slime","floor":11,"turns":8},{"damage":13,"enemies":"3 Sentries","floor":13,"turns":5},{"damage":0,"enemies":"Looter","floor":14,"turns":4},{"damage":26,"enemies":"The Guardian","floor":16,"turns":10},{"damage":16,"enemies":"2 Thieves","floor":18,"turns":5},{"damage":13,"enemies":"3 Byrds","floor":20,"turns":3},{"damage":4,"enemies":"Snecko","floor":21,"turns":7},{"damage":13,"enemies":"Chosen and Byrds","floor":22,"turns":7},{"damage":16,"enemies":"Gremlin Leader","floor":24,"turns":8},{"damage":10,"enemies":"Centurion and Healer","floor":25,"turns":7},{"damage":15,"enemies":"Shelled Parasite and Fungi","floor":28,"turns":2}],"seed_played":"6665885302760341403","potions_obtained":[{"floor":1,"key":"EntropicBrew"},{"floor":16,"key":"SkillPotion"},{"floor":20,"key":"SpeedPotion"},{"floor":24,"key":"EssenceOfSteel"},{"floor":25,"key":"BlessingOfTheForge"}],"is_trial":false,"path_per_floor":["M","?","?","?","M","R","M","E","T","R","M","$","E","M","R","B",null,"M","$","M","M","M","R","E","M","T","?","M"],"character_chosen":"THE_SILENT","items_purchased":["Membership Card","Well Laid Plans","OrangePellets","Adrenaline"],"campfire_rested":3,"item_purchase_floors":[12,12,19,19],"current_hp_per_floor":[58,63,63,63,59,59,59,20,20,41,39,39,26,26,47,21,59,43,43,30,26,13,34,18,8,8,15,0,0],"gold":49,"neow_bonus":"BOSS_RELIC","is_daily":false,"chose_seed":false,"campfire_upgraded":1,"win_rate":0.0,"timestamp":1608431508,"path_taken":["M","?","?","?","M","R","M","E","T","R","?","$","E","M","R","BOSS","M","$","M","M","M","R","E","M","T","?","M"],"items_purchased_type":["Relic","Card","Relic","Card"],"build_version":"2020-12-18","purchased_purges":1,"victory":false,"max_hp_per_floor":[66,71,71,71,71,71,71,71,71,71,71,71,71,71,71,71,71,71,71,71,71,71,71,71,71,71,78,78,78],"relic_stats":{"OrangePellets":[5],"Happy Flower":[3],"counters":[15,82],"Pandora\u0027s Box":["Footwork","Dash","Bane","Crippling Poison","Leg Sweep","Corpse Explosion","Bane","Infinite Blades","Expertise","Leg Sweep"],"Prayer Wheel":7,"Whetstone":["Bane","Neutralize"],"Orichalcum":[102],"obtain_stats":[{"SlaversCollar":17,"OrangePellets":19,"Happy Flower":24,"Strawberry":27,"Pandora\u0027s Box":0,"Prayer Wheel":8,"Membership Card":12,"Whetstone":26,"Orichalcum":13,"Ring of the Snake":0},{"SlaversCollar":8,"OrangePellets":9,"Happy Flower":13,"Strawberry":14,"Pandora\u0027s Box":0,"Prayer Wheel":4,"Membership Card":5,"Whetstone":14,"Orichalcum":6,"Ring of the Snake":0},{"SlaversCollar":43,"OrangePellets":48,"Happy Flower":73,"Strawberry":80,"Pandora\u0027s Box":0,"Prayer Wheel":16,"Membership Card":24,"Whetstone":80,"Orichalcum":29,"Ring of the Snake":0}]},"card_choices":[{"not_picked":["Accuracy","Underhanded Strike","Dagger Spray"],"picked":"SKIP","floor":1},{"not_picked":["Blade Dance","PiercingWail"],"picked":"Bouncing Flask","floor":5},{"not_picked":["Flying Knee","Dagger Spray"],"picked":"Night Terror","floor":7},{"not_picked":["Outmaneuver","Finisher","Predator"],"picked":"SKIP","floor":8},{"not_picked":["Poisoned Stab","Blade Dance"],"picked":"Die Die Die","floor":11},{"not_picked":["Dagger Throw","Bane","Blade Dance"],"picked":"SKIP","floor":11},{"not_picked":["Well Laid Plans","Concentrate"],"picked":"Escape Plan","floor":13},{"not_picked":["Dodge and Roll","Acrobatics"],"picked":"PiercingWail","floor":14},{"not_picked":["Dagger Spray","Accuracy","Leg Sweep"],"picked":"SKIP","floor":14},{"not_picked":["Unload","A Thousand Cuts"],"picked":"Tools of the Trade","floor":16},{"not_picked":["Cloak And Dagger","Sucker Punch","Dash+1"],"picked":"SKIP","floor":18},{"not_picked":["Bane","Dodge and Roll","Outmaneuver"],"picked":"SKIP","floor":18},{"not_picked":["Sucker Punch","Dodge and Roll","Blade Dance+1"],"picked":"SKIP","floor":20},{"not_picked":["Dagger Spray","Underhanded Strike","Sucker Punch+1"],"picked":"SKIP","floor":20},{"not_picked":["Concentrate","Expertise"],"picked":"Noxious Fumes","floor":21},{"not_picked":["Sucker Punch","Crippling Poison"],"picked":"Wraith Form v2","floor":21},{"not_picked":["Leg Sweep","Underhanded Strike","PiercingWail"],"picked":"SKIP","floor":22},{"not_picked":["Quick Slash","Outmaneuver","PiercingWail"],"picked":"SKIP","floor":22},{"not_picked":["Cloak And Dagger","Underhanded Strike"],"picked":"Deadly Poison+1","floor":24},{"not_picked":["Bane+1","Dodge and Roll"],"picked":"Calculated Gamble","floor":25},{"not_picked":["Sucker Punch+1","Skewer","Night Terror"],"picked":"SKIP","floor":25}],"player_experience":794309,"relics_obtained":[{"floor":8,"key":"Prayer Wheel"},{"floor":13,"key":"Orichalcum"},{"floor":24,"key":"Happy Flower"},{"floor":26,"key":"Whetstone"}],"event_choices":[{"damage_healed":0,"gold_gain":0,"player_choice":"Donut","damage_taken":0,"max_hp_gain":5,"max_hp_loss":0,"event_name":"Big Fish","floor":2,"gold_loss":0},{"damage_healed":0,"gold_gain":50,"player_choice":"Gained Gold","damage_taken":0,"max_hp_gain":0,"max_hp_loss":0,"event_name":"Golden Wing","floor":3,"gold_loss":0},{"damage_healed":0,"gold_gain":50,"player_choice":"Pray","damage_taken":0,"max_hp_gain":0,"max_hp_loss":0,"event_name":"Golden Shrine","floor":4,"gold_loss":0},{"damage_healed":0,"gold_gain":0,"player_choice":"Obtained Relic","damage_taken":0,"relics_obtained":["Strawberry"],"max_hp_gain":0,"max_hp_loss":0,"event_name":"Addict","floor":27,"gold_loss":85}],"is_beta":true,"boss_relics":[{"not_picked":["Tiny House","Cursed Key"],"picked":"SlaversCollar"}],"items_purged_floors":[12],"is_endless":false,"potions_floor_spawned":[1,16,20,24,25],"killed_by":"Shelled Parasite and Fungi","ascension_level":17}}