{"host":"BK","time":1608486748,"event":{"mods":["BaseMod","Highlight Path","Minty Spire (QoL Compilation)","StSLib"],"gold_per_floor":[112,112,187,204,13,47,67,97,166,166,179,209,224,242,242,314,314,325,168,187,197,208,208,208,208],"floor_reached":24,"playtime":837,"items_purged":["Strike_R"],"score":540,"play_id":"faea850d-e1fc-4f62-b92c-5b6cdd6438b8","local_time":"20201220105228","is_ascension_mode":true,"campfire_choices":[{"floor":10,"key":"REST"},{"floor":15,"key":"REST"},{"floor":23,"key":"REST"}],"circlet_count":0,"master_deck":["AscendersBane","Strike_R","Strike_R","Strike_R","Strike_R","Defend_R","Defend_R","Defend_R","Defend_R","Bash","Metallicize","Pummel","Twin Strike","Inflame","Combust","Metallicize","Heavy Blade+1","Pommel Strike+1","Shrug It Off","Uppercut+1","Limit Break","Rupture","True Grit","Armaments","Battle Trance","Shockwave"],"relics":["Burning Blood","NeowsBlessing","Prayer Wheel","Membership Card","Smiling Mask","Omamori","Molten Egg 2","Shuriken","Cursed Key","Oddly Smooth Stone"],"acts_visited":["Exordium","TheCity"],"potions_floor_usage":[8,12,16,16,21,22],"damage_taken":[{"damage":0,"enemies":"2 Louse","floor":1,"turns":1},{"damage":0,"enemies":"Small Slimes","floor":4,"turns":2},{"damage":0,"enemies":"3 Sentries","floor":6,"turns":1},{"damage":0,"enemies":"Cultist","floor":7,"turns":3},{"damage":36,"enemies":"Lagavulin","floor":8,"turns":5},{"damage":12,"enemies":"Large Slime","floor":11,"turns":4},{"damage":0,"enemies":"Gremlin Nob","floor":12,"turns":2},{"damage":10,"enemies":"Lots of Slimes","floor":13,"turns":3},{"damage":27,"enemies":"Exordium Wildlife","floor":14,"turns":5},{"damage":19,"enemies":"The Guardian","floor":16,"turns":11},{"damage":26,"enemies":"Chosen","floor":18,"turns":4},{"damage":25,"enemies":"3 Byrds","floor":20,"turns":4},{"damage":23,"enemies":"Snake Plant","floor":21,"turns":5},{"damage":7,"enemies":"Snecko","floor":22,"turns":5},{"damage":36,"enemies":"Slavers","floor":24,"turns":3}],"seed_played":"-6572269351641569983","potions_obtained":[{"floor":6,"key":"Strength Potion"},{"floor":8,"key":"LiquidBronze"},{"floor":12,"key":"SteroidPotion"},{"floor":16,"key":"SkillPotion"},{"floor":21,"key":"Weak Potion"}],"is_trial":false,"path_per_floor":["M","?","?","M","$","E","M","E","T","R","M","E","M","M","R","B",null,"M","$","M","M","M","R","E"],"character_chosen":"IRONCLAD","items_purchased":["Membership Card","SteroidPotion","Oddly Smooth Stone","Armaments"],"campfire_rested":3,"item_purchase_floors":[5,5,19,19],"current_hp_per_floor":[74,48,37,43,43,49,55,25,25,47,41,47,43,22,44,31,64,44,44,25,8,7,29,0,0],"gold":208,"neow_bonus":"THREE_ENEMY_KILL","is_daily":false,"chose_seed":false,"campfire_upgraded":0,"win_rate":0.0,"timestamp":1608486748,"path_taken":["M","?","?","M","$","E","M","E","T","R","M","E","M","M","R","BOSS","M","$","M","M","M","R","E"],"items_purchased_type":["Relic","Potion","Relic","Card"],"build_version":"2020-12-18","purchased_purges":1,"victory":false,"max_hp_per_floor":[75,75,75,75,75,75,75,75,75,75,75,75,75,75,75,75,75,75,75,75,75,75,75,75,75],"card_choices":[{"not_picked":["Clash","Perfected Strike"],"picked":"Metallicize","floor":1},{"not_picked":["Dark Embrace","Headbutt"],"picked":"Pummel","floor":4},{"not_picked":["Cleave","Sever Soul"],"picked":"Twin Strike","floor":4},{"not_picked":["Thunderclap","Metallicize"],"picked":"Inflame","floor":6},{"not_picked":["Searing Blow","Brutality"],"picked":"Combust","floor":7},{"not_picked":["Perfected Strike","Intimidate","Clothesline"],"picked":"SKIP","floor":7},{"not_picked":["Thunderclap","Pommel Strike"],"picked":"Metallicize","floor":8},{"not_picked":["Iron Wave+1","Combust"],"picked":"Heavy Blade+1","floor":11},{"not_picked":["Headbutt+1","Armaments","Pommel Strike+1"],"picked":"SKIP","floor":11},{"not_picked":["Havoc","Fire Breathing"],"picked":"Pommel Strike+1","floor":12},{"not_picked":["Entrench","Power Through"],"picked":"Shrug It Off","floor":13},{"not_picked":["Pommel Strike+1","Pummel+1"],"picked":"Uppercut+1","floor":13},{"not_picked":["Perfected Strike+1","Warcry","Flex"],"picked":"SKIP","floor":14},{"not_picked":["Fiend Fire+1","Rage","Havoc"],"picked":"SKIP","floor":14},{"not_picked":["Offering","Berserk"],"picked":"Limit Break","floor":16},{"not_picked":["Clothesline+1","Whirlwind+1"],"picked":"Rupture","floor":18},{"not_picked":["Twin Strike+1","Havoc"],"picked":"True Grit","floor":18},{"not_picked":["Iron Wave+1","Shrug It Off"],"picked":"Battle Trance","floor":20},{"not_picked":["Reckless Charge+1","Ghostly Armor","Rage"],"picked":"SKIP","floor":20},{"not_picked":["Flex+1","Wild Strike+1"],"picked":"Shockwave","floor":21},{"not_picked":["Clash+1","Iron Wave+1","Dual Wield"],"picked":"SKIP","floor":21},{"not_picked":["Pummel+1","Twin Strike+1","Pommel Strike+1"],"picked":"SKIP","floor":22},{"not_picked":["Pummel+1","Entrench","Pommel Strike+1"],"picked":"SKIP","floor":22}],"player_experience":2391591,"relics_obtained":[{"floor":6,"key":"Smiling Mask"},{"floor":8,"key":"Omamori"},{"floor":9,"key":"Molten Egg 2"},{"floor":12,"key":"Shuriken"}],"event_choices":[{"damage_healed":0,"gold_gain":0,"player_choice":"Success","damage_taken":26,"relics_obtained":["Prayer Wheel"],"max_hp_gain":0,"max_hp_loss":0,"event_name":"Scrap Ooze","floor":2,"gold_loss":0},{"damage_healed":0,"gold_gain":75,"player_choice":"Gather Gold","damage_taken":11,"max_hp_gain":0,"max_hp_loss":0,"event_name":"World of Goop","floor":3,"gold_loss":0}],"is_beta":true,"boss_relics":[{"not_picked":["Philosopher\u0027s Stone","Pandora\u0027s Box"],"picked":"Cursed Key"}],"items_purged_floors":[19],"is_endless":false,"potions_floor_spawned":[6,7,8,11,12,13,16,21],"killed_by":"Slavers","ascension_level":20}}