{"host":"s9dep4x43c14s74h","time":1608494316,"event":{"mods":["BaseMod","Downfall","Gremlin Mod","Hermit","HololiveMod","Jorbs\u0027s Wanderer Trilogy","Lobotomy","Marisa????????","Minty Spire (QoL Compilation)","Replay The Spire","StSLib","The Animator","The Bug Knight","The Construct","The Cursed","The Necromancer","The Runesmith","The Servant 0.9.4"],"gold_per_floor":[364,22,41,41,61,93,93,108,154,168,168,196,215,234,234,234,234],"floor_reached":16,"playtime":1312,"items_purged":[],"score":114,"play_id":"060400eb-baba-4da8-8669-1dc6d30554ac","local_time":"20201220225836","is_ascension_mode":false,"campfire_choices":[{"data":"hermit:Gambit","floor":7,"key":"SMITH"},{"floor":11,"key":"REST"},{"floor":15,"key":"DIG"}],"circlet_count":0,"master_deck":["hermit:Strike_Hermit","hermit:Strike_Hermit","hermit:Strike_Hermit","hermit:Defend_Hermit","hermit:Defend_Hermit","hermit:Defend_Hermit","hermit:Defend_Hermit","hermit:Snapshot","hermit:Covet","hermit:Dive","hermit:Roulette+1","Panache","hermit:Reprieve","hermit:Misfire","hermit:Gambit+1","hermit:Headshot","hermit:Deadeye","hermit:Roulette","hermit:DeadMansHand","hermit:Vantage","hermit:Cheat","hermit:SprayPray"],"relics":["hermit:Momento","Orichalcum","Potion Belt","Snack Pack","Meat on the Bone"],"acts_visited":["Exordium"],"potions_floor_usage":[6,12,16,16],"damage_taken":[{"damage":2,"enemies":"Small Slimes","floor":1,"turns":3},{"damage":1,"enemies":"Cultist","floor":3,"turns":3},{"damage":6,"enemies":"Jaw Worm","floor":5,"turns":2},{"damage":23,"enemies":"3 Sentries","floor":6,"turns":6},{"damage":12,"enemies":"Exordium Wildlife","floor":8,"turns":3},{"damage":7,"enemies":"Red Slaver","floor":10,"turns":2},{"damage":8,"enemies":"Gremlin Nob","floor":12,"turns":3},{"damage":10,"enemies":"Lots of Slimes","floor":13,"turns":3},{"damage":8,"enemies":"Exordium Thugs","floor":14,"turns":4},{"damage":37,"enemies":"Hexaghost","floor":16,"turns":10}],"seed_played":"-8494694145627681259","potions_obtained":[{"floor":3,"key":"DistilledChaos"},{"floor":6,"key":"AttackPotion"},{"floor":8,"key":"hermit:Tonic"},{"floor":14,"key":"EssenceOfSteel"}],"is_trial":false,"path_per_floor":["M","$","M","?","M","E","R","M","T","M","R","E","M","M","R","B"],"character_chosen":"HERMIT","items_purchased":["hermit:Roulette+1","Panache","hermit:Reprieve"],"campfire_rested":1,"item_purchase_floors":[2,2,2],"current_hp_per_floor":[66,66,65,65,62,43,43,35,35,28,48,40,32,24,24,0,0],"gold":234,"neow_bonus":"TWO_FIFTY_GOLD","is_daily":false,"chose_seed":false,"campfire_upgraded":1,"win_rate":0.0,"timestamp":1608494316,"path_taken":["M","$","M","?","M","E","R","?","T","M","R","E","M","M","R","BOSS"],"items_purchased_type":["Card","Card","Card"],"build_version":"2020-12-13","purchased_purges":0,"victory":false,"max_hp_per_floor":[68,68,68,68,68,68,68,68,68,68,68,68,68,68,68,68,68],"card_choices":[{"not_picked":["hermit:Roulette","hermit:Headshot"],"picked":"hermit:Dive","floor":1},{"not_picked":["hermit:TakeAim","hermit:SprayPray"],"picked":"hermit:Misfire","floor":3},{"not_picked":["hermit:TrackingShot","hermit:Spite"],"picked":"hermit:Headshot","floor":5},{"not_picked":["hermit:Determination","hermit:Headshot"],"picked":"hermit:Deadeye","floor":6},{"not_picked":["hermit:LowProfile","hermit:HighCaliber"],"picked":"hermit:Roulette","floor":8},{"not_picked":["hermit:HighNoon","hermit:Coalescence"],"picked":"hermit:DeadMansHand","floor":10},{"not_picked":["hermit:FlashPowder","hermit:FromBeyond"],"picked":"hermit:Vantage","floor":12},{"not_picked":["hermit:Feint","hermit:Ricochet"],"picked":"hermit:Cheat","floor":13},{"not_picked":["hermit:DeadMansHand","hermit:PistolWhip"],"picked":"hermit:SprayPray","floor":14}],"player_experience":790167,"relics_obtained":[{"floor":6,"key":"Orichalcum"},{"floor":9,"key":"Potion Belt"},{"floor":12,"key":"Snack Pack"},{"floor":15,"key":"Meat on the Bone"}],"event_choices":[{"damage_healed":0,"gold_gain":0,"cards_transformed":["hermit:Strike_Hermit"],"player_choice":"Transformed","damage_taken":0,"max_hp_gain":0,"max_hp_loss":0,"event_name":"Transmorgrifier","floor":4,"gold_loss":0,"cards_obtained":["hermit:Gambit"]}],"is_beta":false,"boss_relics":[],"items_purged_floors":[],"is_endless":false,"potions_floor_spawned":[3,6,8,14],"killed_by":"Hexaghost","ascension_level":0}}