{"host":"95i1gxnztdrdyvhi","time":1608487006,"event":{"mods":["AchievementEnabler","Act Like it!","BaseMod","Minty Spire (QoL Compilation)","Quick Restart","StSLib","The Marked"],"gold_per_floor":[119,119,139,139,60,85,85,115,115,115,133,163,176,28,28,125,125,141,141,91,91,1,27,27,61,61,72,72,72,72,72,72],"floor_reached":31,"playtime":1159,"items_purged":["theMarked:BanishingWave","theMarked:Defend"],"score":337,"play_id":"03ed0e50-e5b5-4190-9c39-21aa100dc7be","local_time":"20201220175646","is_ascension_mode":false,"campfire_choices":[{"data":"theMarked:GodGivenPower","floor":7,"key":"SMITH"},{"data":"theMarked:Static","floor":15,"key":"SMITH"},{"floor":24,"key":"REST"},{"data":"theMarked:GodGivenPower","floor":29,"key":"SMITH"}],"circlet_count":0,"master_deck":["theMarked:Defend","theMarked:Defend","theMarked:SoldierOfQuellstein","theMarked:RogueSparks","theMarked:Improvise","theMarked:Opportunist","theMarked:Static+1","theMarked:WardOff","theMarked:GodGivenPower+1","theMarked:Static","theMarked:Electrocute+1","theMarked:GodGivenPower+1","theMarked:Aftermath","theMarked:ComboAttacks","theMarked:WardOff","theMarked:EnhanceMovement"],"relics":["theMarked:ArtifactOfAir","NeowsBlessing","Molten Egg 2","Bottled Lightning","Lantern","Smiling Mask","theMarked:Winder","theMarked:SpiritSword","Vajra","Pen Nib"],"acts_visited":["Exordium","TheCity"],"potions_floor_usage":[],"damage_taken":[{"damage":0,"enemies":"Small Slimes","floor":1,"turns":1},{"damage":0,"enemies":"Jaw Worm","floor":3,"turns":1},{"damage":0,"enemies":"Gremlin Nob","floor":6,"turns":2},{"damage":17,"enemies":"3 Sentries","floor":8,"turns":8},{"damage":1,"enemies":"Cultist","floor":11,"turns":3},{"damage":14,"enemies":"Gremlin Nob","floor":12,"turns":3},{"damage":8,"enemies":"Red Slaver","floor":13,"turns":2},{"damage":19,"enemies":"Hexaghost","floor":16,"turns":4},{"damage":2,"enemies":"Chosen","floor":18,"turns":2},{"damage":68,"enemies":"Slavers","floor":23,"turns":5},{"damage":39,"enemies":"Gremlin Leader","floor":25,"turns":4},{"damage":8,"enemies":"Shell Parasite","floor":27,"turns":3},{"damage":0,"enemies":"Snake Plant","floor":31,"turns":1}],"seed_played":"1593926499936477334","potions_obtained":[{"floor":10,"key":"SmokeBomb"},{"floor":10,"key":"SpeedPotion"},{"floor":10,"key":"FairyPotion"},{"floor":16,"key":"LiquidMemories"},{"floor":27,"key":"DuplicationPotion"}],"is_trial":false,"path_per_floor":["M","?","M","?","$","E","R","E","T","?","M","E","M","$","R","B",null,"M","?","$","?","$","E","R","E","T","M","?","R","?","M"],"character_chosen":"THE_DEFAULT","items_purchased":["theMarked:BanishingWave","theMarked:Winder","theMarked:ComboAttacks"],"campfire_rested":1,"item_purchase_floors":[5,14,22],"current_hp_per_floor":[70,63,63,68,68,68,68,51,51,51,50,36,28,28,28,9,75,73,73,73,73,73,5,27,13,13,5,5,5,5,5,5],"gold":72,"neow_bonus":"THREE_ENEMY_KILL","is_daily":false,"chose_seed":false,"campfire_upgraded":3,"win_rate":0.0,"timestamp":1608487006,"path_taken":["M","?","M","?","?","E","R","E","T","?","?","E","M","?","R","BOSS","M","?","$","?","?","E","R","E","T","?","?","R","?","M"],"items_purchased_type":["Card","Relic","Card"],"build_version":"2020-12-13","purchased_purges":2,"victory":false,"max_hp_per_floor":[70,70,70,75,75,75,75,75,75,75,75,75,75,75,75,75,75,75,75,75,75,75,75,75,75,75,75,75,75,75,75,75],"card_choices":[{"not_picked":["theMarked:Frustration","theMarked:Electrify"],"picked":"theMarked:WardOff","floor":1},{"not_picked":["theMarked:Convert","theMarked:RepellingDischarge","theMarked:Improvise"],"picked":"SKIP","floor":3},{"not_picked":["theMarked:KeepCalmAndFightOn+1","theMarked:TwofoldDefense"],"picked":"theMarked:GodGivenPower","floor":6},{"not_picked":["theMarked:SoldierForm","theMarked:SelfDefenseTraining+1"],"picked":"theMarked:Static","floor":8},{"not_picked":["theMarked:Reabsorb","theMarked:RepellingDischarge"],"picked":"theMarked:Electrocute+1","floor":11},{"not_picked":["theMarked:ContemptForTheProud+1","theMarked:ResourceFulStrike+1"],"picked":"theMarked:GodGivenPower","floor":12},{"not_picked":["theMarked:Reabsorb","theMarked:Overcharge"],"picked":"theMarked:Aftermath","floor":13},{"not_picked":["theMarked:Frustration+1","theMarked:Aftermath","theMarked:ResourceFulStrike+1"],"picked":"SKIP","floor":18},{"not_picked":["theMarked:Electrocute+1","theMarked:EnhancedHearing","theMarked:EmpowerWeapon"],"picked":"SKIP","floor":23},{"not_picked":["theMarked:Electrify","theMarked:EternalStudent"],"picked":"theMarked:WardOff","floor":25},{"not_picked":["theMarked:BanishingStrike+1","theMarked:ElectricStrings+1","theMarked:Seal"],"picked":"SKIP","floor":27}],"player_experience":639582,"relics_obtained":[{"floor":6,"key":"Molten Egg 2"},{"floor":8,"key":"Bottled Lightning"},{"floor":9,"key":"Lantern"},{"floor":12,"key":"Smiling Mask"},{"floor":23,"key":"Vajra"},{"floor":25,"key":"Pen Nib"}],"event_choices":[{"cards_removed":["theMarked:Defend"],"damage_healed":0,"gold_gain":0,"player_choice":"Card Removal","damage_taken":7,"max_hp_gain":0,"max_hp_loss":0,"event_name":"Golden Wing","floor":2,"gold_loss":0},{"damage_healed":0,"gold_gain":0,"player_choice":"Donut","damage_taken":0,"max_hp_gain":5,"max_hp_loss":0,"event_name":"Big Fish","floor":4,"gold_loss":0},{"damage_healed":0,"gold_gain":0,"player_choice":"Got Potions","damage_taken":0,"max_hp_gain":0,"max_hp_loss":0,"event_name":"Lab","floor":10,"gold_loss":0},{"damage_healed":0,"gold_gain":0,"player_choice":"Ignored","damage_taken":0,"max_hp_gain":0,"max_hp_loss":0,"event_name":"Vampires","floor":19,"gold_loss":0},{"damage_healed":0,"gold_gain":0,"player_choice":"Ignored","damage_taken":0,"max_hp_gain":0,"max_hp_loss":0,"event_name":"Ghosts","floor":21,"gold_loss":0},{"damage_healed":0,"gold_gain":0,"player_choice":"Read","damage_taken":0,"max_hp_gain":0,"max_hp_loss":0,"event_name":"The Library","floor":28,"gold_loss":0,"cards_obtained":["theMarked:EnhanceMovement"]}],"is_beta":false,"boss_relics":[{"not_picked":["theMarked:BronzeBlade","Tiny House"],"picked":"theMarked:SpiritSword"}],"items_purged_floors":[20,22],"is_endless":false,"potions_floor_spawned":[11,12,16,18,27],"killed_by":"Snake Plant","ascension_level":0}}