{"host":"xb2tau8pgi8aflss","time":1608438559,"event":{"mods":["AchievementEnabler","BaseMod","Hermit","Minty Spire (QoL Compilation)","StSLib","SuperFastMode"],"gold_per_floor":[112,130,30,48,48,81,101,130,154,168,168,180,192,205,205,205,205],"floor_reached":16,"playtime":380,"items_purged":["Strike_B"],"score":145,"play_id":"7061ba48-56ec-455d-8c1d-c74210450a31","local_time":"20201220132919","is_ascension_mode":true,"campfire_choices":[{"floor":15,"key":"REST"}],"circlet_count":0,"master_deck":["Strike_B","Strike_B","Strike_B","Defend_B","Defend_B","Defend_B","Defend_B","Zap","Dualcast","Sweeping Beam","Conserve Battery","Streamline","BootSequence","Meteor Strike","BootSequence","Defragment","Fusion"],"relics":["Cracked Core","Strawberry","CultistMask","Symbiotic Virus","Smiling Mask","Art of War"],"acts_visited":["Exordium"],"potions_floor_usage":[6,8,13],"damage_taken":[{"damage":7,"enemies":"Jaw Worm","floor":1,"turns":3},{"damage":5,"enemies":"Cultist","floor":2,"turns":4},{"damage":0,"enemies":"2 Louse","floor":4,"turns":2},{"damage":16,"enemies":"Gremlin Nob","floor":6,"turns":4},{"damage":7,"enemies":"Looter","floor":7,"turns":3},{"damage":20,"enemies":"Lagavulin","floor":8,"turns":4},{"damage":0,"enemies":"Blue Slaver","floor":10,"turns":2},{"damage":6,"enemies":"2 Fungi Beasts","floor":12,"turns":3},{"damage":0,"enemies":"Large Slime","floor":13,"turns":3},{"damage":16,"enemies":"Exordium Wildlife","floor":14,"turns":4},{"damage":33,"enemies":"Hexaghost","floor":16,"turns":9}],"seed_played":"-7004077901570676913","potions_obtained":[{"floor":1,"key":"Strength Potion"},{"floor":7,"key":"AttackPotion"},{"floor":12,"key":"DistilledChaos"}],"is_trial":false,"path_per_floor":["M","M","$","M","?","E","M","E","T","M","?","M","M","M","R","B"],"character_chosen":"DEFECT","items_purchased":["Conserve Battery"],"campfire_rested":1,"item_purchase_floors":[3],"current_hp_per_floor":[75,70,70,70,70,54,47,27,27,27,27,21,21,5,29,0,0],"gold":205,"neow_bonus":"RANDOM_COMMON_RELIC","is_daily":false,"chose_seed":false,"campfire_upgraded":0,"win_rate":0.0,"timestamp":1608438559,"path_taken":["M","M","$","M","?","E","?","E","T","M","?","M","M","M","R","BOSS"],"items_purchased_type":["Card"],"build_version":"2020-12-13","purchased_purges":1,"victory":false,"max_hp_per_floor":[82,82,82,82,82,82,82,82,82,82,82,82,82,82,82,82,82],"card_choices":[{"not_picked":["Reinforced Body","Ball Lightning"],"picked":"Sweeping Beam","floor":1},{"not_picked":["Reinforced Body","Heatsinks","Ball Lightning"],"picked":"SKIP","floor":2},{"not_picked":["Blizzard","Sweeping Beam"],"picked":"Streamline","floor":4},{"not_picked":["Gash","Redo"],"picked":"BootSequence","floor":6},{"not_picked":["Melter","Rip and Tear","White Noise"],"picked":"SKIP","floor":7},{"not_picked":["Fission","Go for the Eyes"],"picked":"Meteor Strike","floor":8},{"not_picked":["Streamline","Rip and Tear"],"picked":"BootSequence","floor":10},{"not_picked":["Redo","Lockon"],"picked":"Defragment","floor":12},{"not_picked":["Redo","Leap","Gash"],"picked":"SKIP","floor":13},{"not_picked":["Redo","Leap","Gash"],"picked":"SKIP","floor":13},{"not_picked":["Sweeping Beam","Gash"],"picked":"Fusion","floor":14}],"player_experience":746072,"relics_obtained":[{"floor":6,"key":"Symbiotic Virus"},{"floor":8,"key":"Smiling Mask"},{"floor":9,"key":"Art of War"}],"event_choices":[{"damage_healed":0,"gold_gain":0,"player_choice":"Trade","damage_taken":0,"relics_obtained":["CultistMask"],"max_hp_gain":0,"max_hp_loss":0,"event_name":"FaceTrader","floor":5,"gold_loss":0},{"damage_healed":0,"gold_gain":0,"player_choice":"Ignored","damage_taken":0,"max_hp_gain":0,"max_hp_loss":0,"event_name":"Shining Light","floor":11,"gold_loss":0}],"is_beta":false,"boss_relics":[],"items_purged_floors":[3],"is_endless":false,"potions_floor_spawned":[1,7,12],"killed_by":"Hexaghost","ascension_level":5}}