{"host":"eil9x6nly2al6731","time":1608453825,"event":{"mods":["Aspiration","BaseMod","Better Third Choice","Colored Powertips","Conspire","Energized Spire","Friendly Minions","Halation","Hubris","Infinite Spire","Minty Spire (QoL Compilation)","Random Character Button","Replay The Spire","Robot Space Explorer","Shop Mod","StSLib","The Druid","The Factory","The Jungle","The Mystic","The Servant 0.9.4","TheBandit"],"gold_per_floor":[119,32,44,57,57,57,85,85,110,128,128,72,92,108,108,108,108],"floor_reached":16,"playtime":423,"items_purged":[],"score":204,"play_id":"573aa660-e1ef-4a3b-9854-9f87a2f58aaf","local_time":"20201220164345","is_ascension_mode":true,"campfire_choices":[{"data":"ReplayRNGCard","floor":6,"key":"SMITH"},{"floor":8,"key":"REST"},{"floor":11,"key":"REST"},{"floor":15,"key":"REST"}],"circlet_count":0,"master_deck":["AscendersBane","Strike_B","Strike_B","Strike_B","Strike_B","Defend_B","Defend_B","Defend_B","Defend_B","Zap","Dualcast","hubris:Compulsion","ReplayRNGCard+1","Barrage","Capacitor","Conserve Battery","Genetic Algorithm","Beam Cell","Pot Of Greed","Pot Of Greed","Conserve Battery","Go for the Eyes"],"relics":["Cracked Core","Grinning Jar"],"acts_visited":["Exordium"],"potions_floor_usage":[16],"damage_taken":[{"damage":19,"enemies":"Cultist","floor":1,"turns":6},{"damage":14,"enemies":"2 Louse","floor":3,"turns":4},{"damage":2,"enemies":"Jaw Worm","floor":4,"turns":4},{"damage":13,"enemies":"Lagavulin","floor":7,"turns":6},{"damage":14,"enemies":"Blue Slaver","floor":10,"turns":5},{"damage":19,"enemies":"Red Slaver","floor":13,"turns":5},{"damage":17,"enemies":"Looter","floor":14,"turns":4},{"damage":34,"enemies":"The Guardian","floor":16,"turns":7}],"seed_played":"5182120813291643196","potions_obtained":[{"floor":7,"key":"Energy Potion"},{"floor":14,"key":"PowerPotion"}],"is_trial":false,"path_per_floor":["M","$","M","M","?","R","E","R","T","M","R","$","M","M","R","B"],"character_chosen":"DEFECT","items_purchased":["Capacitor","Conserve Battery"],"campfire_rested":3,"item_purchase_floors":[2,12],"current_hp_per_floor":[45,45,31,29,33,33,20,41,41,27,48,48,29,12,33,0,0],"gold":108,"neow_bonus":"THREE_RARE_CARDS","is_daily":false,"chose_seed":false,"campfire_upgraded":1,"win_rate":0.0,"timestamp":1608453825,"path_taken":["M","$","M","?","?","R","E","R","T","M","R","$","M","M","R","BOSS"],"items_purchased_type":["Card","Card"],"build_version":"2020-12-13","purchased_purges":0,"victory":false,"max_hp_per_floor":[71,71,71,71,71,71,71,71,71,71,71,71,71,71,71,71,71],"card_choices":[{"not_picked":["Buffer","Hyperbeam"],"picked":"ReplayRNGCard","floor":0},{"not_picked":["Conserve Battery","Panic Button"],"picked":"Barrage","floor":1},{"not_picked":["hubris:PowerSurge","Redo"],"picked":"Conserve Battery","floor":3},{"not_picked":["Hologram","Machine Learning"],"picked":"Genetic Algorithm","floor":4},{"not_picked":["Leap","ReplayRNGCard"],"picked":"Beam Cell","floor":7},{"not_picked":["Redo","Rebound","BasicCrystalCard"],"picked":"SKIP","floor":10},{"not_picked":["Chaos","Multi-Cast"],"picked":"Go for the Eyes","floor":13},{"not_picked":["Chaos","Turbo","Rebound"],"picked":"SKIP","floor":14}],"player_experience":1459566,"relics_obtained":[{"floor":7,"key":"Grinning Jar"}],"event_choices":[],"is_beta":false,"boss_relics":[],"items_purged_floors":[],"is_endless":false,"potions_floor_spawned":[7,14],"killed_by":"The Guardian","ascension_level":20}}