{"host":"r6jigiblrojhp6xe","time":1608456828,"event":{"mods":["AchievementEnabler","BaseMod","DeckTracker","Minty Spire (QoL Compilation)","Quick Restart","Rare Cards Sparkle","Relic Stats","StSLib","SuperFastMode","The Cursed","everything is the same but u backflip on backflip"],"gold_per_floor":[115,115,115,115,125,151,151,185,208,227,75,92,102,116,116,193,193,208,228,49,61,73,73,90,90,90,90,103,103,115,129,129,129,129],"floor_reached":33,"playtime":1192,"items_purged":["Strike_R"],"score":576,"play_id":"dad5760d-87fe-47a6-8dac-2c2a43d942b7","local_time":"20201220183348","is_ascension_mode":true,"campfire_choices":[{"data":"Bash","floor":7.0,"key":"SMITH"},{"data":"Wild Strike","floor":15.0,"key":"SMITH"},{"data":"Immolate","floor":23.0,"key":"SMITH"},{"data":"Evolve","floor":25.0,"key":"SMITH"},{"data":"Immolate","floor":32,"key":"SMITH"}],"circlet_count":0,"master_deck":["AscendersBane","Strike_R","Strike_R","Strike_R","Strike_R","Defend_R+1","Defend_R","Defend_R+1","Defend_R","Bash+1","Cleave","Dropkick","Wild Strike+1","Evolve+1","Inflame","Impervious","Immolate+1","Immolate+1","Warcry+1","True Grit","Immolate+1","Wild Strike+1"],"relics":["Burning Blood","NeowsBlessing","Centennial Puzzle","Magic Flower","Tiny Chest","Bronze Scales","Cursed Key"],"acts_visited":["Exordium","TheCity"],"potions_floor_usage":[28,33],"damage_taken":[{"damage":0.0,"enemies":"2 Louse","floor":1.0,"turns":2.0},{"damage":0.0,"enemies":"Small Slimes","floor":5.0,"turns":1.0},{"damage":0.0,"enemies":"Gremlin Nob","floor":6.0,"turns":1.0},{"damage":20.0,"enemies":"Lagavulin","floor":8.0,"turns":6.0},{"damage":4.0,"enemies":"Jaw Worm","floor":10.0,"turns":2.0},{"damage":5.0,"enemies":"Blue Slaver","floor":12.0,"turns":3.0},{"damage":23.0,"enemies":"Exordium Thugs","floor":13.0,"turns":4.0},{"damage":18.0,"enemies":"Large Slime","floor":14.0,"turns":3.0},{"damage":16.0,"enemies":"Slime Boss","floor":16.0,"turns":7.0},{"damage":17.0,"enemies":"Spheric Guardian","floor":18.0,"turns":5.0},{"damage":27.0,"enemies":"Shell Parasite","floor":19.0,"turns":6.0},{"damage":7.0,"enemies":"3 Cultists","floor":21.0,"turns":3.0},{"damage":5.0,"enemies":"Cultist and Chosen","floor":22.0,"turns":4.0},{"damage":24.0,"enemies":"Centurion and Healer","floor":24.0,"turns":5.0},{"damage":0,"enemies":"Snake Plant","floor":28,"turns":1},{"damage":34,"enemies":"Shelled Parasite and Fungi","floor":30,"turns":4},{"damage":6,"enemies":"Chosen and Byrds","floor":31,"turns":3},{"damage":3,"enemies":"Collector","floor":33,"turns":5}],"seed_played":"-470958445651651411","potions_obtained":[{"floor":5.0,"key":"Swift Potion"},{"floor":6.0,"key":"Block Potion"},{"floor":12.0,"key":"Fire Potion"},{"floor":16.0,"key":"Regen Potion"},{"floor":19.0,"key":"Energy Potion"},{"floor":30,"key":"ElixirPotion"}],"is_trial":false,"path_per_floor":["M","?","?","?","M","E","R","E","T","M","$","M","M","M","R","B",null,"M","M","$","M","M","R","M","R","T","?","M","T","M","M","R","B"],"character_chosen":"IRONCLAD","items_purchased":["Evolve","Immolate"],"campfire_rested":0,"item_purchase_floors":[11,20],"current_hp_per_floor":[74,56,61,37,43,49,49,38,38,43,43,47,33,24,24,17,64,56,38,38,40,44,44,29,29,29,29,38,38,13,16,16,35,35],"gold":129,"neow_bonus":"THREE_ENEMY_KILL","is_daily":false,"chose_seed":false,"campfire_upgraded":5,"win_rate":0.0,"timestamp":1608456828,"path_taken":["M","?","?","?","M","E","R","E","T","M","?","?","M","M","R","BOSS","M","M","$","M","M","R","M","R","T","?","M","?","?","M","R","BOSS"],"items_purchased_type":["Card","Card"],"build_version":"2020-12-13","purchased_purges":1,"victory":false,"max_hp_per_floor":[75,75,80,80,80,80,80,80,80,80,80,80,80,80,80,80,80,80,80,80,80,80,80,80,80,80,80,80,80,80,80,80,80,80],"relic_stats":{"Centennial Puzzle":[42],"counters":[18,65],"Bronze Scales":[138],"Magic Flower":[50],"Tiny Chest":1,"Cursed Key":0,"obtain_stats":[{"Centennial Puzzle":2,"NeowsBlessing":0,"Bronze Scales":9,"Magic Flower":6,"Tiny Chest":8,"Cursed Key":17,"Burning Blood":0},{"Centennial Puzzle":1,"NeowsBlessing":0,"Bronze Scales":4,"Magic Flower":3,"Tiny Chest":4,"Cursed Key":9,"Burning Blood":0},{"Centennial Puzzle":2,"NeowsBlessing":0,"Bronze Scales":10,"Magic Flower":4,"Tiny Chest":10,"Cursed Key":29,"Burning Blood":0}],"Burning Blood":144},"card_choices":[{"not_picked":["Perfected Strike","Pommel Strike","Disarm"],"picked":"SKIP","floor":1.0},{"not_picked":["Rupture","Pommel Strike"],"picked":"Cleave","floor":5.0},{"not_picked":["Brutality","Feel No Pain"],"picked":"Dropkick","floor":6.0},{"not_picked":["Sword Boomerang","Flex","Iron Wave"],"picked":"SKIP","floor":8.0},{"not_picked":["Sword Boomerang","Anger"],"picked":"Wild Strike","floor":10.0},{"not_picked":["Warcry","Heavy Blade"],"picked":"Inflame","floor":12.0},{"not_picked":["Flex","Battle Trance"],"picked":"Impervious","floor":13.0},{"not_picked":["Dark Embrace","Dual Wield","Perfected Strike"],"picked":"SKIP","floor":14.0},{"not_picked":["Juggernaut","Offering"],"picked":"Immolate","floor":16.0},{"not_picked":["Cleave","Combust","Clothesline"],"picked":"SKIP","floor":18.0},{"not_picked":["Blood for Blood","Armaments","Headbutt"],"picked":"SKIP","floor":19.0},{"not_picked":["Headbutt","Juggernaut"],"picked":"Warcry+1","floor":21.0},{"not_picked":["Cleave","Uppercut"],"picked":"True Grit","floor":22.0},{"not_picked":["Havoc","Wild Strike","Pommel Strike"],"picked":"SKIP","floor":24.0},{"not_picked":["Searing Blow","Headbutt","Heavy Blade"],"picked":"SKIP","floor":28},{"not_picked":["Flex","Armaments"],"picked":"Wild Strike+1","floor":30},{"not_picked":["Ghostly Armor","Clothesline","Heavy Blade"],"picked":"SKIP","floor":31}],"player_experience":535816,"relics_obtained":[{"floor":6.0,"key":"Magic Flower"},{"floor":8.0,"key":"Tiny Chest"},{"floor":9.0,"key":"Bronze Scales"}],"event_choices":[{"damage_healed":0.0,"max_hp_gain":0.0,"max_hp_loss":0.0,"gold_gain":0.0,"event_name":"Scrap Ooze","player_choice":"Success","floor":2.0,"gold_loss":0.0,"damage_taken":18.0,"relics_obtained":["Centennial Puzzle"]},{"damage_healed":0.0,"max_hp_gain":5.0,"max_hp_loss":0.0,"gold_gain":0.0,"event_name":"Big Fish","player_choice":"Donut","floor":3.0,"gold_loss":0.0,"damage_taken":0.0},{"damage_healed":0.0,"max_hp_gain":0.0,"max_hp_loss":0.0,"gold_gain":0.0,"event_name":"Shining Light","player_choice":"Entered Light","floor":4.0,"gold_loss":0.0,"damage_taken":24.0,"cards_upgraded":["Defend_R","Defend_R"]},{"damage_healed":0.0,"max_hp_gain":0.0,"max_hp_loss":0.0,"gold_gain":0.0,"event_name":"Duplicator","player_choice":"Copied","floor":27.0,"gold_loss":0.0,"damage_taken":0.0,"cards_obtained":["Immolate"]}],"is_beta":false,"boss_relics":[{"not_picked":["Runic Dome","Black Star"],"picked":"Cursed Key"}],"items_purged_floors":[11],"is_endless":false,"potions_floor_spawned":[5,6,12,16,19,22,24,30],"killed_by":"Collector","ascension_level":20}}