{"host":"xd92u7alcwi518yp","time":1608429392,"event":{"mods":["BaseMod","BetterRewards","Colored Map","Colored Powertips","Luminous","Minty Spire (QoL Compilation)","Quick Restart","StSLib"],"gold_per_floor":[118,130,144,144,155,182,195,225,225,225,257,257,288,304,304,407,407,417,516,258,258,275,275,307,307,333,333,349,33,43,55,55,156,156,176,176,189,189,189,215,215,215,289,131,131,131,180,210,210,210,210,210,12,43,43],"floor_reached":56,"playtime":5921,"items_purged":["Pain"],"score":1253,"play_id":"9bc8945e-57b3-4ce2-ad72-aa0c689d1ec6","local_time":"20201219175632","is_ascension_mode":false,"campfire_choices":[{"data":"Luminous:Light_Ray_of_Redemption","floor":12.0,"key":"SMITH"},{"data":"Luminous:Light_Track","floor":15.0,"key":"SMITH"},{"floor":23,"key":"RECALL"},{"floor":25,"key":"REST"},{"data":"Apotheosis","floor":27,"key":"SMITH"},{"data":"Luminous:Flash_Blink_Luminous","floor":32,"key":"SMITH"},{"data":"Luminous:Photic_Meditation_Luminous","floor":42,"key":"SMITH"},{"data":"Jack Of All Trades","floor":46,"key":"SMITH"},{"floor":49,"key":"DIG"},{"floor":52,"key":"DIG"}],"circlet_count":0,"master_deck":["Luminous:Light_Flash_Shower","Luminous:Light_Flash_Shower+1","Luminous:Light_Flash_Shower","Luminous:Dark_Abyssal_Drop+1","Luminous:Dark_Abyssal_Drop+1","Luminous:Defend_Luminous","Luminous:Defend_Luminous","Luminous:Defend_Luminous","Luminous:Switch_Luminous","Luminous:Mana_Well_Luminous","Luminous:Light_Ray_of_Redemption+1","Luminous:Balance_Ender","Luminous:Photic_Meditation_Luminous+1","Luminous:Light_Track+1","Luminous:Light_Glare","Luminous:Lunar_Tide_Luminous+1","Luminous:Sympathy_Luminous","Luminous:Light_Wash_Luminous+1","Luminous:Dark_Crescendo_Luminous+1","Luminous:Light_Glare","Luminous:Dusk_Guard_Luminous+1","Apotheosis+1","Luminous:Light_Wash_Luminous+1","Luminous:Tune_Luminous","Luminous:Flash_Blink_Luminous+1","Luminous:Magic_Accelerate_Luminous+1","Luminous:Lania_Blessing_Luminous+1","Luminous:Mana_Well_Luminous+1","Discovery","Jack Of All Trades+1","Flash of Steel+1","Luminous:Light_Gather+1","Luminous:Dark_Morning_Star","Luminous:Lights_Protection_Luminous","Luminous:Light_Track","Luminous:Balance_Baptism"],"relics":["Luminous:MirrorRelic","Akabeko","The Courier","Frozen Egg 2","WarpedTongs","Juzu Bracelet","Calipers","SacredBark","Oddly Smooth Stone","White Beast Statue","MealTicket","SlaversCollar","Meat on the Bone","HornCleat","Toy Ornithopter","Shovel","Boot","Whetstone","Gremlin Horn","Bag of Marbles"],"acts_visited":["Exordium","TheCity","TheBeyond","TheEnding"],"potions_floor_usage":[20,24,31,31,33,35,38,40,47,47,50,55,55],"damage_taken":[{"damage":2.0,"enemies":"2 Louse","floor":1.0,"turns":3.0},{"damage":0.0,"enemies":"Cultist","floor":2.0,"turns":3.0},{"damage":0.0,"enemies":"Small Slimes","floor":3.0,"turns":3.0},{"damage":0.0,"enemies":"Gremlin Gang","floor":5.0,"turns":5.0},{"damage":14.0,"enemies":"Gremlin Nob","floor":6.0,"turns":3.0},{"damage":10.0,"enemies":"Looter","floor":7.0,"turns":2.0},{"damage":9.0,"enemies":"3 Sentries","floor":8.0,"turns":6.0},{"damage":2.0,"enemies":"Gremlin Nob","floor":11.0,"turns":3.0},{"damage":20.0,"enemies":"3 Sentries","floor":13.0,"turns":6.0},{"damage":11.0,"enemies":"2 Fungi Beasts","floor":14.0,"turns":3.0},{"damage":23.0,"enemies":"Slime Boss","floor":16.0,"turns":8.0},{"damage":24,"enemies":"Chosen","floor":18,"turns":7},{"damage":5,"enemies":"Spheric Guardian","floor":22,"turns":3},{"damage":38,"enemies":"Gremlin Leader","floor":24,"turns":8},{"damage":6,"enemies":"Snake Plant","floor":28,"turns":6},{"damage":3,"enemies":"Centurion and Healer","floor":30,"turns":6},{"damage":0,"enemies":"Snecko","floor":31,"turns":6},{"damage":11,"enemies":"Automaton","floor":33,"turns":10},{"damage":43,"enemies":"3 Darklings","floor":35,"turns":8},{"damage":3,"enemies":"3 Shapes","floor":37,"turns":8},{"damage":0,"enemies":"Maw","floor":38,"turns":1},{"damage":18,"enemies":"Reptomancer","floor":40,"turns":7},{"damage":15,"enemies":"2 Orb Walkers","floor":47,"turns":6},{"damage":10,"enemies":"Giant Head","floor":48,"turns":9},{"damage":65,"enemies":"Time Eater","floor":50,"turns":13},{"damage":24,"enemies":"Shield and Spear","floor":54,"turns":8},{"damage":26,"enemies":"The Heart","floor":55,"turns":12}],"seed_played":"7893864859413561950","potions_obtained":[{"floor":1.0,"key":"LiquidBronze"},{"floor":2.0,"key":"EntropicBrew"},{"floor":5.0,"key":"SteroidPotion"},{"floor":14.0,"key":"FairyPotion"},{"floor":22,"key":"GamblersBrew"},{"floor":28,"key":"Energy Potion"},{"floor":30,"key":"ColorlessPotion"},{"floor":31,"key":"ColorlessPotion"},{"floor":33,"key":"GamblersBrew"},{"floor":35,"key":"AttackPotion"},{"floor":37,"key":"SmokeBomb"},{"floor":40,"key":"ColorlessPotion"},{"floor":47,"key":"Explosive Potion"},{"floor":48,"key":"Block Potion"}],"is_trial":false,"path_per_floor":["M","M","M","?","M","E","M","E","T","?","E","R","E","M","R","B",null,"M","?","$","?","M","R","E","R","T","R","M","$","M","M","R","B",null,"M","?","M","M","?","E","?","R","T","$","?","R","?","E","R","B",null,"R","$","E","B",null],"character_chosen":"LuminousClass","items_purchased":["Fruit Juice","Luminous:Light_Glare","Luminous:Dusk_Guard_Luminous+1","Block Potion","White Beast Statue","MealTicket","Toy Ornithopter","AttackPotion","Regen Potion","CultistPotion","Luminous:Light_Track"],"campfire_rested":1,"item_purchase_floors":[20,20,20,20,29,29,44,44,53,53,53],"current_hp_per_floor":[80,80,82,66,69,60,50,54,54,54,61,61,53,53,53,42,82,66,66,76,76,71,71,43,70,70,70,73,73,77,91,91,92,92,64,92,92,92,82,74,74,74,74,89,89,89,80,90,90,53,92,92,92,92,92],"gold":43,"neow_bonus":"TEN_PERCENT_HP_BONUS","is_daily":false,"chose_seed":false,"campfire_upgraded":6,"win_rate":0.0,"timestamp":1608429392,"path_taken":["M","M","M","?","M","E","M","E","T","?","E","R","E","M","R","BOSS","M","?","$","?","M","R","E","R","T","R","M","$","M","M","R","BOSS","M","?","M","M","?","E","?","R","T","$","?","R","?","E","R","BOSS","R","$","E","BOSS"],"items_purchased_type":["Potion","Card","Card","Potion","Relic","Relic","Relic","Potion","Potion","Potion","Card"],"build_version":"2020-12-13","purchased_purges":1,"victory":true,"max_hp_per_floor":[82,82,82,82,82,82,82,82,82,82,82,82,82,82,82,82,82,82,82,92,92,92,92,92,92,92,92,92,92,92,92,92,92,92,92,92,92,92,92,92,92,92,92,92,92,92,92,92,92,92,92,92,92,92,92],"card_choices":[{"not_picked":["Luminous:Light_Gather","Luminous:Dark_Moonlight_Spear"],"picked":"Luminous:Mana_Well_Luminous","floor":1.0},{"not_picked":["Luminous:Balance_Ender","Luminous:Darkness_Mastery_Luminous"],"picked":"Luminous:Light_Ray_of_Redemption","floor":2.0},{"not_picked":["Luminous:Flash_Blink_Luminous","Luminous:Chase_Spell_Luminous"],"picked":"Luminous:Balance_Ender","floor":3.0},{"not_picked":["Luminous:Accumulation_Luminous","Luminous:Abyss_Heart_Luminous"],"picked":"Luminous:Mana_Overload_Luminous","floor":5.0},{"not_picked":["Luminous:Shadow_Shell_Luminous","Luminous:Blinding_Pillar_Luminous"],"picked":"Luminous:Photic_Meditation_Luminous","floor":6.0},{"not_picked":["Luminous:Dark_Raid","Luminous:Light_Glare"],"picked":"Luminous:Light_Track","floor":7.0},{"not_picked":["Luminous:Accumulation_Luminous","Luminous:Magic_Boost_Luminous"],"picked":"Luminous:Light_Glare","floor":8.0},{"not_picked":["Luminous:Chase_Spell_Luminous","Luminous:Dark_Raid"],"picked":"Luminous:Lunar_Tide_Luminous+1","floor":11.0},{"not_picked":["Luminous:Fast_Spell_Luminous","Luminous:Darks_Surge_Luminous"],"picked":"Luminous:Sympathy_Luminous","floor":13.0},{"not_picked":["Luminous:Light_Reflection","Luminous:Blinding_Pillar_Luminous"],"picked":"Luminous:Light_Wash_Luminous+1","floor":14.0},{"not_picked":["Luminous:Armageddon_Luminous","Luminous:Ethereal_Form_Luminous+1"],"picked":"Luminous:Dark_Crescendo_Luminous+1","floor":16.0},{"not_picked":["Luminous:Blinding_Pillar_Luminous","Luminous:Dark_Pressure_Void","Luminous:Chase_Spell_Luminous+1"],"picked":"SKIP","floor":18},{"not_picked":["Luminous:Reverse_Spell_Luminous","Luminous:Sympathy_Luminous"],"picked":"Luminous:Light_Wash_Luminous+1","floor":22},{"not_picked":["Luminous:Darkness_Mastery_Luminous+1","Luminous:Dark_Dim_Erosion"],"picked":"Luminous:Tune_Luminous","floor":24},{"not_picked":["Luminous:Dark_Dim_Erosion+1","Luminous:Light_Disperse","Luminous:Concentrate_Luminous"],"picked":"SKIP","floor":28},{"not_picked":["Luminous:Light_Glare","Luminous:Dark_Dim_Erosion"],"picked":"Luminous:Flash_Blink_Luminous","floor":30},{"not_picked":["Luminous:Mana_Well_Luminous+1","Luminous:Light_Gather"],"picked":"Luminous:Magic_Accelerate_Luminous+1","floor":31},{"not_picked":["Luminous:Date_of_Light_Luminous","Luminous:Balance_Aether_Conduit"],"picked":"Luminous:Lania_Blessing_Luminous+1","floor":33},{"not_picked":["Luminous:Magic_Boost_Luminous","Luminous:Blinding_Pillar_Luminous+1"],"picked":"Luminous:Mana_Well_Luminous+1","floor":35},{"not_picked":["Luminous:Dark_Moonlight_Spear+1","Luminous:Light_Disperse","Luminous:Dark_Raid+1"],"picked":"SKIP","floor":37},{"not_picked":["Chrysalis","Flash of Steel"],"picked":"Discovery","floor":39},{"not_picked":["Purity","Forethought"],"picked":"Jack Of All Trades","floor":39},{"not_picked":["Purity","PanicButton"],"picked":"Flash of Steel","floor":39},{"not_picked":["Luminous:Sympathy_Luminous","Luminous:Concentrate_Luminous"],"picked":"Luminous:Light_Gather+1","floor":40},{"not_picked":["Luminous:Balance_Death_Scythe","Luminous:Concentrate_Luminous"],"picked":"Luminous:Lights_Protection_Luminous","floor":47},{"not_picked":["Luminous:Dark_Arcane_Pitch+1","Luminous:Darks_Surge_Luminous+1","Luminous:Dark_Raid"],"picked":"SKIP","floor":48},{"not_picked":["Luminous:Dark_Pressure_Void","Luminous:Accumulation_Luminous+1"],"picked":"Luminous:Balance_Baptism","floor":54}],"player_experience":342719,"relics_obtained":[{"floor":6.0,"key":"Akabeko"},{"floor":8.0,"key":"The Courier"},{"floor":9.0,"key":"Frozen Egg 2"},{"floor":11.0,"key":"Juzu Bracelet"},{"floor":13.0,"key":"Calipers"},{"floor":24,"key":"Oddly Smooth Stone"},{"floor":40,"key":"Meat on the Bone"},{"floor":43,"key":"HornCleat"},{"floor":47,"key":"Shovel"},{"floor":48,"key":"Boot"},{"floor":49,"key":"Whetstone"},{"floor":52,"key":"Gremlin Horn"},{"floor":54,"key":"Bag of Marbles"}],"event_choices":[{"damage_healed":0.0,"max_hp_gain":0.0,"max_hp_loss":0.0,"gold_gain":0.0,"event_name":"Shining Light","player_choice":"Entered Light","floor":4.0,"gold_loss":0.0,"damage_taken":16.0,"cards_upgraded":["Luminous:Dark_Abyssal_Drop","Luminous:Light_Flash_Shower"]},{"damage_healed":0.0,"max_hp_gain":0.0,"max_hp_loss":0.0,"gold_gain":0.0,"event_name":"Accursed Blacksmith","player_choice":"Rummage","floor":10.0,"gold_loss":0.0,"damage_taken":0.0,"relics_obtained":["WarpedTongs"],"cards_obtained":["Pain"]},{"damage_healed":0,"gold_gain":99,"player_choice":"Stole From Cult","damage_taken":0,"max_hp_gain":0,"max_hp_loss":0,"event_name":"Nest","floor":19,"gold_loss":0},{"cards_removed":["Luminous:Mana_Overload_Luminous"],"damage_healed":28,"gold_gain":0,"player_choice":"Offered Uncommon","damage_taken":0,"max_hp_gain":0,"max_hp_loss":0,"event_name":"Bonfire Elementals","floor":36,"gold_loss":0},{"damage_healed":0,"gold_gain":0,"player_choice":"Memory 3","damage_taken":10,"max_hp_gain":0,"max_hp_loss":0,"event_name":"SensoryStone","floor":39,"gold_loss":0},{"cards_removed":["Luminous:Defend_Luminous"],"damage_healed":0,"gold_gain":0,"player_choice":"Removed Skill","damage_taken":0,"max_hp_gain":0,"max_hp_loss":0,"event_name":"Falling","floor":41,"gold_loss":0},{"damage_healed":0,"gold_gain":0,"cards_transformed":["Luminous:Dark_Abyssal_Drop"],"player_choice":"Transformed","damage_taken":0,"max_hp_gain":0,"max_hp_loss":0,"event_name":"Transmorgrifier","floor":45,"gold_loss":0,"cards_obtained":["Luminous:Dark_Morning_Star"]},{"damage_healed":0,"gold_gain":0,"player_choice":"Fight","damage_taken":0,"max_hp_gain":0,"max_hp_loss":0,"event_name":"Mysterious Sphere","floor":47,"gold_loss":0}],"is_beta":false,"boss_relics":[{"not_picked":["Coffee Dripper","Sozu"],"picked":"SacredBark"},{"not_picked":["Empty Cage","Snecko Eye"],"picked":"SlaversCollar"}],"items_purged_floors":[20],"is_endless":false,"potions_floor_spawned":[1,2,5,14,22,28,30,31,33,35,37,38,40,47,48,54],"ascension_level":0}}