{"host":"0fmi5fguj5lvt8pf","time":1608494279,"event":{"mods":["BaseMod","Colored Map","Curses Come First","Downfall","Minty Spire (QoL Compilation)","Permanent Neow","StSLib","Waifu the Spire"],"gold_per_floor":[99,115,125,300,300,300,300,60,60,60,79,94,106,106,120,225,225,225,255,255,289,289,289,314,331,331,365,465,477,294,294,309,408,408,408,458,454,785,800,800,800,820,396,171,221,271,333,189,200,200,200,235,50,50,50],"floor_reached":56,"playtime":4596,"items_purged":["Doubt","Shame","Slimebound:Strike_Slimebound","Slimebound:Defend_Slimebound"],"score":1276,"play_id":"787ba542-72ce-4d88-80bb-ea060061ea2b","local_time":"20201220115759","is_ascension_mode":false,"campfire_choices":[{"data":"expansioncontent:DashGenerateEvil","floor":1.0,"key":"SMITH"},{"data":"Slimebound:Split","floor":6.0,"key":"SMITH"},{"data":"Slimebound:Defend_Slimebound","floor":10.0,"key":"PURGE"},{"floor":18.0,"key":"RECALL"},{"floor":20.0,"key":"REST"},{"data":"Slimebound:Tackle","floor":23.0,"key":"PURGE"},{"data":"Slimebound:Recycling","floor":26.0,"key":"SMITH"},{"data":"Slimebound:SamplingLick","floor":35,"key":"SMITH"},{"data":"Slimebound:OneTwoCombo","floor":40,"key":"PURGE"},{"data":"Slimebound:RallyTheTroops","floor":44,"key":"PURGE"},{"data":"Slimebound:CheckThePlaybook","floor":54,"key":"PURGE"}],"circlet_count":0,"master_deck":["Slimebound:Strike_Slimebound","Slimebound:Defend_Slimebound","Slimebound:Defend_Slimebound","Slimebound:Split+1","Slimebound:CorrosiveSpit","expansioncontent:DashGenerateEvil+1","Slimebound:MassFeed","Slimebound:SamplingLick+1","Slimebound:Recycling+1","CurseOfTheBell","Slimebound:GrowthPunch","Slimebound:Schlurp","Slimebound:SlimeTap","Slimebound:ComboTackle","Slimebound:ComboTackle","Slimebound:GrowthPunch+1","Slimebound:HauntingLick","Slimebound:Repurpose","Slimebound:DuplicatedForm","Slimebound:Darklings","Slimebound:ComboTackle+1","Slimebound:SlimeTap","Slimebound:HungryTackle","expansioncontent:SuperHexaguard","Slimebound:Nibble"],"relics":["Slimebound:AbsorbEndCombat","FossilizedHelix","Slimebound:ScrapOozeRelic","Shuriken","Calling Bell","Omamori","White Beast Statue","Calipers","hexamod:BolsterEngine","Red Mask","Slimebound:AggressiveSlimeRelic","Ornamental Fan","Thread and Needle","Gremlin Horn","SsserpentHead","Slimebound:TarBlob","Old Coin","Eternal Feather","downfall:HeartBlessingRed","downfall:HeartBlessingGreen","downfall:HeartBlessingBlue","Slimebound:SelfDamagePreventRelic","HornCleat","Membership Card"],"acts_visited":["Exordium","TheCity","TheBeyond","TheEnding"],"potions_floor_usage":[37,55,55],"damage_taken":[{"damage":4.0,"enemies":"Cultist","floor":2.0,"turns":3.0},{"damage":7.0,"enemies":"2 Louse","floor":3.0,"turns":3.0},{"damage":9.0,"enemies":"downfall:FleeingMerchant","floor":8.0,"turns":4.0},{"damage":7.0,"enemies":"Small Slimes","floor":11.0,"turns":3.0},{"damage":6.0,"enemies":"Blue Slaver","floor":12.0,"turns":3.0},{"damage":0.0,"enemies":"2 Fungi Beasts","floor":13.0,"turns":2.0},{"damage":24.0,"enemies":"Exordium Thugs","floor":15.0,"turns":4.0},{"damage":55.0,"enemies":"downfall:Watcher","floor":16.0,"turns":9.0},{"damage":79.0,"enemies":"Slavers","floor":19.0,"turns":6.0},{"damage":0.0,"enemies":"Masked Bandits","floor":21.0,"turns":2.0},{"damage":1.0,"enemies":"Chosen","floor":25.0,"turns":3.0},{"damage":54.0,"enemies":"Gremlin Leader","floor":27.0,"turns":8.0},{"damage":12.0,"enemies":"downfall:Silent","floor":28.0,"turns":8.0},{"damage":27.0,"enemies":"Snecko","floor":29.0,"turns":5.0},{"damage":8.0,"enemies":"downfall:FleeingMerchant","floor":30.0,"turns":4.0},{"damage":2.0,"enemies":"Centurion and Healer","floor":32.0,"turns":4.0},{"damage":43.0,"enemies":"downfall:Defect","floor":33.0,"turns":8.0},{"damage":15,"enemies":"downfall:FleeingMerchant","floor":37,"turns":4},{"damage":41,"enemies":"Reptomancer","floor":38,"turns":2},{"damage":39,"enemies":"3 Darklings","floor":39,"turns":3},{"damage":36,"enemies":"3 Shapes","floor":42,"turns":3},{"damage":39,"enemies":"Maw","floor":47,"turns":6},{"damage":16,"enemies":"Writhing Mass","floor":49,"turns":4},{"damage":88,"enemies":"downfall:Silent","floor":50,"turns":9},{"damage":61,"enemies":"downfall:CharBossMerchant","floor":52,"turns":10},{"damage":114,"enemies":"downfall:NeowBoss","floor":55,"turns":21}],"seed_played":"-8752673924732859185","potions_obtained":[{"floor":2.0,"key":"Fire Potion"},{"floor":12.0,"key":"EssenceOfSteel"},{"floor":13.0,"key":"CultistPotion"},{"floor":16.0,"key":"Slimebound:SlimedPotion"},{"floor":19.0,"key":"Slimebound:ThreeZeroPotion"},{"floor":21.0,"key":"Dexterity Potion"},{"floor":25.0,"key":"EssenceOfSteel"},{"floor":27.0,"key":"sneckomod:MuddlingPotion"},{"floor":28.0,"key":"Fire Potion"},{"floor":29.0,"key":"DistilledChaos"},{"floor":30.0,"key":"Block Potion"},{"floor":32.0,"key":"Energy Potion"},{"floor":33.0,"key":"BlessingOfTheForge"},{"floor":37,"key":"sneckomod:MuddlingPotion"},{"floor":38,"key":"CultistPotion"}],"is_trial":false,"path_per_floor":["R","M","M","?","?","R","T","$","?","R","M","M","M","T","M","B",null,"R","E","R","?","?","R","T","M","R","E","?","M","$","?","M","B",null,"R","?","$","E","M","R","T","M","?","R","?","$","M","$","M","B",null,"E","$","R","B",null],"character_chosen":"SLIMEBOUND","items_purchased":["Juzu Bracelet","Slimebound:Repurpose","Slimebound:SlimeTap","Slimebound:OneTwoCombo","Slimebound:HungryTackle","Eternal Feather","Slimebound:SelfDamagePreventRelic","Membership Card","Slimebound:Nibble"],"campfire_rested":1,"item_purchase_floors":[8,30,37,37,43,43,48,53,53],"current_hp_per_floor":[60,60,53,53,53,53,53,56,56,56,62,66,69,69,57,29,78,78,23,48,63,63,63,63,75,75,54,75,73,91,91,108,100,111,111,111,115,115,118,118,118,123,123,134,124,124,137,137,140,131,143,130,130,143,94],"gold":50,"neow_bonus":"RANDOM_COLORLESS_2","is_daily":false,"chose_seed":false,"campfire_upgraded":4,"win_rate":0.0,"timestamp":1608494279,"path_taken":["R","M","?","?","?","R","T","$","?","R","M","M","M","?","M","BOSS","R","E","R","?","?","R","T","M","R","E","?","M","?","?","M","BOSS","R","?","$","E","M","R","T","M","?","R","?","?","?","$","M","BOSS","E","$","R","BOSS"],"items_purchased_type":["Relic","Card","Card","Card","Card","Relic","Relic","Relic","Card"],"build_version":"2020-12-13","purchased_purges":4,"victory":true,"max_hp_per_floor":[60,60,60,60,60,60,60,60,60,60,63,66,69,69,75,78,78,78,84,84,93,93,93,93,96,96,99,102,105,105,105,108,111,111,111,111,115,115,118,118,118,124,124,134,134,134,137,137,140,143,143,143,143,143,143],"card_choices":[{"not_picked":["Secret Weapon","Master of Strategy"],"picked":"expansioncontent:DashGenerateEvil","floor":0.0},{"not_picked":["Slimebound:LivingWall","Slimebound:SplitMire","Slimebound:SlimeBarrage"],"picked":"SKIP","floor":2.0},{"not_picked":["Slimebound:GoopSpray","Slimebound:PressTheAttack","Slimebound:ViciousTackle"],"picked":"SKIP","floor":3.0},{"not_picked":["Slimebound:Recollect","Slimebound:SplitBruiser"],"picked":"Slimebound:MassFeed","floor":8.0},{"not_picked":["Slimebound:SplitLeeching","Slimebound:GrowthPunch","Slimebound:SplitBruiser"],"picked":"SKIP","floor":11.0},{"not_picked":["Slimebound:GoopSpray","Slimebound:ViciousTackle","Slimebound:SplitBruiser"],"picked":"SKIP","floor":12.0},{"not_picked":["Slimebound:RollThrough","Slimebound:FinishingTackle"],"picked":"Slimebound:SamplingLick","floor":13.0},{"not_picked":["Slimebound:Grow","Slimebound:RainOfGoop","Slimebound:LeechEnergy"],"picked":"SKIP","floor":15.0},{"not_picked":["Slimebound:DouseInSlime","Slimebound:LeechLife"],"picked":"Slimebound:Recycling","floor":16.0},{"not_picked":["Slimebound:LeechEnergy","Slimebound:DouseInSlime"],"picked":"Slimebound:GrowthPunch","floor":19.0},{"not_picked":["Slimebound:GrowthPunch","Slimebound:LeadByExample+1"],"picked":"Slimebound:Schlurp","floor":21.0},{"not_picked":["Slimebound:SplitAcid","Slimebound:FinishingTackle"],"picked":"Slimebound:ComboTackle","floor":25.0},{"not_picked":["Slimebound:SplitBruiser","Slimebound:ViciousTackle","Slimebound:MinionMaster"],"picked":"SKIP","floor":27.0},{"not_picked":["Slimebound:SlimeBrawl","Slimebound:SplitAcid"],"picked":"Slimebound:ComboTackle","floor":28.0},{"not_picked":["Slimebound:TongueLash","Slimebound:SplitBruiser"],"picked":"Slimebound:GrowthPunch+1","floor":29.0},{"not_picked":["Slimebound:ForwardTackle","Slimebound:LeechingTouch+1"],"picked":"Slimebound:HauntingLick","floor":30.0},{"not_picked":["Slimebound:ViciousTackle","Slimebound:RollThrough","Slimebound:ComboTackle"],"picked":"SKIP","floor":32.0},{"not_picked":["Slimebound:MassFeed","Slimebound:CheckThePlaybook"],"picked":"Slimebound:DuplicatedForm","floor":33.0},{"not_picked":["Slimebound:PressTheAttack","Slimebound:DisruptingSlam+1"],"picked":"Slimebound:ComboTackle+1","floor":37},{"not_picked":["Slimebound:SplitMire+1","Slimebound:Dissolve+1","Slimebound:FirmFortitude+1"],"picked":"SKIP","floor":38},{"not_picked":["Slimebound:Dissolve","Slimebound:RollThrough","Slimebound:FormOfPuddle+1"],"picked":"SKIP","floor":39},{"not_picked":["Slimebound:GoopSpray","Slimebound:GrowthPunch"],"picked":"Slimebound:RallyTheTroops","floor":42},{"not_picked":["expansioncontent:HyperBeam","expansioncontent:TimeRipple"],"picked":"expansioncontent:SuperHexaguard","floor":45},{"not_picked":["Slimebound:ComboTackle","Slimebound:ItLooksTasty+1","Slimebound:GoopSpray+1"],"picked":"SKIP","floor":47},{"not_picked":["Slimebound:LeechingTouch+1","Slimebound:SplitBruiser","Slimebound:Grow+1"],"picked":"SKIP","floor":49},{"not_picked":["Slimebound:SamplingLick","Slimebound:ViciousTackle+1"],"picked":"Slimebound:CheckThePlaybook","floor":52}],"player_experience":1209585,"relics_obtained":[{"floor":7.0,"key":"FossilizedHelix"},{"floor":14.0,"key":"Shuriken"},{"floor":17.0,"key":"Omamori"},{"floor":17.0,"key":"White Beast Statue"},{"floor":17.0,"key":"Calipers"},{"floor":19.0,"key":"hexamod:BolsterEngine"},{"floor":21.0,"key":"Red Mask"},{"floor":24.0,"key":"Slimebound:AggressiveSlimeRelic"},{"floor":27.0,"key":"Ornamental Fan"},{"floor":28.0,"key":"Thread and Needle"},{"floor":28.0,"key":"Gremlin Horn"},{"floor":38,"key":"Old Coin"},{"floor":52,"key":"HornCleat"}],"event_choices":[{"damage_healed":0.0,"max_hp_gain":0.0,"max_hp_loss":0.0,"gold_gain":0.0,"event_name":"Masked Bandits","player_choice":"Fought Bandits","floor":21.0,"gold_loss":0.0,"damage_taken":0.0},{"damage_healed":0.0,"max_hp_gain":0.0,"max_hp_loss":0.0,"gold_gain":0.0,"event_name":"The Library","player_choice":"Read","floor":22.0,"gold_loss":0.0,"damage_taken":0.0,"cards_obtained":["Slimebound:SlimeTap"]},{"damage_healed":0.0,"max_hp_gain":0.0,"max_hp_loss":0.0,"gold_gain":0.0,"event_name":"FaceTrader","player_choice":"Trade","floor":31.0,"gold_loss":0.0,"damage_taken":0.0,"relics_obtained":["SsserpentHead"]}],"is_beta":false,"boss_relics":[{"not_picked":["Sozu","Philosopher\u0027s Stone"],"picked":"Calling Bell"},{"not_picked":["Busted Crown","Black Star"],"picked":"Slimebound:TarBlob"}],"items_purged_floors":[8,30,37,43],"is_endless":false,"potions_floor_spawned":[2,12,13,15,16,19,21,25,27,28,29,30,32,33,37,38,39,42,47,49,52],"ascension_level":0}}