{"host":"kw4o7b3ro2ktmmbe","time":1608457163,"event":{"mods":["BaseMod","Minty Spire (QoL Compilation)","StSLib","The Marked","Treasure Hunter"],"gold_per_floor":[186,196,196,196,214,214,228,259,259,259,284,284,299,337,337,465,465,485,501,246,290,290,325,325,358,405,405,405,405],"floor_reached":28,"playtime":2485,"items_purged":[],"score":331,"play_id":"eaddf42b-48c2-4891-8385-d5e79fde740b","local_time":"20201220223923","is_ascension_mode":true,"campfire_choices":[{"data":"theMarked:EmpowerWeapon","floor":6.0,"key":"SMITH"},{"data":"theMarked:SoldierOfQuellstein","floor":12.0,"key":"SMITH"},{"data":"theMarked:SoldierOfQuellstein","floor":15.0,"key":"SMITH"},{"data":"Writhe","floor":24,"key":"PURGE"},{"data":"TH:ElvenBoots","floor":27,"key":"SMITH"}],"circlet_count":0,"master_deck":["theMarked:Strike","theMarked:Strike","theMarked:Strike","theMarked:Strike","theMarked:Strike","theMarked:Defend","theMarked:Defend","theMarked:Defend","theMarked:Defend","theMarked:SoldierOfQuellstein+1","theMarked:EmpowerWeapon+1","theMarked:BindingBlade","theMarked:SoldierOfQuellstein+1","Purity","theMarked:DeterminationOfTheMarked","TH:ElvenBoots+1","theMarked:Challenge","TH:CursedSword","TH:ElvenBoots","theMarked:ChannelForce","TH:BikiniMail","theMarked:EnhancedHearing+1","TH:CursedSword","theMarked:SoldierForm+1","TH:DeckOfManyThings","TH:BikiniMail","theMarked:StartUp+1","TH:ArmorSpikes"],"relics":["Philosopher\u0027s Stone","Golden Idol","Darkstone Periapt","Pantograph","Frozen Egg 2","Pear","Busted Crown","Meat on the Bone","Red Mask","Peace Pipe","Toxic Egg 2","theMarked:KettuFlask"],"acts_visited":["Exordium","TheCity"],"potions_floor_usage":[21,25],"damage_taken":[{"damage":0.0,"enemies":"Jaw Worm","floor":1.0,"turns":3.0},{"damage":0.0,"enemies":"Cultist","floor":2.0,"turns":3.0},{"damage":0.0,"enemies":"2 Louse","floor":5.0,"turns":3.0},{"damage":1.0,"enemies":"Looter","floor":7.0,"turns":3.0},{"damage":35.0,"enemies":"Gremlin Nob","floor":8.0,"turns":4.0},{"damage":6.0,"enemies":"2 Fungi Beasts","floor":11.0,"turns":4.0},{"damage":1.0,"enemies":"Exordium Wildlife","floor":13.0,"turns":4.0},{"damage":0.0,"enemies":"Lagavulin","floor":14.0,"turns":6.0},{"damage":14.0,"enemies":"Hexaghost","floor":16.0,"turns":6.0},{"damage":5.0,"enemies":"2 Thieves","floor":18.0,"turns":3.0},{"damage":7.0,"enemies":"Chosen","floor":19.0,"turns":4.0},{"damage":20,"enemies":"Masked Bandits","floor":21,"turns":4},{"damage":9,"enemies":"Gremlin Leader","floor":23,"turns":6},{"damage":28,"enemies":"Book of Stabbing","floor":25,"turns":4},{"damage":35,"enemies":"Centurion and Healer","floor":28,"turns":4}],"seed_played":"-1929323335933597789","potions_obtained":[{"floor":1.0,"key":"SpeedPotion"},{"floor":11.0,"key":"SpeedPotion"},{"floor":13.0,"key":"EssenceOfSteel"},{"floor":14.0,"key":"Regen Potion"},{"floor":16.0,"key":"EntropicBrew"},{"floor":18.0,"key":"ColorlessPotion"}],"is_trial":false,"path_per_floor":["M","M","?","?","M","R","M","E","T","T","M","R","M","E","R","B",null,"M","M","$","?","?","E","R","E","T","R","M"],"character_chosen":"THE_DEFAULT","items_purchased":["Meat on the Bone"],"campfire_rested":0,"item_purchase_floors":[20],"current_hp_per_floor":[70,70,53,53,53,53,52,17,17,17,11,11,10,20,20,46,80,75,68,68,48,54,45,45,29,29,29,0,0],"gold":405,"neow_bonus":"BOSS_RELIC","is_daily":false,"chose_seed":false,"campfire_upgraded":4,"win_rate":0.0,"timestamp":1608457163,"path_taken":["M","M","?","?","M","R","?","E","T","?","M","R","M","E","R","BOSS","M","M","$","?","?","E","R","E","T","R","M"],"items_purchased_type":["Relic"],"build_version":"2020-12-13","purchased_purges":0,"victory":false,"max_hp_per_floor":[70,70,70,70,70,70,70,70,70,70,70,70,70,80,80,80,80,80,80,80,80,86,86,86,86,86,86,86,86],"card_choices":[{"not_picked":["theMarked:ShockingTouch","theMarked:Overthink","theMarked:RepellingDischarge"],"picked":"SKIP","floor":1.0},{"not_picked":["theMarked:Parkour","theMarked:Panic","theMarked:ChainLightning"],"picked":"SKIP","floor":2.0},{"not_picked":["theMarked:Parkour","theMarked:Indomitable","theMarked:Aftermath"],"picked":"SKIP","floor":5.0},{"not_picked":["theMarked:Polarize","theMarked:BanishingStrike"],"picked":"theMarked:DeterminationOfTheMarked","floor":7.0},{"not_picked":["TH:DeckOfManyThings"],"picked":"TH:ElvenBoots","floor":8.0},{"not_picked":["theMarked:ReduceFriction","theMarked:Frustration"],"picked":"theMarked:Challenge","floor":8.0},{"not_picked":["TH:PixieDust"],"picked":"TH:CursedSword","floor":9.0},{"not_picked":["TH:CursedSword"],"picked":"TH:ElvenBoots","floor":10.0},{"not_picked":["theMarked:SwordAndMagic","theMarked:Electrify","theMarked:WastefulAttack"],"picked":"SKIP","floor":11.0},{"not_picked":["theMarked:BanishingStrike","theMarked:MaelstromOfLightning"],"picked":"theMarked:ChannelForce","floor":13.0},{"not_picked":["TH:ArmorSpikes"],"picked":"TH:BikiniMail","floor":14.0},{"not_picked":["theMarked:TakeOffHeels","theMarked:Improvise"],"picked":"theMarked:EnhancedHearing+1","floor":14.0},{"not_picked":["TH:Mimic"],"picked":"TH:CursedSword","floor":16.0},{"not_picked":["theMarked:MuscleMemory","theMarked:SummonStrength+1"],"picked":"theMarked:SoldierForm+1","floor":16.0},{"not_picked":["theMarked:ResourceFulStrike"],"picked":"SKIP","floor":18.0},{"not_picked":["theMarked:GodGivenPower+1"],"picked":"SKIP","floor":19.0},{"not_picked":[],"picked":"TH:DeckOfManyThings","floor":23},{"not_picked":["theMarked:Aftermath+1"],"picked":"SKIP","floor":23},{"not_picked":[],"picked":"TH:BikiniMail","floor":25},{"not_picked":[],"picked":"theMarked:StartUp+1","floor":25},{"not_picked":[],"picked":"TH:ArmorSpikes","floor":26}],"player_experience":1766400,"relics_obtained":[{"floor":8.0,"key":"Darkstone Periapt"},{"floor":9.0,"key":"Pantograph"},{"floor":10.0,"key":"Frozen Egg 2"},{"floor":14.0,"key":"Pear"},{"floor":21,"key":"Red Mask"},{"floor":23,"key":"Toxic Egg 2"},{"floor":25,"key":"theMarked:KettuFlask"}],"event_choices":[{"damage_healed":0.0,"max_hp_gain":0.0,"max_hp_loss":0.0,"gold_gain":0.0,"event_name":"Golden Idol","player_choice":"Take Damage","floor":3.0,"gold_loss":0.0,"damage_taken":17.0,"relics_obtained":["Golden Idol"]},{"damage_healed":0.0,"max_hp_gain":0.0,"max_hp_loss":0.0,"gold_gain":0.0,"event_name":"Match and Keep!","player_choice":"4 cards matched","floor":4.0,"gold_loss":0.0,"damage_taken":0.0,"cards_obtained":["theMarked:EmpowerWeapon","theMarked:BindingBlade","theMarked:SoldierOfQuellstein","Purity"]},{"damage_healed":0.0,"max_hp_gain":0.0,"max_hp_loss":0.0,"gold_gain":0.0,"event_name":"Match and Keep!","player_choice":"4 cards matched","floor":4.0,"gold_loss":0.0,"damage_taken":0.0,"cards_obtained":["theMarked:EmpowerWeapon","theMarked:BindingBlade","theMarked:SoldierOfQuellstein","Purity"]},{"damage_healed":0,"gold_gain":0,"player_choice":"Fought Bandits","damage_taken":0,"max_hp_gain":0,"max_hp_loss":0,"event_name":"Masked Bandits","floor":21,"gold_loss":0},{"damage_healed":0,"gold_gain":0,"player_choice":"Opened","damage_taken":0,"relics_obtained":["Peace Pipe"],"max_hp_gain":0,"max_hp_loss":0,"event_name":"The Mausoleum","floor":22,"gold_loss":0,"cards_obtained":["Writhe"]}],"is_beta":false,"boss_relics":[{"not_picked":["Empty Cage","Fusion Hammer"],"picked":"Busted Crown"}],"items_purged_floors":[],"is_endless":false,"potions_floor_spawned":[1,11,13,14,16,18],"killed_by":"Centurion and Healer","ascension_level":1}}