{"host":"xyexbe31ku0ov20l","time":1608455766,"event":{"mods":["AchievementEnabler","AlwaysNeverKeys","BaseMod","Bestiary","Block Reminder","Colored Map","Colored Powertips","Curses Come First","Displayed Cursed Tome","Minty Spire (QoL Compilation)","Permanent Neow","Quick Restart","Random Character Button","Rare Cards Sparkle","Relic Stats","StSLib"],"gold_per_floor":[114,129,129,142,161,161,186,186,235,22,38,56,74,74,74,74,74],"floor_reached":16,"playtime":578,"items_purged":[],"score":208,"play_id":"7a44f7fd-53d2-496e-a69a-3d60e6ac9ffb","local_time":"20201220011606","is_ascension_mode":true,"campfire_choices":[{"floor":6,"key":"REST"},{"floor":8,"key":"REST"},{"floor":15,"key":"REST"}],"circlet_count":0,"master_deck":["AscendersBane","Strike_G","Strike_G","Strike_G","Strike_G","Strike_G","Defend_G","Defend_G","Defend_G","Defend_G","Defend_G","Survivor","Neutralize","Crippling Poison","Footwork","Decay","Masterful Stab","Slice","Terror","Footwork","Heel Hook","Phantasmal Killer","Blade Dance"],"relics":["Ring of the Snake","Lizard Tail","Question Card","Art of War","TwistedFunnel"],"acts_visited":["Exordium"],"potions_floor_usage":[11,13,16,16],"damage_taken":[{"damage":0,"enemies":"Cultist","floor":1,"turns":4},{"damage":0,"enemies":"Jaw Worm","floor":2,"turns":6},{"damage":0,"enemies":"2 Louse","floor":4,"turns":3},{"damage":3,"enemies":"Blue Slaver","floor":5,"turns":5},{"damage":79,"enemies":"Gremlin Nob","floor":7,"turns":6},{"damage":19,"enemies":"Exordium Wildlife","floor":11,"turns":4},{"damage":0,"enemies":"2 Fungi Beasts","floor":12,"turns":3},{"damage":1,"enemies":"Large Slime","floor":13,"turns":4},{"damage":36,"enemies":"Hexaghost","floor":16,"turns":9}],"seed_played":"1078778189181987007","potions_obtained":[{"floor":2,"key":"FearPotion"},{"floor":5,"key":"Explosive Potion"},{"floor":11,"key":"Fire Potion"},{"floor":13,"key":"Strength Potion"},{"floor":14,"key":"AttackPotion"}],"is_trial":false,"path_per_floor":["M","M","?","M","M","R","E","R","T","$","M","M","M","?","R","B"],"character_chosen":"THE_SILENT","items_purchased":["TwistedFunnel","Footwork"],"campfire_rested":3,"item_purchase_floors":[10,10],"current_hp_per_floor":[44,44,44,44,41,60,14,33,33,33,14,14,13,13,32,0,0],"gold":74,"neow_bonus":"ONE_RARE_RELIC","is_daily":false,"chose_seed":false,"campfire_upgraded":0,"win_rate":0.0,"timestamp":1608455766,"path_taken":["M","?","?","?","M","R","E","R","T","$","?","M","M","?","R","BOSS"],"items_purchased_type":["Relic","Card"],"build_version":"2020-12-13","purchased_purges":0,"victory":false,"max_hp_per_floor":[66,66,66,66,66,66,66,66,66,66,66,66,66,66,66,66,66],"relic_stats":{"Lizard Tail":33,"counters":[9,44],"Art of War":[3],"Question Card":3,"obtain_stats":[{"TwistedFunnel":10,"Lizard Tail":0,"Art of War":9,"Question Card":7,"Ring of the Snake":0},{"TwistedFunnel":5,"Lizard Tail":0,"Art of War":5,"Question Card":5,"Ring of the Snake":0},{"TwistedFunnel":24,"Lizard Tail":0,"Art of War":24,"Question Card":24,"Ring of the Snake":0}],"Ring of the Snake":[18]},"card_choices":[{"not_picked":["Flying Knee","Reflex"],"picked":"Crippling Poison","floor":1},{"not_picked":["Backflip","Bane"],"picked":"Footwork","floor":2},{"not_picked":["PiercingWail","Quick Slash"],"picked":"Masterful Stab","floor":4},{"not_picked":["Deflect","Prepared"],"picked":"Slice","floor":5},{"not_picked":["Eviscerate","Cloak And Dagger"],"picked":"Terror","floor":7},{"not_picked":["Dagger Spray","Dodge and Roll","Dagger Throw"],"picked":"Heel Hook","floor":11},{"not_picked":["Distraction","Eviscerate","Slice"],"picked":"Phantasmal Killer","floor":12},{"not_picked":["Expertise","Deflect","Dodge and Roll"],"picked":"Blade Dance","floor":13}],"player_experience":2235940,"relics_obtained":[{"floor":7,"key":"Question Card"},{"floor":9,"key":"Art of War"}],"event_choices":[{"damage_healed":0,"gold_gain":0,"player_choice":"Cursed","damage_taken":0,"max_hp_gain":0,"max_hp_loss":0,"event_name":"Wheel of Change","floor":3,"gold_loss":0,"cards_obtained":["Decay"]},{"damage_healed":0,"gold_gain":0,"player_choice":"Got Potions","damage_taken":0,"max_hp_gain":0,"max_hp_loss":0,"event_name":"Lab","floor":14,"gold_loss":0}],"is_beta":false,"boss_relics":[],"items_purged_floors":[],"is_endless":false,"potions_floor_spawned":[2,5,11,13],"killed_by":"Hexaghost","ascension_level":20}}