{"host":"udzsrhbqdxqtlypj","time":1608467108,"event":{"mods":["BaseMod","Minty Spire (QoL Compilation)","Relic Stats"],"gold_per_floor":[109,184,195,215,22,22,50,50,50,50,76,88,100,141,153,165,165],"floor_reached":16,"playtime":625,"items_purged":["Strike_R"],"score":174,"play_id":"c96a74c0-6363-4505-bdc4-69edf68ab3fe","local_time":"20201220062508","is_ascension_mode":true,"campfire_choices":[{"data":"Rampage","floor":6,"key":"SMITH"},{"floor":8,"key":"REST"},{"data":"True Grit","floor":10,"key":"SMITH"},{"data":"Bash","floor":13,"key":"SMITH"},{"data":"Corruption","floor":15,"key":"SMITH"}],"circlet_count":0,"master_deck":["AscendersBane","Strike_R","Strike_R","Strike_R","Strike_R","Defend_R","Defend_R","Defend_R","Defend_R","Bash+1","Rampage+1","Headbutt","True Grit+1","Burning Pact","Shrug It Off","Corruption+1"],"relics":["Burning Blood","Question Card","Kunai","MawBank","Art of War","Potion Belt"],"acts_visited":["Exordium"],"potions_floor_usage":[7,11,14,16],"damage_taken":[{"damage":22,"enemies":"Small Slimes","floor":1,"turns":4},{"damage":10,"enemies":"2 Louse","floor":3,"turns":3},{"damage":5,"enemies":"Cultist","floor":4,"turns":4},{"damage":38,"enemies":"Lagavulin","floor":7,"turns":7},{"damage":12,"enemies":"Gremlin Nob","floor":11,"turns":4},{"damage":21,"enemies":"Lagavulin","floor":14,"turns":6},{"damage":24,"enemies":"The Guardian","floor":16,"turns":4}],"seed_played":"8639605181859814566","potions_obtained":[{"floor":3,"key":"PowerPotion"},{"floor":7,"key":"BlessingOfTheForge"},{"floor":11,"key":"ElixirPotion"},{"floor":14,"key":"Dexterity Potion"}],"is_trial":false,"path_per_floor":["M","?","M","M","$","R","E","R","T","R","E","?","R","E","R","B"],"character_chosen":"IRONCLAD","items_purchased":["True Grit","DuplicationPotion"],"campfire_rested":1,"item_purchase_floors":[5,5],"current_hp_per_floor":[64,53,49,50,50,50,18,44,44,44,38,38,38,23,23,0,0],"gold":165,"neow_bonus":"TEN_PERCENT_HP_BONUS","is_daily":false,"chose_seed":false,"campfire_upgraded":4,"win_rate":0.0,"timestamp":1608467108,"path_taken":["M","?","M","M","$","R","E","R","T","R","E","?","R","E","R","BOSS"],"items_purchased_type":["Card","Potion"],"build_version":"2020-12-13","purchased_purges":1,"victory":false,"max_hp_per_floor":[88,88,88,88,88,88,88,88,88,88,88,88,88,88,88,88,88],"relic_stats":{"counters":[7,32],"Art of War":[3],"Kunai":[3],"Question Card":2,"MawBank":60,"obtain_stats":[{"Potion Belt":14,"Art of War":12,"Kunai":9,"Question Card":7,"MawBank":11,"Burning Blood":0},{"Potion Belt":6,"Art of War":5,"Kunai":4,"Question Card":4,"MawBank":5,"Burning Blood":0},{"Potion Belt":28,"Art of War":22,"Kunai":18,"Question Card":18,"MawBank":22,"Burning Blood":0}],"Burning Blood":36},"card_choices":[{"not_picked":["Body Slam","Armaments"],"picked":"Rampage","floor":1},{"not_picked":["Seeing Red","Heavy Blade","Wild Strike"],"picked":"SKIP","floor":3},{"not_picked":["Sword Boomerang","Dark Embrace"],"picked":"Headbutt","floor":4},{"not_picked":["Cleave","Body Slam"],"picked":"Burning Pact","floor":7},{"not_picked":["Fire Breathing","Clash","Feel No Pain"],"picked":"Shrug It Off","floor":11},{"not_picked":["Entrench","Wild Strike","Body Slam"],"picked":"Corruption","floor":14}],"player_experience":2687849,"relics_obtained":[{"floor":7,"key":"Question Card"},{"floor":9,"key":"Kunai"},{"floor":11,"key":"MawBank"},{"floor":14,"key":"Potion Belt"}],"event_choices":[{"damage_healed":0,"gold_gain":75,"player_choice":"Gather Gold","damage_taken":11,"max_hp_gain":0,"max_hp_loss":0,"event_name":"World of Goop","floor":2,"gold_loss":0},{"damage_healed":0,"gold_gain":0,"player_choice":"Gave Potion","damage_taken":0,"relics_obtained":["Art of War"],"max_hp_gain":0,"max_hp_loss":0,"event_name":"WeMeetAgain","floor":12,"gold_loss":0}],"is_beta":false,"boss_relics":[],"items_purged_floors":[5],"is_endless":false,"potions_floor_spawned":[3,7,11,14],"killed_by":"The Guardian","ascension_level":10}}