{"host":"kl4d6mrj76c2arub","time":1608424169,"event":{"mods":["2.2 Compatiblity","Act Like it!","Aspiration","BaseMod","Better Note","Better Vampires","CapriCore","Dio Mod","Gensokyo","Hermit","Hubris","Infinite Spire","Jorbs\u0027s Wanderer Trilogy","Marisa????????","Minty Spire (QoL Compilation)","Rare Cards Sparkle","Reimu??????","Remilia??????","StSLib","The Accelerator","The Hierophant","The Immortal","The Poker Player","The Servant 0.9.4","The Wild Card"],"gold_per_floor":[114,133,133,152,26,26,56,0,51,63,89,16,30,48,48,48,48],"floor_reached":16,"playtime":567,"items_purged":[],"score":118,"play_id":"04bdb419-52f8-4c6d-a3e6-e5b04b3a2a66","local_time":"20201219182929","is_ascension_mode":true,"campfire_choices":[{"data":"hermit:Glare","floor":6,"key":"SMITH"},{"floor":15,"key":"REST"}],"circlet_count":0,"master_deck":["hermit:Strike_Hermit","hermit:Strike_Hermit","hermit:Strike_Hermit","hermit:Strike_Hermit","hermit:Defend_Hermit","hermit:Defend_Hermit","hermit:Defend_Hermit","hermit:Defend_Hermit","hermit:Snapshot","hermit:Covet","hermit:Deadeye","hermit:SprayPray","hermit:BigShot","hermit:Glare+1","hermit:Vantage","hermit:GhostlyPresence","hermit:Headshot","hermit:Ricochet"],"relics":["hermit:Momento","NeowsBlessing","hermit:Spyglass","Darkstone Periapt","MealTicket","hubris:SphereOfDissonance"],"acts_visited":["Exordium"],"potions_floor_usage":[11],"damage_taken":[{"damage":0,"enemies":"2 Louse","floor":1,"turns":1},{"damage":0,"enemies":"Jaw Worm","floor":2,"turns":1},{"damage":0,"enemies":"Cultist","floor":4,"turns":1},{"damage":20,"enemies":"Gremlin Nob","floor":7,"turns":4},{"damage":1,"enemies":"3 Louse","floor":10,"turns":3},{"damage":33,"enemies":"Lagavulin","floor":11,"turns":7},{"damage":10,"enemies":"Large Slime","floor":13,"turns":4},{"damage":3,"enemies":"Looter","floor":14,"turns":3},{"damage":37,"enemies":"Slime Boss","floor":16,"turns":7}],"seed_played":"-8221196324263944655","potions_obtained":[{"floor":1,"key":"Explosive Potion"},{"floor":2,"key":"SkillPotion"},{"floor":7,"key":"Energy Potion"},{"floor":11,"key":"Regen Potion"}],"is_trial":false,"path_per_floor":["M","M","?","M","$","R","E","?","T","M","E","$","M","M","R","B"],"character_chosen":"HERMIT","items_purchased":["hermit:BigShot","hermit:Glare","hermit:GhostlyPresence"],"campfire_rested":1,"item_purchase_floors":[5,5,12],"current_hp_per_floor":[75,75,75,75,75,75,55,55,55,54,21,36,26,23,45,8,8],"gold":48,"neow_bonus":"THREE_ENEMY_KILL","is_daily":false,"chose_seed":false,"campfire_upgraded":1,"win_rate":0.0,"timestamp":1608424169,"path_taken":["M","M","?","M","$","R","E","?","T","M","E","$","M","?","R","BOSS"],"items_purchased_type":["Card","Card","Card"],"build_version":"2020-12-13","purchased_purges":0,"victory":false,"max_hp_per_floor":[75,75,75,75,75,75,75,75,75,75,75,75,75,75,75,75,75],"card_choices":[{"not_picked":["hermit:Brawl","hermit:LowProfile"],"picked":"hermit:Deadeye","floor":1},{"not_picked":["hermit:Scavenge","hermit:Dive"],"picked":"hermit:SprayPray","floor":2},{"not_picked":["hermit:Showdown","hermit:Desperado","hermit:LoneWolf"],"picked":"SKIP","floor":4},{"not_picked":["hermit:Snipe","hermit:Virtue"],"picked":"hermit:Vantage","floor":7},{"not_picked":["hermit:HoleUp","hermit:ItchyTrigger","hermit:Misfire"],"picked":"SKIP","floor":10},{"not_picked":["hermit:DeadOrAlive","hermit:ItchyTrigger","hermit:Combo"],"picked":"SKIP","floor":11},{"not_picked":["hermit:Roulette","hermit:LuckOfTheDraw"],"picked":"hermit:Headshot","floor":13},{"not_picked":["hermit:Desperado","hermit:PistolWhip"],"picked":"hermit:Ricochet","floor":14}],"player_experience":683805,"relics_obtained":[{"floor":7,"key":"hermit:Spyglass"},{"floor":9,"key":"MealTicket"},{"floor":11,"key":"hubris:SphereOfDissonance"}],"event_choices":[{"damage_healed":0,"gold_gain":0,"player_choice":"Paid Gold","damage_taken":0,"relics_obtained":["Darkstone Periapt"],"max_hp_gain":0,"max_hp_loss":0,"event_name":"WeMeetAgain","floor":8,"gold_loss":56}],"is_beta":false,"boss_relics":[],"items_purged_floors":[],"is_endless":false,"potions_floor_spawned":[1,2,7,11],"killed_by":"Slime Boss","ascension_level":1}}