{"host":"6ko66ogg91i6g7xq","time":1608459212,"event":{"mods":["AchievementEnabler","Act Like it!","BaseMod","Colored Map","Colored Powertips","Downfall","Hermit","Minty Spire (QoL Compilation)","Quick Restart","Relic Stats","StSLib","The Jungle","everything is the same but u backflip on backflip"],"gold_per_floor":[115,132,307,307,62,91,105,139,192,192,192,192],"floor_reached":11,"playtime":946,"items_purged":[],"score":111,"play_id":"77dccbc7-a810-4da8-b8e5-78e98af99176","local_time":"20201220051332","is_ascension_mode":true,"campfire_choices":[{"floor":10,"key":"RECALL"}],"circlet_count":0,"master_deck":["Strike_G+1","Strike_G","Strike_G","Strike_G","Strike_G","Defend_G","Defend_G","Defend_G","Defend_G","Defend_G","Survivor","Neutralize","Bouncing Flask","Blur+1","Doubt","Backflip","Poisoned Stab","Leg Sweep"],"relics":["Ring of the Snake","NeowsBlessing","Frozen Egg 2","InkBottle","CeramicFish"],"acts_visited":["Exordium"],"potions_floor_usage":[8],"damage_taken":[{"damage":0,"enemies":"Small Slimes","floor":1,"turns":1},{"damage":0,"enemies":"Jaw Worm","floor":2,"turns":1},{"damage":0,"enemies":"3 Sentries","floor":6,"turns":2},{"damage":0,"enemies":"Cultist","floor":7,"turns":4},{"damage":11,"enemies":"Lagavulin","floor":8,"turns":6},{"damage":1,"enemies":"3 Sentries","floor":11,"turns":2}],"seed_played":"8557379732943646543","potions_obtained":[{"floor":1,"key":"Dexterity Potion"},{"floor":2,"key":"EssenceOfSteel"},{"floor":7,"key":"SkillPotion"}],"is_trial":false,"path_per_floor":["M","M","?","?","$","E","M","E","T","R","E"],"character_chosen":"THE_SILENT","items_purchased":["Frozen Egg 2"],"campfire_rested":0,"item_purchase_floors":[5],"current_hp_per_floor":[70,70,70,56,56,56,56,45,45,45,44,44],"gold":192,"neow_bonus":"THREE_ENEMY_KILL","is_daily":false,"chose_seed":false,"campfire_upgraded":0,"win_rate":0.0,"timestamp":1608459212,"path_taken":["M","M","?","?","$","E","M","E","T","R","E"],"items_purchased_type":["Relic"],"build_version":"2020-12-13","purchased_purges":0,"victory":false,"max_hp_per_floor":[70,70,70,70,70,70,70,70,70,70,70,70],"relic_stats":{"counters":[6,16],"CeramicFish":9,"obtain_stats":[{"NeowsBlessing":0,"CeramicFish":8,"Frozen Egg 2":5,"InkBottle":6,"Ring of the Snake":0},{"NeowsBlessing":0,"CeramicFish":5,"Frozen Egg 2":2,"InkBottle":3,"Ring of the Snake":0},{"NeowsBlessing":0,"CeramicFish":14,"Frozen Egg 2":2,"InkBottle":4,"Ring of the Snake":0}],"InkBottle":[3],"Ring of the Snake":[12]},"card_choices":[{"not_picked":["Dagger Throw","Acrobatics"],"picked":"Bouncing Flask","floor":1},{"not_picked":["Concentrate","Dagger Throw"],"picked":"Blur","floor":2},{"not_picked":["Acrobatics","Skewer"],"picked":"Backflip","floor":6},{"not_picked":["Dagger Spray","Well Laid Plans+1"],"picked":"Poisoned Stab","floor":7},{"not_picked":["Cloak And Dagger","Backstab"],"picked":"Leg Sweep","floor":8}],"player_experience":290450,"relics_obtained":[{"floor":6,"key":"InkBottle"},{"floor":8,"key":"CeramicFish"}],"event_choices":[{"damage_healed":0,"gold_gain":175,"player_choice":"AGREE","damage_taken":0,"max_hp_gain":0,"max_hp_loss":0,"event_name":"Liars Game","floor":3,"gold_loss":0,"cards_obtained":["Doubt"]},{"damage_healed":0,"gold_gain":0,"player_choice":"Entered Light","damage_taken":14,"max_hp_gain":0,"max_hp_loss":0,"event_name":"Shining Light","floor":4,"gold_loss":0,"cards_upgraded":["Strike_G","Blur"]}],"is_beta":false,"boss_relics":[],"items_purged_floors":[],"is_endless":false,"potions_floor_spawned":[1,2,7],"killed_by":"3 Sentries","ascension_level":1}}