{"host":"07tcb8n8jdavk3gs","time":1608494533,"event":{"mods":["BaseMod","Colored Map","Hermit","Marisa????????","Minty Spire (QoL Compilation)","StSLib","The Animator","The Cursed","The Servant 0.9.4"],"gold_per_floor":[115,115,127,137,168,198,210,222,234,246,258,281,293,347,359,371,371],"floor_reached":16,"playtime":709,"items_purged":[],"score":193,"play_id":"b84ba662-5a4a-4ae0-8822-e8094ffa78ad","local_time":"20201220140213","is_ascension_mode":true,"campfire_choices":[{"floor":7,"key":"REST"},{"floor":10,"key":"REST"},{"data":"animator:DolaSchwi","floor":13,"key":"SMITH"},{"floor":15,"key":"REST"}],"circlet_count":0,"master_deck":["AscendersBane","animator:Strike_Overlord","animator:Defend_Overlord","animator:Strike","animator:Strike","animator:Strike","animator:Defend","animator:Defend","animator:Defend","animator:Cocytus","animator:Demiurge","animator:Viivi","animator:MaesHughes","animator:RoyMustang","animator:Sebas","animator:RinTohsaka+1","animator:DolaSchwi+1","animator:Shizu"],"relics":["animator:LivingPicture","animator:TheMissingPiece","animator:PurgingStone","NeowsBlessing","MawBank","Question Card","Shovel"],"acts_visited":["Exordium"],"potions_floor_usage":[6,16],"damage_taken":[{"damage":0,"enemies":"Jaw Worm","floor":1,"turns":1},{"damage":0,"enemies":"Cultist","floor":3,"turns":1},{"damage":0,"enemies":"Small Slimes","floor":4,"turns":1},{"damage":0,"enemies":"3 Louse","floor":5,"turns":2},{"damage":43,"enemies":"Lagavulin","floor":6,"turns":8},{"damage":17,"enemies":"Red Slaver","floor":12,"turns":6},{"damage":22,"enemies":"Gremlin Nob","floor":14,"turns":5},{"damage":33,"enemies":"The Guardian","floor":16,"turns":5}],"seed_played":"-5819617483433641888","potions_obtained":[{"floor":4,"key":"SkillPotion"},{"floor":14,"key":"Regen Potion"}],"is_trial":false,"path_per_floor":["M","?","M","M","M","E","R","?","T","R","$","M","R","E","R","B"],"character_chosen":"THE_ANIMATOR","items_purchased":[],"campfire_rested":3,"item_purchase_floors":[],"current_hp_per_floor":[54,54,54,54,54,11,29,29,29,47,47,30,30,8,26,0,0],"gold":371,"neow_bonus":"THREE_ENEMY_KILL","is_daily":false,"chose_seed":false,"campfire_upgraded":1,"win_rate":0.0,"timestamp":1608494533,"path_taken":["M","?","?","M","M","E","R","?","T","R","?","M","R","E","R","BOSS"],"items_purchased_type":[],"build_version":"2020-12-13","purchased_purges":0,"victory":false,"max_hp_per_floor":[60,60,60,60,60,60,60,60,60,60,60,60,60,60,60,60,60],"card_choices":[{"not_picked":["animator:Guy","animator:NarberalGamma"],"picked":"animator:Viivi","floor":1},{"not_picked":["animator:Archer","animator:Shigure"],"picked":"animator:MaesHughes","floor":3},{"not_picked":["animator:Yuuichirou","animator:Shuna"],"picked":"animator:RoyMustang","floor":4},{"not_picked":["animator:PandorasActor","animator:Evileye"],"picked":"animator:Sebas","floor":5},{"not_picked":["animator:FeridBathory","animator:Mikaela"],"picked":"animator:RinTohsaka","floor":6},{"not_picked":["animator:MaesHughes","animator:EmiyaShirou","animator:Hakurou"],"picked":"animator:DolaSchwi","floor":12},{"not_picked":["animator:TsurugaMeisai","animator:Boros","animator:Vesta"],"picked":"animator:Shizu","floor":14}],"player_experience":902250,"relics_obtained":[{"floor":6,"key":"MawBank"},{"floor":9,"key":"Question Card"},{"floor":14,"key":"Shovel"}],"event_choices":[{"damage_healed":0,"gold_gain":0,"player_choice":"0 cards matched","damage_taken":0,"max_hp_gain":0,"max_hp_loss":0,"event_name":"Match and Keep!","floor":2,"gold_loss":0,"cards_obtained":[]},{"damage_healed":0,"gold_gain":0,"player_choice":"Forge","damage_taken":0,"max_hp_gain":0,"max_hp_loss":0,"event_name":"Accursed Blacksmith","floor":8,"gold_loss":0,"cards_upgraded":["animator:RinTohsaka"]}],"is_beta":false,"boss_relics":[],"items_purged_floors":[],"is_endless":false,"potions_floor_spawned":[4,14],"killed_by":"The Guardian","ascension_level":15}}