{"host":"utqe55yv0jihe4d6","time":1608501477,"event":{"mods":["2.2 Compatiblity","AchievementEnabler","BaseMod","Block Reminder","Colored Map","Colored Powertips","Minty Spire (QoL Compilation)","Quick Restart","Rare Cards Sparkle","Relic Stats","SuperFastMode"],"gold_per_floor":[115,115,128,53,53,91,116,141,168,168,195,238,238,277,277,360,360,289,289,73,95,95,95],"floor_reached":22,"playtime":793,"items_purged":["Strike_R"],"score":454,"play_id":"fe351ecd-8bd4-4f82-b3d6-230f94a0b67e","local_time":"20201220165757","is_ascension_mode":true,"campfire_choices":[{"data":"Armaments","floor":10.0,"key":"SMITH"},{"data":"Demon Form","floor":13.0,"key":"SMITH"},{"floor":15.0,"key":"REST"}],"circlet_count":0,"master_deck":["AscendersBane","Strike_R","Strike_R","Strike_R","Defend_R","Defend_R","Defend_R","Defend_R","Bash","Wild Strike","Armaments+1","Metallicize","Twin Strike","True Grit","Iron Wave","Cleave","Demon Form+1","Shrug It Off","Corruption","Heavy Blade","Shrug It Off","Evolve"],"relics":["Burning Blood","NeowsBlessing","CeramicFish","Bag of Preparation","Champion Belt","Cursed Key","Nloth\u0027s Gift","Oddly Smooth Stone"],"acts_visited":["Exordium","TheCity"],"potions_floor_usage":[18],"damage_taken":[{"damage":0.0,"enemies":"Small Slimes","floor":1.0,"turns":1.0},{"damage":0.0,"enemies":"Cultist","floor":3.0,"turns":1.0},{"damage":0.0,"enemies":"Gremlin Nob","floor":6.0,"turns":1.0},{"damage":5.0,"enemies":"2 Louse","floor":7.0,"turns":3.0},{"damage":2.0,"enemies":"Looter","floor":8.0,"turns":4.0},{"damage":4.0,"enemies":"Exordium Thugs","floor":11.0,"turns":4.0},{"damage":33.0,"enemies":"3 Sentries","floor":12.0,"turns":8.0},{"damage":47.0,"enemies":"Gremlin Nob","floor":14.0,"turns":5.0},{"damage":39.0,"enemies":"The Guardian","floor":16.0,"turns":11.0},{"damage":6,"enemies":"2 Thieves","floor":18,"turns":4},{"damage":13,"enemies":"Spheric Guardian","floor":21,"turns":4},{"damage":54,"enemies":"3 Cultists","floor":22,"turns":6}],"seed_played":"2745652303254682514","potions_obtained":[{"floor":1.0,"key":"SpeedPotion"},{"floor":12.0,"key":"Regen Potion"},{"floor":14.0,"key":"GamblersBrew"}],"is_trial":false,"path_per_floor":["M","?","M","$","?","E","M","M","T","R","M","E","R","E","R","B",null,"M","?","$","M","M"],"character_chosen":"IRONCLAD","items_purchased":["Oddly Smooth Stone","Shrug It Off"],"campfire_rested":1,"item_purchase_floors":[20,20],"current_hp_per_floor":[74,74,75,75,75,75,75,75,75,75,75,48,48,21,43,10,59,59,59,59,52,0,0],"gold":95,"neow_bonus":"THREE_ENEMY_KILL","is_daily":false,"chose_seed":false,"campfire_upgraded":2,"win_rate":0.0,"timestamp":1608501477,"path_taken":["M","?","M","?","?","E","M","M","T","R","M","E","R","E","R","BOSS","M","?","?","M","?"],"items_purchased_type":["Relic","Card"],"build_version":"2020-12-13","purchased_purges":1,"victory":false,"max_hp_per_floor":[75,75,75,75,75,75,75,75,75,75,75,75,75,75,75,75,75,75,75,75,75,75,75],"relic_stats":{"counters":[12,52],"CeramicFish":90,"Bag of Preparation":[14],"Nloth\u0027s Gift":0,"Champion Belt":[4],"Cursed Key":0,"obtain_stats":[{"NeowsBlessing":0,"CeramicFish":6,"Vajra":12,"Oddly Smooth Stone":20,"Bag of Preparation":9,"Nloth\u0027s Gift":19,"Champion Belt":14,"Cursed Key":17,"Burning Blood":0},{"NeowsBlessing":0,"CeramicFish":3,"Vajra":7,"Oddly Smooth Stone":10,"Bag of Preparation":5,"Nloth\u0027s Gift":10,"Champion Belt":8,"Cursed Key":9,"Burning Blood":0},{"NeowsBlessing":0,"CeramicFish":3,"Vajra":22,"Oddly Smooth Stone":42,"Bag of Preparation":10,"Nloth\u0027s Gift":42,"Champion Belt":27,"Cursed Key":38,"Burning Blood":0}],"Burning Blood":48},"card_choices":[{"not_picked":["Pummel","Reckless Charge"],"picked":"Wild Strike","floor":1.0},{"not_picked":["Armaments","Anger"],"picked":"Metallicize","floor":3.0},{"not_picked":["Burning Pact","Flex"],"picked":"Twin Strike","floor":6.0},{"not_picked":["Clash","Cleave"],"picked":"True Grit","floor":7.0},{"not_picked":["Armaments","Heavy Blade"],"picked":"Iron Wave","floor":8.0},{"not_picked":["Warcry","Flex"],"picked":"Cleave","floor":11.0},{"not_picked":["Bludgeon","Seeing Red"],"picked":"Demon Form","floor":12.0},{"not_picked":["Combust","Rage"],"picked":"Shrug It Off","floor":14.0},{"not_picked":["Limit Break","Juggernaut"],"picked":"Corruption","floor":16.0},{"not_picked":["Pommel Strike","Iron Wave"],"picked":"Heavy Blade","floor":18},{"not_picked":["Whirlwind","Metallicize"],"picked":"Evolve","floor":21}],"player_experience":2816397,"relics_obtained":[{"floor":6.0,"key":"CeramicFish"},{"floor":9.0,"key":"Bag of Preparation"},{"floor":12.0,"key":"Vajra"},{"floor":14.0,"key":"Champion Belt"}],"event_choices":[{"damage_healed":0.0,"max_hp_gain":0.0,"max_hp_loss":0.0,"gold_gain":0.0,"cards_transformed":["Strike_R"],"event_name":"Transmorgrifier","player_choice":"Transformed","floor":2.0,"gold_loss":0.0,"damage_taken":0.0,"cards_obtained":["Armaments"]},{"damage_healed":0.0,"max_hp_gain":0.0,"max_hp_loss":0.0,"gold_gain":0.0,"event_name":"The Cleric","player_choice":"Leave","floor":5.0,"gold_loss":0.0,"damage_taken":0.0},{"damage_healed":0,"gold_gain":0,"player_choice":"Traded Relic","damage_taken":0,"relics_obtained":["Nloth\u0027s Gift"],"max_hp_gain":0,"max_hp_loss":0,"event_name":"N\u0027loth","floor":19,"relics_lost":["Vajra"],"gold_loss":0}],"is_beta":false,"boss_relics":[{"not_picked":["Pandora\u0027s Box","Busted Crown"],"picked":"Cursed Key"}],"items_purged_floors":[4],"is_endless":false,"potions_floor_spawned":[1,12,14,16],"killed_by":"3 Cultists","ascension_level":20}}