{"host":"qwttrqaysb380yri","time":1608485331,"event":{"mods":["BaseMod","Custom Start","Minty Spire (QoL Compilation)","Permanent Neow","Puzzle Mod","Relic Stats","StSLib","The Cursed","The Hierophant"],"gold_per_floor":[117,13,24,39,57,57,91,111,111,111,111,122,152,180,180,253,253,267,27,27,40,40,40,69,92,92,127,146,146,146,163,163,163,163],"floor_reached":33,"playtime":1088,"items_purged":["Prepared"],"score":502,"play_id":"fd541699-6475-4be1-a161-1d3a27f927f8","local_time":"20201220182851","is_ascension_mode":true,"campfire_choices":[{"data":"Wraith Form v2","floor":6.0,"key":"SMITH"},{"floor":11,"key":"REST"},{"data":"Neutralize","floor":15,"key":"SMITH"},{"data":"Crippling Poison","floor":23,"key":"SMITH"},{"floor":30,"key":"REST"},{"data":"Noxious Fumes","floor":32,"key":"SMITH"}],"circlet_count":0,"master_deck":["AscendersBane","Strike_G","Strike_G","Strike_G","Strike_G","Strike_G","Defend_G","Defend_G","Defend_G","Defend_G","Defend_G","Survivor","Neutralize+1","Wraith Form v2+1","Dagger Spray","Predator","Finisher","Dagger Throw","Backflip","Deflect","Parasite","Crippling Poison+1","Bullet Time","Predator","Deadly Poison","Noxious Fumes+1","Crippling Poison","Flying Knee","Choke+1"],"relics":["Ring of the Snake","Oddly Smooth Stone","Bag of Marbles","Eternal Feather","Snecko Eye","Omamori","Tiny Chest","Unceasing Top","Bronze Scales","NlothsMask"],"acts_visited":["Exordium","TheCity"],"potions_floor_usage":[8,14,16,16,24,27,33],"damage_taken":[{"damage":11.0,"enemies":"Cultist","floor":1.0,"turns":5.0},{"damage":0.0,"enemies":"2 Louse","floor":3.0,"turns":2.0},{"damage":1.0,"enemies":"Small Slimes","floor":4.0,"turns":3.0},{"damage":3.0,"enemies":"2 Fungi Beasts","floor":5.0,"turns":3.0},{"damage":37.0,"enemies":"Lagavulin","floor":7.0,"turns":7.0},{"damage":3,"enemies":"Exordium Wildlife","floor":8,"turns":6},{"damage":2,"enemies":"Blue Slaver","floor":12,"turns":3},{"damage":24,"enemies":"Gremlin Nob","floor":14,"turns":4},{"damage":14,"enemies":"Hexaghost","floor":16,"turns":8},{"damage":6,"enemies":"3 Byrds","floor":18,"turns":5},{"damage":9,"enemies":"Shell Parasite","floor":21,"turns":3},{"damage":17,"enemies":"Slavers","floor":24,"turns":4},{"damage":26,"enemies":"Book of Stabbing","floor":27,"turns":5},{"damage":4,"enemies":"Shelled Parasite and Fungi","floor":28,"turns":4},{"damage":23,"enemies":"Centurion and Healer","floor":31,"turns":5},{"damage":17,"enemies":"Collector","floor":33,"turns":6}],"seed_played":"-2514625808549220878","potions_obtained":[{"floor":3.0,"key":"ColorlessPotion"},{"floor":4.0,"key":"AttackPotion"},{"floor":8,"key":"SpeedPotion"},{"floor":12,"key":"Strength Potion"},{"floor":14,"key":"AttackPotion"},{"floor":18,"key":"Explosive Potion"},{"floor":24,"key":"SkillPotion"},{"floor":31,"key":"SpeedPotion"}],"is_trial":false,"path_per_floor":["M","$","M","M","M","R","E","M","T","?","R","M","?","E","R","B",null,"M","$","?","M","?","R","E","T","T","E","M","?","R","M","R","B"],"character_chosen":"THE_SILENT","items_purchased":["EntropicBrew","Predator","Deadly Poison","Noxious Fumes"],"campfire_rested":2,"item_purchase_floors":[2,19,19,19],"current_hp_per_floor":[48,48,48,47,44,44,7,4,4,20,39,37,37,13,25,11,52,46,46,46,37,37,52,35,35,35,9,5,5,39,16,31,14,14],"gold":163,"neow_bonus":"ONE_RANDOM_RARE_CARD","is_daily":false,"chose_seed":false,"campfire_upgraded":4,"win_rate":0.0,"timestamp":1608485331,"path_taken":["M","?","M","M","M","R","E","M","T","?","R","M","?","E","R","BOSS","M","$","?","M","?","R","E","?","T","E","M","?","R","M","R","BOSS"],"items_purchased_type":["Potion","Card","Card","Card"],"build_version":"2020-12-13","purchased_purges":1,"victory":false,"max_hp_per_floor":[66,66,66,66,66,66,66,66,66,66,66,66,66,66,66,66,66,66,66,66,66,66,66,66,66,66,66,66,66,66,66,66,66,66],"relic_stats":{"counters":[16,73],"Bronze Scales":[27],"Snecko Eye":[62,62,53,83],"Eternal Feather":57,"Tiny Chest":0,"obtain_stats":[{"Bronze Scales":27,"Oddly Smooth Stone":7,"Snecko Eye":17,"Eternal Feather":14,"Tiny Chest":25,"Bag of Marbles":13,"Omamori":24,"Unceasing Top":26,"Ring of the Snake":0,"NlothsMask":29},{"Bronze Scales":13,"Oddly Smooth Stone":5,"Snecko Eye":9,"Eternal Feather":8,"Tiny Chest":12,"Bag of Marbles":7,"Omamori":12,"Unceasing Top":12,"Ring of the Snake":0,"NlothsMask":14},{"Bronze Scales":58,"Oddly Smooth Stone":20,"Snecko Eye":41,"Eternal Feather":33,"Tiny Chest":53,"Bag of Marbles":29,"Omamori":53,"Unceasing Top":53,"Ring of the Snake":0,"NlothsMask":62}],"Unceasing Top":[0],"Ring of the Snake":[32]},"card_choices":[{"not_picked":["Prepared","Footwork"],"picked":"Dagger Spray","floor":1.0},{"not_picked":["Bane","Tactician"],"picked":"Predator","floor":3.0},{"not_picked":["Backflip","Riddle With Holes"],"picked":"Finisher","floor":4.0},{"not_picked":["Outmaneuver","Sucker Punch"],"picked":"Dagger Throw","floor":5.0},{"not_picked":["Underhanded Strike","Flying Knee"],"picked":"Backflip","floor":7.0},{"not_picked":["Tactician","Deadly Poison"],"picked":"Deflect","floor":8},{"not_picked":["Acrobatics","Outmaneuver"],"picked":"Crippling Poison","floor":12},{"not_picked":["Dodge and Roll","Well Laid Plans"],"picked":"Prepared","floor":14},{"not_picked":["Unload","Envenom"],"picked":"Bullet Time","floor":16},{"not_picked":["Quick Slash","Poisoned Stab","Setup"],"picked":"SKIP","floor":18},{"not_picked":["Dagger Throw+1","Escape Plan"],"picked":"Crippling Poison","floor":21},{"not_picked":["Prepared","Accuracy","Escape Plan+1"],"picked":"SKIP","floor":24},{"not_picked":["Bane","Acrobatics"],"picked":"Flying Knee","floor":27},{"not_picked":["Blade Dance","Dagger Spray","Dodge and Roll"],"picked":"SKIP","floor":28},{"not_picked":["Poisoned Stab","Blade Dance"],"picked":"Choke+1","floor":31}],"player_experience":1909659,"relics_obtained":[{"floor":7.0,"key":"Oddly Smooth Stone"},{"floor":14,"key":"Eternal Feather"},{"floor":24,"key":"Omamori"},{"floor":25,"key":"Tiny Chest"},{"floor":26,"key":"Unceasing Top"},{"floor":27,"key":"Bronze Scales"}],"event_choices":[{"damage_healed":16,"gold_gain":0,"player_choice":"Healed and dodged fight","damage_taken":0,"max_hp_gain":0,"max_hp_loss":0,"event_name":"Mushrooms","floor":10,"gold_loss":0,"cards_obtained":["Parasite"]},{"damage_healed":0,"gold_gain":30,"player_choice":"Searched \u00272\u0027 times","damage_taken":0,"relics_obtained":["Bag of Marbles"],"max_hp_gain":0,"max_hp_loss":0,"event_name":"Dead Adventurer","floor":13,"gold_loss":0},{"damage_healed":0,"gold_gain":0,"player_choice":"Ignored","damage_taken":0,"max_hp_gain":0,"max_hp_loss":0,"event_name":"Vampires","floor":20,"gold_loss":0},{"damage_healed":0,"gold_gain":0,"player_choice":"Ignored","damage_taken":0,"max_hp_gain":0,"max_hp_loss":0,"event_name":"Ghosts","floor":22,"gold_loss":0},{"damage_healed":0,"gold_gain":0,"player_choice":"Trade","damage_taken":0,"relics_obtained":["NlothsMask"],"max_hp_gain":0,"max_hp_loss":0,"event_name":"FaceTrader","floor":29,"gold_loss":0}],"is_beta":false,"boss_relics":[{"not_picked":["Empty Cage","Runic Dome"],"picked":"Snecko Eye"}],"items_purged_floors":[19],"is_endless":false,"potions_floor_spawned":[3,4,8,12,14,18,24,31],"killed_by":"Collector","ascension_level":14}}