{"host":"9ndbo4kgsfoemf7y","time":1608477005,"event":{"mods":["AchievementEnabler","BaseMod","Colored Map","DeckTracker","Keyboard Shortcuts","Minty Spire (QoL Compilation)","Permanent Neow","Quick Restart","Relic Stats","StSLib","SuperFastMode"],"gold_per_floor":[114,26,41,41,55,85,85,120,120,120,120,120,6,20,20,94,94,104,12,32,66,66,92,92,92,92,123,23,23,34,45,45,119,119,137,137,12,31,43,43,78,78,78,109,109,122,122,137,137,137],"floor_reached":51,"playtime":2609,"items_purged":["Storm of Steel","Riddle With Holes","Distraction"],"score":1572,"play_id":"051514a2-3e60-4463-a240-4d289ea124d8","local_time":"20201221001005","is_ascension_mode":true,"campfire_choices":[{"floor":10.0,"key":"REST"},{"floor":12.0,"key":"REST"},{"data":"Calculated Gamble","floor":15.0,"key":"SMITH"},{"data":"Ghostly","floor":24.0,"key":"SMITH"},{"data":"Ghostly","floor":29.0,"key":"SMITH"},{"data":"Ghostly","floor":32.0,"key":"SMITH"},{"floor":40.0,"key":"REST"},{"floor":42.0,"key":"REST"},{"data":"Night Terror","floor":49.0,"key":"SMITH"}],"circlet_count":0,"master_deck":["AscendersBane","Survivor","Neutralize","Leg Sweep","Eviscerate","Underhanded Strike","Night Terror+1","Acrobatics","Escape Plan","Terror","Calculated Gamble+1","Dagger Throw","Reflex","Escape Plan","Grand Finale","Finesse","Ghostly+1","Ghostly+1","Ghostly+1","Purity","After Image","Tactician+1","Grand Finale"],"relics":["Pandora\u0027s Box","Lizard Tail","StoneCalendar","Torii","Cursed Key","Red Mask","Happy Flower","MealTicket","Runic Pyramid","Dream Catcher","Unceasing Top"],"acts_visited":["Exordium","TheCity","TheBeyond"],"potions_floor_usage":[],"damage_taken":[{"damage":9.0,"enemies":"Small Slimes","floor":1.0,"turns":3.0},{"damage":9.0,"enemies":"Jaw Worm","floor":3.0,"turns":3.0},{"damage":0.0,"enemies":"2 Louse","floor":5.0,"turns":2.0},{"damage":27.0,"enemies":"3 Sentries","floor":6.0,"turns":6.0},{"damage":15.0,"enemies":"Lagavulin","floor":8.0,"turns":4.0},{"damage":0.0,"enemies":"2 Fungi Beasts","floor":14.0,"turns":2.0},{"damage":7.0,"enemies":"The Guardian","floor":16.0,"turns":6.0},{"damage":8.0,"enemies":"Spheric Guardian","floor":18.0,"turns":3.0},{"damage":32.0,"enemies":"Chosen","floor":20.0,"turns":5.0},{"damage":0.0,"enemies":"Masked Bandits","floor":21.0,"turns":2.0},{"damage":0.0,"enemies":"Gremlin Leader","floor":23.0,"turns":7.0},{"damage":1.0,"enemies":"Book of Stabbing","floor":27.0,"turns":4.0},{"damage":0.0,"enemies":"Snake Plant","floor":30.0,"turns":4.0},{"damage":0.0,"enemies":"Centurion and Healer","floor":31.0,"turns":3.0},{"damage":25.0,"enemies":"Champ","floor":33.0,"turns":8.0},{"damage":20.0,"enemies":"Orb Walker","floor":35.0,"turns":4.0},{"damage":20.0,"enemies":"3 Shapes","floor":38.0,"turns":3.0},{"damage":0.0,"enemies":"Transient","floor":39.0,"turns":6.0},{"damage":6.0,"enemies":"Giant Head","floor":41.0,"turns":3.0},{"damage":3.0,"enemies":"Nemesis","floor":44.0,"turns":3.0},{"damage":0.0,"enemies":"Writhing Mass","floor":46.0,"turns":4.0},{"damage":6.0,"enemies":"Spire Growth","floor":48.0,"turns":5.0},{"damage":0,"enemies":"Awakened One","floor":50,"turns":6}],"seed_played":"-2694095603636591721","potions_obtained":[{"floor":1.0,"key":"ColorlessPotion"},{"floor":5.0,"key":"SteroidPotion"},{"floor":14.0,"key":"SneckoOil"},{"floor":16.0,"key":"Fire Potion"},{"floor":18.0,"key":"PowerPotion"},{"floor":30.0,"key":"PowerPotion"}],"is_trial":false,"path_per_floor":["M","$","M","?","M","E","?","E","T","R","?","R","$","M","R","B",null,"M","$","M","?","?","E","R","?","T","E","$","R","M","M","R","B",null,"M","?","$","M","M","R","E","R","T","E","?","M","$","M","R","B",null],"character_chosen":"THE_SILENT","items_purchased":["Calculated Gamble","Escape Plan","Finesse"],"campfire_rested":4,"item_purchase_floors":[2,13,19],"current_hp_per_floor":[50,50,41,46,46,19,19,4,4,25,25,46,46,46,46,39,63,55,55,23,23,23,23,23,23,23,22,35,35,35,35,35,10,29,9,9,24,4,4,14,8,18,18,15,15,15,30,24,24,24],"gold":137,"neow_bonus":"BOSS_RELIC","is_daily":false,"chose_seed":false,"campfire_upgraded":5,"win_rate":0.0,"timestamp":1608477005,"path_taken":["M","$","M","?","M","E","?","E","T","R","?","R","$","M","R","BOSS","M","$","M","?","?","E","R","?","T","E","$","R","M","M","R","BOSS","M","?","$","M","M","R","E","R","T","E","?","?","$","M","R","BOSS"],"items_purchased_type":["Card","Card","Card"],"build_version":"2020-12-13","purchased_purges":3,"victory":true,"max_hp_per_floor":[66,66,66,71,71,71,71,71,71,71,71,71,71,71,71,71,71,71,71,71,71,35,35,35,35,35,35,35,35,35,35,35,35,35,35,35,35,35,35,35,35,35,35,35,35,35,35,35,35,35],"relic_stats":{"Lizard Tail":0,"Dream Catcher":1,"Torii":3,"Happy Flower":[17],"counters":[23,96],"Pandora\u0027s Box":["Riddle With Holes","Leg Sweep","Eviscerate","Underhanded Strike","Night Terror","Acrobatics","Storm of Steel","Distraction","Escape Plan","Flechettes"],"StoneCalendar":[44],"MealTicket":43,"Cursed Key":0,"obtain_stats":[{"Lizard Tail":6,"Dream Catcher":41,"Torii":9,"Happy Flower":23,"Pandora\u0027s Box":0,"StoneCalendar":8,"MealTicket":27,"Red Mask":21,"Cursed Key":17,"Unceasing Top":44,"Ring of the Snake":0,"Runic Pyramid":34},{"Lizard Tail":4,"Dream Catcher":19,"Torii":5,"Happy Flower":11,"Pandora\u0027s Box":0,"StoneCalendar":5,"MealTicket":12,"Red Mask":10,"Cursed Key":7,"Unceasing Top":20,"Ring of the Snake":0,"Runic Pyramid":15},{"Lizard Tail":14,"Dream Catcher":78,"Torii":18,"Happy Flower":43,"Pandora\u0027s Box":0,"StoneCalendar":18,"MealTicket":47,"Red Mask":36,"Cursed Key":26,"Unceasing Top":81,"Ring of the Snake":0,"Runic Pyramid":62}],"Unceasing Top":[0]},"card_choices":[{"not_picked":["Poisoned Stab","PiercingWail"],"picked":"Terror","floor":1.0},{"not_picked":["Dodge and Roll","Masterful Stab","Endless Agony"],"picked":"SKIP","floor":3.0},{"not_picked":["Cloak And Dagger","Concentrate"],"picked":"Dagger Throw","floor":5.0},{"not_picked":["Wraith Form v2","Infinite Blades","Poisoned Stab"],"picked":"SKIP","floor":6.0},{"not_picked":["Eviscerate","All Out Attack"],"picked":"Reflex","floor":8.0},{"not_picked":["PiercingWail","Cloak And Dagger","Skewer"],"picked":"SKIP","floor":14.0},{"not_picked":["Corpse Explosion","Malaise"],"picked":"Grand Finale","floor":16.0},{"not_picked":["Underhanded Strike","Flying Knee","Cloak And Dagger"],"picked":"SKIP","floor":18.0},{"not_picked":["Outmaneuver","Infinite Blades","Backflip"],"picked":"SKIP","floor":20.0},{"not_picked":["Crippling Poison","Concentrate","Outmaneuver"],"picked":"SKIP","floor":23.0},{"not_picked":["Underhanded Strike","Quick Slash","Envenom"],"picked":"SKIP","floor":27.0},{"not_picked":["Underhanded Strike","Quick Slash","Envenom"],"picked":"SKIP","floor":27.0},{"not_picked":["Eviscerate","Prepared","Outmaneuver"],"picked":"SKIP","floor":30.0},{"not_picked":["Slice","Quick Slash","Concentrate"],"picked":"SKIP","floor":31.0},{"not_picked":["Backflip","Heel Hook","Crippling Poison+1"],"picked":"SKIP","floor":35.0},{"not_picked":["Good Instincts","Impatience"],"picked":"Purity","floor":36.0},{"not_picked":["PiercingWail","Crippling Poison","Catalyst"],"picked":"SKIP","floor":38.0},{"not_picked":["Sucker Punch","All Out Attack"],"picked":"After Image","floor":39.0},{"not_picked":["PiercingWail+1","Prepared+1"],"picked":"Tactician+1","floor":41.0},{"not_picked":["Unload","Riddle With Holes","Dagger Spray"],"picked":"SKIP","floor":44.0},{"not_picked":["Sucker Punch","Predator","Leg Sweep+1"],"picked":"SKIP","floor":46.0},{"not_picked":["Dagger Throw+1","Poisoned Stab","Tactician+1"],"picked":"SKIP","floor":48.0}],"player_experience":726877,"relics_obtained":[{"floor":6.0,"key":"Lizard Tail"},{"floor":8.0,"key":"StoneCalendar"},{"floor":9.0,"key":"Torii"},{"floor":21.0,"key":"Red Mask"},{"floor":23.0,"key":"Happy Flower"},{"floor":27.0,"key":"MealTicket"},{"floor":41.0,"key":"Dream Catcher"},{"floor":44.0,"key":"Unceasing Top"}],"event_choices":[{"damage_healed":0.0,"max_hp_gain":5.0,"max_hp_loss":0.0,"gold_gain":0.0,"event_name":"Big Fish","player_choice":"Donut","floor":4.0,"gold_loss":0.0,"damage_taken":0.0},{"damage_healed":0.0,"max_hp_gain":0.0,"max_hp_loss":0.0,"gold_gain":0.0,"event_name":"Dead Adventurer","player_choice":"Searched \u00270\u0027 times","floor":7.0,"gold_loss":0.0,"damage_taken":0.0},{"cards_removed":["Flechettes"],"damage_healed":0.0,"max_hp_gain":0.0,"max_hp_loss":0.0,"gold_gain":0.0,"event_name":"Living Wall","player_choice":"Forget","floor":11.0,"gold_loss":0.0,"damage_taken":0.0},{"damage_healed":0.0,"max_hp_gain":0.0,"max_hp_loss":0.0,"gold_gain":0.0,"event_name":"Masked Bandits","player_choice":"Fought Bandits","floor":21.0,"gold_loss":0.0,"damage_taken":0.0},{"damage_healed":0.0,"max_hp_gain":0.0,"max_hp_loss":36.0,"gold_gain":0.0,"event_name":"Ghosts","player_choice":"Became a Ghost","floor":22.0,"gold_loss":0.0,"damage_taken":0.0,"cards_obtained":["Ghostly","Ghostly","Ghostly"]},{"damage_healed":0.0,"max_hp_gain":0.0,"max_hp_loss":0.0,"gold_gain":0.0,"event_name":"Vampires","player_choice":"Ignored","floor":25.0,"gold_loss":0.0,"damage_taken":0.0},{"damage_healed":0.0,"max_hp_gain":0.0,"max_hp_loss":0.0,"gold_gain":0.0,"event_name":"SensoryStone","player_choice":"Memory 1","floor":36.0,"gold_loss":0.0,"damage_taken":0.0},{"damage_healed":0.0,"max_hp_gain":0.0,"max_hp_loss":0.0,"gold_gain":0.0,"event_name":"Duplicator","player_choice":"Copied","floor":45.0,"gold_loss":0.0,"damage_taken":0.0,"cards_obtained":["Grand Finale"]}],"is_beta":false,"boss_relics":[{"not_picked":["Philosopher\u0027s Stone","Sozu"],"picked":"Cursed Key"},{"not_picked":["Calling Bell","Coffee Dripper"],"picked":"Runic Pyramid"}],"items_purged_floors":[13,28,37],"is_endless":false,"potions_floor_spawned":[1,5,14,16,18,21,30,33,38,39,44,48],"ascension_level":18}}