{"host":"5f8ute538gzudddu","time":1608502191,"event":{"mods":["BaseMod","Highlight Path","Minty Spire (QoL Compilation)","Relic Stats","StSLib"],"gold_per_floor":[18,18,38,52,71,71,104,104,153,153,52,52,15,49,49,145,145,164,164,183,53,78,78,114,114,114,134,58,58,83,97,97,196,196,216,261,261,93,142,142,155,188,188,252,301,392,423,423,423,423,423],"floor_reached":50,"playtime":2726,"items_purged":["Strike_P","Defend_P"],"score":1195,"play_id":"51da6221-5dc0-440a-bc97-7e7b4d4b7702","local_time":"20201220140951","is_ascension_mode":true,"campfire_choices":[{"data":"Eruption","floor":6.0,"key":"SMITH"},{"data":"BowlingBash","floor":8.0,"key":"SMITH"},{"data":"FollowUp","floor":10.0,"key":"SMITH"},{"data":"Vault","floor":12.0,"key":"SMITH"},{"data":"Devotion","floor":15.0,"key":"SMITH"},{"floor":23.0,"key":"REST"},{"data":"Pray","floor":25.0,"key":"SMITH"},{"data":"WaveOfTheHand","floor":29.0,"key":"SMITH"},{"data":"Prostrate","floor":32.0,"key":"SMITH"},{"data":"Vault","floor":40.0,"key":"SMITH"},{"floor":49.0,"key":"RECALL"}],"circlet_count":0,"master_deck":["AscendersBane","Strike_P+1","Strike_P+1","Defend_P","Eruption+1","Vigilance","Violence","FollowUp+1","BowlingBash+1","Vault+1","Devotion+1","Prostrate+1","Wallop+1","SandsOfTime+1","Wish+1","Prostrate+1","ThirdEye+1","Pray+1","ThirdEye+1","ClearTheMind","BowlingBash+1","WaveOfTheHand+1","FollowUp+1","CrushJoints+1","ThirdEye","Vault+1","ThirdEye+1","Master of Strategy","Dark Shackles","Master of Strategy","InnerPeace+1","CutThroughFate+1","Worship","Meditate"],"relics":["PureWater","Golden Idol","Molten Egg 2","Lantern","Omamori","Astrolabe","Bottled Flame","Meat on the Bone","VioletLotus","Strange Spoon","Whetstone","Ancient Tea Set","Du-Vu Doll","Bronze Scales"],"acts_visited":["Exordium","TheCity","TheBeyond"],"potions_floor_usage":[50],"damage_taken":[{"damage":2.0,"enemies":"Jaw Worm","floor":1.0,"turns":4.0},{"damage":0.0,"enemies":"Cultist","floor":3.0,"turns":2.0},{"damage":0.0,"enemies":"Small Slimes","floor":4.0,"turns":1.0},{"damage":4.0,"enemies":"Looter","floor":5.0,"turns":4.0},{"damage":4.0,"enemies":"Gremlin Nob","floor":7.0,"turns":3.0},{"damage":11.0,"enemies":"Lagavulin","floor":14.0,"turns":4.0},{"damage":14.0,"enemies":"Hexaghost","floor":16.0,"turns":6.0},{"damage":0.0,"enemies":"Spheric Guardian","floor":18.0,"turns":4.0},{"damage":11.0,"enemies":"Shell Parasite","floor":20.0,"turns":3.0},{"damage":15.0,"enemies":"Snake Plant","floor":22.0,"turns":3.0},{"damage":4.0,"enemies":"Book of Stabbing","floor":24.0,"turns":4.0},{"damage":8.0,"enemies":"Chosen and Byrds","floor":27.0,"turns":7.0},{"damage":9.0,"enemies":"Shelled Parasite and Fungi","floor":30.0,"turns":5.0},{"damage":0.0,"enemies":"Snake Plant","floor":31.0,"turns":3.0},{"damage":33.0,"enemies":"Collector","floor":33.0,"turns":9.0},{"damage":0.0,"enemies":"3 Darklings","floor":35.0,"turns":3.0},{"damage":13.0,"enemies":"3 Shapes","floor":36.0,"turns":6.0},{"damage":17.0,"enemies":"Spire Growth","floor":39.0,"turns":4.0},{"damage":0.0,"enemies":"Sphere and 2 Shapes","floor":41.0,"turns":4.0},{"damage":1.0,"enemies":"Reptomancer","floor":42.0,"turns":2.0},{"damage":21.0,"enemies":"Nemesis","floor":44.0,"turns":7.0},{"damage":0.0,"enemies":"Transient","floor":45.0,"turns":8.0},{"damage":6.0,"enemies":"Mind Bloom Boss Battle","floor":46.0,"turns":11.0},{"damage":24.0,"enemies":"Giant Head","floor":47.0,"turns":8.0},{"damage":42,"enemies":"Awakened One","floor":50,"turns":9}],"seed_played":"-5934533275461531336","potions_obtained":[{"floor":1.0,"key":"StancePotion"},{"floor":4.0,"key":"DuplicationPotion"},{"floor":16.0,"key":"AttackPotion"},{"floor":22.0,"key":"Fire Potion"},{"floor":31.0,"key":"DistilledChaos"},{"floor":33.0,"key":"Ambrosia"},{"floor":36.0,"key":"Dexterity Potion"},{"floor":39.0,"key":"Regen Potion"},{"floor":41.0,"key":"StancePotion"},{"floor":45.0,"key":"Ambrosia"}],"is_trial":false,"path_per_floor":["M","?","M","M","M","R","E","R","T","R","$","R","$","E","R","B",null,"M","?","M","$","M","R","E","R","T","M","$","R","M","M","R","B",null,"M","M","?","$","M","R","M","E","T","E","M","?","E","?","R","B"],"character_chosen":"WATCHER","items_purchased":["Prostrate","Wallop+1","ClearTheMind","FollowUp+1","CrushJoints+1","Strange Spoon"],"campfire_rested":1,"item_purchase_floors":[11,13,21,28,28,38],"current_hp_per_floor":[59,59,59,59,55,55,51,51,51,51,51,51,51,40,40,26,53,53,53,42,42,27,45,41,41,41,33,33,33,36,36,36,15,50,50,37,27,27,22,22,43,42,42,33,33,39,27,27,27,0,0],"gold":423,"neow_bonus":"RANDOM_COLORLESS_2","is_daily":false,"chose_seed":false,"campfire_upgraded":9,"win_rate":0.0,"timestamp":1608502191,"path_taken":["M","?","M","M","M","R","E","R","T","R","?","R","?","E","R","BOSS","M","?","?","?","M","R","E","R","T","M","$","R","M","?","R","BOSS","M","M","?","$","M","R","M","E","T","E","M","?","E","?","R","BOSS"],"items_purchased_type":["Card","Card","Card","Card","Card","Relic"],"build_version":"2020-12-13","purchased_purges":2,"victory":false,"max_hp_per_floor":[68,62,62,62,62,62,62,62,62,62,62,62,62,62,62,62,62,62,62,62,62,62,62,62,62,62,62,62,62,62,62,62,62,62,62,62,62,62,62,62,62,62,62,62,62,62,62,62,62,62,62],"relic_stats":{"Strange Spoon":[30],"counters":[25,124],"Golden Idol":140,"Astrolabe":["Wish","Prostrate","ThirdEye"],"Bronze Scales":[27],"VioletLotus":[14],"Whetstone":["Strike_P","Strike_P"],"obtain_stats":[{"Lantern":9,"Golden Idol":2,"Astrolabe":17,"Omamori":14,"Whetstone":42,"Ancient Tea Set":44,"Du-Vu Doll":46,"Strange Spoon":38,"Bottled Flame":24,"Bronze Scales":47,"Molten Egg 2":7,"VioletLotus":34,"PureWater":0,"Meat on the Bone":26},{"Lantern":5,"Golden Idol":1,"Astrolabe":7,"Omamori":6,"Whetstone":20,"Ancient Tea Set":21,"Du-Vu Doll":23,"Strange Spoon":17,"Bottled Flame":11,"Bronze Scales":24,"Molten Egg 2":5,"VioletLotus":15,"PureWater":0,"Meat on the Bone":11},{"Lantern":14,"Golden Idol":4,"Astrolabe":24,"Omamori":18,"Whetstone":81,"Ancient Tea Set":88,"Du-Vu Doll":107,"Strange Spoon":71,"Bottled Flame":38,"Bronze Scales":115,"Molten Egg 2":14,"VioletLotus":62,"PureWater":0,"Meat on the Bone":38}],"Meat on the Bone":84},"card_choices":[{"not_picked":["Metamorphosis","Apotheosis"],"picked":"Violence","floor":0.0},{"not_picked":["Protect","Prostrate"],"picked":"FollowUp","floor":1.0},{"not_picked":["PathToVictory","Vengeance"],"picked":"BowlingBash","floor":3.0},{"not_picked":["Consecrate","EmptyBody"],"picked":"Crescendo","floor":4.0},{"not_picked":["WreathOfFlame","FlurryOfBlows"],"picked":"Vault","floor":5.0},{"not_picked":["Weave+1","Wireheading"],"picked":"Devotion","floor":7.0},{"not_picked":["ThirdEye","FlyingSleeves+1"],"picked":"SandsOfTime+1","floor":14.0},{"not_picked":["JustLucky+1","WheelKick+1","Halt"],"picked":"SKIP","floor":18.0},{"not_picked":["CarveReality+1","Tantrum+1"],"picked":"ThirdEye+1","floor":20.0},{"not_picked":["Consecrate+1","Protect"],"picked":"BowlingBash+1","floor":22.0},{"not_picked":["Protect+1","SashWhip+1"],"picked":"WaveOfTheHand","floor":24.0},{"not_picked":["Halt+1","SpiritShield","MentalFortress+1"],"picked":"SKIP","floor":27.0},{"not_picked":["Nirvana","FlyingSleeves+1","EmptyBody"],"picked":"SKIP","floor":30.0},{"not_picked":["BattleHymn","Prostrate+1"],"picked":"ThirdEye","floor":31.0},{"not_picked":["DeusExMachina","Establishment"],"picked":"Vault","floor":33.0},{"not_picked":["EmptyBody","InnerPeace"],"picked":"ThirdEye+1","floor":35.0},{"not_picked":["Prostrate","WheelKick+1","EmptyBody+1"],"picked":"SKIP","floor":36.0},{"not_picked":["Madness","Finesse"],"picked":"Master of Strategy","floor":37.0},{"not_picked":["Apotheosis","Impatience"],"picked":"Dark Shackles","floor":37.0},{"not_picked":["Chrysalis","Finesse"],"picked":"Master of Strategy","floor":37.0},{"not_picked":["FollowUp+1","MentalFortress"],"picked":"InnerPeace+1","floor":39.0},{"not_picked":["FollowUp+1","PathToVictory+1"],"picked":"CutThroughFate+1","floor":41.0},{"not_picked":["JustLucky+1","ThirdEye"],"picked":"Worship","floor":42.0},{"not_picked":["Crescendo","Study","DevaForm"],"picked":"SKIP","floor":44.0},{"not_picked":["Nirvana","FlurryOfBlows+1","BowlingBash+1"],"picked":"SKIP","floor":45.0},{"not_picked":["SashWhip+1","Prostrate"],"picked":"Meditate","floor":47.0}],"player_experience":889164,"relics_obtained":[{"floor":7.0,"key":"Molten Egg 2"},{"floor":9.0,"key":"Lantern"},{"floor":14.0,"key":"Omamori"},{"floor":24.0,"key":"Bottled Flame"},{"floor":26.0,"key":"Meat on the Bone"},{"floor":42.0,"key":"Whetstone"},{"floor":44.0,"key":"Ancient Tea Set"},{"floor":46.0,"key":"Du-Vu Doll"},{"floor":47.0,"key":"Bronze Scales"}],"event_choices":[{"damage_healed":0.0,"max_hp_gain":0.0,"max_hp_loss":6.0,"gold_gain":0.0,"event_name":"Golden Idol","player_choice":"Lose Max HP","floor":2.0,"gold_loss":0.0,"damage_taken":0.0,"relics_obtained":["Golden Idol"]},{"damage_healed":0.0,"max_hp_gain":0.0,"max_hp_loss":0.0,"gold_gain":0.0,"cards_transformed":["Crescendo"],"event_name":"Transmorgrifier","player_choice":"Transformed","floor":19.0,"gold_loss":0.0,"damage_taken":0.0,"cards_obtained":["Pray"]},{"damage_healed":0.0,"max_hp_gain":0.0,"max_hp_loss":0.0,"gold_gain":0.0,"event_name":"SensoryStone","player_choice":"Memory 3","floor":37.0,"gold_loss":0.0,"damage_taken":10.0},{"damage_healed":0.0,"max_hp_gain":0.0,"max_hp_loss":0.0,"gold_gain":0.0,"event_name":"MindBloom","player_choice":"Fight","floor":46.0,"gold_loss":0.0,"damage_taken":0.0},{"damage_healed":0.0,"max_hp_gain":0.0,"max_hp_loss":0.0,"gold_gain":0.0,"event_name":"Tomb of Lord Red Mask","player_choice":"Ignored","floor":48.0,"gold_loss":0.0,"damage_taken":0.0}],"is_beta":false,"boss_relics":[{"not_picked":["Snecko Eye","Velvet Choker"],"picked":"Astrolabe"},{"not_picked":["Sozu","HolyWater"],"picked":"VioletLotus"}],"items_purged_floors":[11,21],"is_endless":false,"potions_floor_spawned":[1,4,5,16,18,22,31,33,36,39,41,45],"killed_by":"Awakened One","ascension_level":20}}