{"host":"hgkb2zpbo2dcws21","time":1608446615,"event":{"mods":["AchievementEnabler","BaseMod","Colored Map","Colored Powertips","Custom Start","DeckTracker","KOR Keyword Fix","Minty Spire (QoL Compilation)","StSLib","SuperFastMode"],"gold_per_floor":[115,265,20,20,35,60,60,110,110,110,121,152,67,142,142,142,142],"floor_reached":16,"playtime":241,"items_purged":["Doubt"],"score":249,"play_id":"1a74c811-260c-4d54-895b-353879812d9f","local_time":"20201220154335","is_ascension_mode":true,"campfire_choices":[{"data":"Well Laid Plans","floor":7,"key":"SMITH"},{"data":"Adrenaline","floor":10,"key":"SMITH"},{"floor":15,"key":"REST"}],"circlet_count":0,"master_deck":["AscendersBane","Strike_G+1","Strike_G","Strike_G","Strike_G","Strike_G","Defend_G","Defend_G","Defend_G","Defend_G","Defend_G","Survivor","Neutralize+1","Acrobatics","Well Laid Plans+1","Escape Plan","Blade Dance","Adrenaline+1","Escape Plan","Underhanded Strike","Tactician"],"relics":["Ring of the Snake","NeowsBlessing","Bag of Marbles","Peace Pipe","Whetstone","HornCleat","Bottled Lightning"],"acts_visited":["Exordium"],"potions_floor_usage":[16],"damage_taken":[{"damage":0,"enemies":"Jaw Worm","floor":1,"turns":1},{"damage":0,"enemies":"Small Slimes","floor":5,"turns":1},{"damage":0,"enemies":"Lagavulin","floor":6,"turns":1},{"damage":0,"enemies":"2 Louse","floor":11,"turns":2},{"damage":33,"enemies":"Gremlin Nob","floor":12,"turns":4},{"damage":36,"enemies":"Slime Boss","floor":16,"turns":7}],"seed_played":"8970123175237852794","potions_obtained":[{"floor":6,"key":"EssenceOfSteel"},{"floor":11,"key":"BlessingOfTheForge"}],"is_trial":false,"path_per_floor":["M","?","$","?","M","E","R","T","T","R","M","E","$","?","R","B"],"character_chosen":"THE_SILENT","items_purchased":["Well Laid Plans","Escape Plan","Tactician"],"campfire_rested":1,"item_purchase_floors":[3,3,13],"current_hp_per_floor":[59,59,59,54,54,54,54,54,54,54,54,21,21,10,29,0,0],"gold":142,"neow_bonus":"THREE_ENEMY_KILL","is_daily":false,"chose_seed":false,"campfire_upgraded":2,"win_rate":0.0,"timestamp":1608446615,"path_taken":["M","?","$","?","M","E","R","?","T","R","M","E","?","?","R","BOSS"],"items_purchased_type":["Card","Card","Card"],"build_version":"2020-12-13","purchased_purges":1,"victory":false,"max_hp_per_floor":[66,66,66,66,66,66,66,66,66,66,66,66,66,66,66,66,66],"card_choices":[{"not_picked":["Underhanded Strike","Expertise"],"picked":"Acrobatics","floor":1},{"not_picked":["Skewer","Deflect"],"picked":"Blade Dance","floor":5},{"not_picked":["Riddle With Holes","Poisoned Stab"],"picked":"Adrenaline","floor":6},{"not_picked":["Dagger Spray","All Out Attack"],"picked":"Escape Plan","floor":11},{"not_picked":["Acrobatics","Dagger Spray"],"picked":"Underhanded Strike","floor":12}],"player_experience":1090433,"relics_obtained":[{"floor":6,"key":"Peace Pipe"},{"floor":8,"key":"Whetstone"},{"floor":9,"key":"HornCleat"},{"floor":12,"key":"Bottled Lightning"}],"event_choices":[{"damage_healed":0,"gold_gain":150,"player_choice":"AGREE","damage_taken":0,"max_hp_gain":0,"max_hp_loss":0,"event_name":"Liars Game","floor":2,"gold_loss":0,"cards_obtained":["Doubt"]},{"damage_healed":0,"gold_gain":0,"player_choice":"Success","damage_taken":5,"relics_obtained":["Bag of Marbles"],"max_hp_gain":0,"max_hp_loss":0,"event_name":"Scrap Ooze","floor":4,"gold_loss":0},{"damage_healed":0,"gold_gain":75,"player_choice":"Gather Gold","damage_taken":11,"max_hp_gain":0,"max_hp_loss":0,"event_name":"World of Goop","floor":14,"gold_loss":0}],"is_beta":false,"boss_relics":[],"items_purged_floors":[3],"is_endless":false,"potions_floor_spawned":[6,11],"killed_by":"Slime Boss","ascension_level":18}}