{"host":"qm4rv4rkpk76sbxu","time":1608502779,"event":{"mods":["BaseMod","Bestiary","Block Reminder","DeckTracker","Filter the Spire","Keyboard Shortcuts","Minty Spire (QoL Compilation)","MonsterHotkey","Potion Indicator Mod","Quick Restart","Random Character Button","Relic Stats","Slay-I","StSLib","ojb\u0027s Better Paths Mod"],"gold_per_floor":[113,113,38,58,58,90,90,116,116,175,189,189,189],"floor_reached":12,"playtime":467,"items_purged":["Strike_B"],"score":172,"play_id":"66092297-8421-4cde-b441-971a27f5ceac","local_time":"20201220231939","is_ascension_mode":true,"campfire_choices":[{"data":"Beam Cell","floor":7.0,"key":"SMITH"}],"circlet_count":0,"master_deck":["AscendersBane","Strike_B","Strike_B","Defend_B","Defend_B+1","Defend_B","Defend_B+1","Zap","Dualcast","Ball Lightning","Beam Cell+1","Self Repair","Melter","FTL"],"relics":["Cracked Core","Sundial","Ornamental Fan","Darkstone Periapt","War Paint"],"acts_visited":["Exordium"],"potions_floor_usage":[12],"damage_taken":[{"damage":1.0,"enemies":"Small Slimes","floor":1.0,"turns":3.0},{"damage":4.0,"enemies":"Jaw Worm","floor":4.0,"turns":4.0},{"damage":25.0,"enemies":"3 Sentries","floor":6.0,"turns":6.0},{"damage":20.0,"enemies":"Lagavulin","floor":8.0,"turns":6.0},{"damage":4.0,"enemies":"Gremlin Nob","floor":10.0,"turns":3.0},{"damage":4.0,"enemies":"2 Louse","floor":11.0,"turns":2.0},{"damage":23,"enemies":"3 Sentries","floor":12,"turns":4}],"seed_played":"4375099857009015371","potions_obtained":[{"floor":0.0,"key":"EntropicBrew"},{"floor":0.0,"key":"Fire Potion"},{"floor":6.0,"key":"ColorlessPotion"}],"is_trial":false,"path_per_floor":["M","?","$","M","?","E","R","E","T","?","M","E"],"character_chosen":"DEFECT","items_purchased":[],"campfire_rested":0,"item_purchase_floors":[],"current_hp_per_floor":[63,63,63,59,52,27,27,14,14,17,20,0,0],"gold":189,"neow_bonus":"THREE_SMALL_POTIONS","is_daily":false,"chose_seed":false,"campfire_upgraded":1,"win_rate":0.0,"timestamp":1608502779,"path_taken":["M","?","$","M","?","E","R","E","T","?","M","E"],"items_purchased_type":[],"build_version":"2020-12-13","purchased_purges":1,"victory":false,"max_hp_per_floor":[71,71,71,71,71,71,71,71,71,71,71,71,71],"relic_stats":{"Darkstone Periapt":0,"counters":[7,28],"Sundial":[2],"Ornamental Fan":[16],"War Paint":["Defend_B","Defend_B"],"obtain_stats":[{"Darkstone Periapt":9,"Sundial":6,"Ornamental Fan":8,"War Paint":10,"Cracked Core":0},{"Darkstone Periapt":4,"Sundial":3,"Ornamental Fan":4,"War Paint":5,"Cracked Core":0},{"Darkstone Periapt":19,"Sundial":13,"Ornamental Fan":19,"War Paint":22,"Cracked Core":0}]},"card_choices":[{"not_picked":["Rebound","Gash"],"picked":"Ball Lightning","floor":1.0},{"not_picked":["Sweeping Beam","Go for the Eyes"],"picked":"Beam Cell","floor":4.0},{"not_picked":["Cold Snap","Redo"],"picked":"Self Repair","floor":6.0},{"not_picked":["Loop","Hologram"],"picked":"Melter","floor":8.0},{"not_picked":["Skim","Capacitor"],"picked":"FTL","floor":10.0},{"not_picked":["Hello World","Rebound","Barrage"],"picked":"SKIP","floor":11.0}],"player_experience":1082457,"relics_obtained":[{"floor":6.0,"key":"Sundial"},{"floor":8.0,"key":"Ornamental Fan"},{"floor":9.0,"key":"Darkstone Periapt"},{"floor":10.0,"key":"War Paint"}],"event_choices":[{"damage_healed":0.0,"max_hp_gain":0.0,"max_hp_loss":0.0,"gold_gain":0.0,"event_name":"The Cleric","player_choice":"Leave","floor":2.0,"gold_loss":0.0,"damage_taken":0.0},{"cards_removed":["Strike_B"],"damage_healed":0.0,"max_hp_gain":0.0,"max_hp_loss":0.0,"gold_gain":0.0,"event_name":"Golden Wing","player_choice":"Card Removal","floor":5.0,"gold_loss":0.0,"damage_taken":7.0},{"damage_healed":0.0,"max_hp_gain":0.0,"max_hp_loss":0.0,"gold_gain":0.0,"event_name":"Dead Adventurer","player_choice":"Searched \u00271\u0027 times","floor":10.0,"gold_loss":0.0,"damage_taken":0.0}],"is_beta":false,"boss_relics":[],"items_purged_floors":[3],"is_endless":false,"potions_floor_spawned":[4,6],"killed_by":"3 Sentries","ascension_level":20}}