{"host":"ywif2ugnepgiw45s","time":1608485269,"event":{"mods":["Act Like it!","BaseMod","Better Skull","Downfall","Elementarium","GifTheSpireLib","Hermit","Lobotomy","Marisa????????","Minty Spire (QoL Compilation)","READ ME - Guardian Mod","Shade Mod","Shop Mod","StSLib","The Cursed","The Jungle","The Runesmith"],"gold_per_floor":[116,116,129,304,321,353,52,52,52,63,63,63,89,104,104,201,251,271,77,77,77,96,126,126,126,126],"floor_reached":25,"playtime":1320,"items_purged":["Doubt","hermit:Strike_Hermit"],"score":240,"play_id":"205356db-ff9c-40dd-ac3c-ae55ea8b9445","local_time":"20201220122749","is_ascension_mode":true,"campfire_choices":[{"data":"hermit:TakeAim","floor":8,"key":"SMITH"},{"floor":12,"key":"REST"},{"data":"hermit:Maintenance","floor":15,"key":"SMITH"},{"data":"hermit:Dive","floor":24,"key":"SMITH"}],"circlet_count":0,"master_deck":["hermit:Strike_Hermit","hermit:Strike_Hermit","hermit:Defend_Hermit","hermit:Defend_Hermit","hermit:Defend_Hermit","hermit:Defend_Hermit","hermit:Snapshot+1","hermit:Covet","hermit:Maintenance+1","hermit:Dive+1","hermit:TakeAim+1","hermit:Adapt+1","hermit:Determination+1","hermit:Misfire","hermit:RoundhouseKick","hermit:FromBeyond","hermit:ShadowCloak+1","Flash of Steel","hermit:DeadOrAlive"],"relics":["hermit:Momento","Happy Flower","Frozen Egg 2","Blood Vial","Omamori","Shuriken","Tiny House","theJungle:WildStrawberry","Orichalcum"],"acts_visited":["Exordium","Exordium"],"potions_floor_usage":[16,16,18,22,23,23],"damage_taken":[{"damage":1,"enemies":"Cultist","floor":1,"turns":3},{"damage":0,"enemies":"2 Louse","floor":3,"turns":3},{"damage":3,"enemies":"Small Slimes","floor":5,"turns":6},{"damage":18,"enemies":"Lagavulin","floor":6,"turns":10},{"damage":11,"enemies":"Gremlin Gang","floor":10,"turns":8},{"damage":36,"enemies":"3 Sentries","floor":13,"turns":16},{"damage":2,"enemies":"3 Louse","floor":14,"turns":2},{"damage":15,"enemies":"Slime Boss","floor":16,"turns":13},{"damage":7,"enemies":"Shell Parasite","floor":18,"turns":9},{"damage":19,"enemies":"theJungle:GiantWrat","floor":22,"turns":7},{"damage":11,"enemies":"theJungle:2_Phrogs","floor":23,"turns":10},{"damage":48,"enemies":"theJungle:Cassacara","floor":25,"turns":11}],"seed_played":"1574770933623335965","potions_obtained":[{"floor":1,"key":"Weak Potion"},{"floor":3,"key":"Strength Potion"},{"floor":13,"key":"Regen Potion"},{"floor":16,"key":"ColorlessPotion"},{"floor":17,"key":"SpeedPotion"},{"floor":21,"key":"Energy Potion"},{"floor":21,"key":"Fire Potion"},{"floor":22,"key":"DuplicationPotion"}],"is_trial":false,"path_per_floor":["M","?","M","?","M","E","$","R","T","M","?","R","E","M","R","B",null,"M","$","?","?","M","E","R","E"],"character_chosen":"HERMIT","items_purchased":["hermit:Determination+1","Blood Vial","Flash of Steel"],"campfire_rested":1,"item_purchase_floors":[7,7,19],"current_hp_per_floor":[74,74,74,74,71,53,53,53,53,44,37,59,25,25,25,27,80,73,73,66,66,49,40,40,0,0],"gold":126,"neow_bonus":"RANDOM_COMMON_RELIC","is_daily":false,"chose_seed":false,"campfire_upgraded":3,"win_rate":0.0,"timestamp":1608485269,"path_taken":["M","?","?","?","M","E","$","R","T","M","?","R","E","M","R","BOSS","M","$","?","?","?","E","R","E"],"items_purchased_type":["Card","Relic","Card"],"build_version":"2020-12-13","purchased_purges":2,"victory":false,"max_hp_per_floor":[75,75,75,75,75,75,75,75,75,75,75,75,75,75,75,75,80,80,80,87,87,87,87,87,87,87],"card_choices":[{"not_picked":["hermit:Feint","hermit:BigShot"],"picked":"hermit:Maintenance","floor":1},{"not_picked":["hermit:Snipe","hermit:Cheat"],"picked":"hermit:Dive","floor":3},{"not_picked":["hermit:SprayPray","hermit:Ricochet"],"picked":"hermit:TakeAim","floor":5},{"not_picked":["hermit:Spite","hermit:HighCaliber"],"picked":"hermit:Adapt+1","floor":6},{"not_picked":["hermit:Roulette","hermit:Dive"],"picked":"hermit:Misfire","floor":10},{"not_picked":["hermit:Combo+1","hermit:Coalescence"],"picked":"hermit:RoundhouseKick","floor":13},{"not_picked":["hermit:CursedWeapon","hermit:Dive","hermit:TrackingShot"],"picked":"SKIP","floor":14},{"not_picked":["hermit:Adapt+1","hermit:Reprieve"],"picked":"hermit:FromBeyond","floor":16},{"not_picked":["hermit:Desperado","hermit:CursedWeapon"],"picked":"hermit:ShadowCloak+1","floor":18},{"not_picked":["hermit:BigShot+1","hermit:Gestalt","hermit:Virtue+1"],"picked":"SKIP","floor":22},{"not_picked":["hermit:Malice","hermit:BlackWind"],"picked":"hermit:DeadOrAlive","floor":23}],"player_experience":1610154,"relics_obtained":[{"floor":6,"key":"Frozen Egg 2"},{"floor":13,"key":"Shuriken"},{"floor":23,"key":"Orichalcum"}],"event_choices":[{"cards_removed":["hermit:Strike_Hermit"],"damage_healed":0,"gold_gain":0,"player_choice":"Purged","damage_taken":0,"max_hp_gain":0,"max_hp_loss":0,"event_name":"Purifier","floor":2,"gold_loss":0},{"damage_healed":0,"gold_gain":175,"player_choice":"AGREE","damage_taken":0,"max_hp_gain":0,"max_hp_loss":0,"event_name":"Liars Game","floor":4,"gold_loss":0,"cards_obtained":["Doubt"]},{"damage_healed":0,"gold_gain":0,"player_choice":"Success","damage_taken":7,"relics_obtained":["Omamori"],"max_hp_gain":0,"max_hp_loss":0,"event_name":"Scrap Ooze","floor":11,"gold_loss":0},{"damage_healed":0,"gold_gain":0,"player_choice":"Got Potions","damage_taken":0,"max_hp_gain":0,"max_hp_loss":0,"event_name":"Lab","floor":21,"gold_loss":0}],"is_beta":false,"boss_relics":[{"not_picked":["Fusion Hammer","Pandora\u0027s Box"],"picked":"Tiny House"}],"items_purged_floors":[7,19],"is_endless":false,"potions_floor_spawned":[1,3,13,16,22],"killed_by":"theJungle:Cassacara","ascension_level":1}}