{"host":"9ndbo4kgsfoemf7y","time":1608449062,"event":{"mods":["AchievementEnabler","BaseMod","Colored Map","DeckTracker","Keyboard Shortcuts","Minty Spire (QoL Compilation)","Permanent Neow","Quick Restart","Relic Stats","StSLib","SuperFastMode"],"gold_per_floor":[109,126,51,51,65,65,94,94,94,94,94],"floor_reached":10,"playtime":246,"items_purged":["Strike_G"],"score":125,"play_id":"03d4c332-f7e6-4981-864a-94f82382508a","local_time":"20201220162422","is_ascension_mode":true,"campfire_choices":[{"data":"Corpse Explosion","floor":6.0,"key":"SMITH"},{"floor":8.0,"key":"REST"}],"circlet_count":0,"master_deck":["AscendersBane","Strike_G","Strike_G","Strike_G","Defend_G","Defend_G","Defend_G","Defend_G","Survivor","Neutralize","Corpse Explosion+1","Night Terror","Footwork","Deadly Poison","Corpse Explosion","Acrobatics","Dagger Spray"],"relics":["Ring of the Snake","Meat on the Bone","Anchor"],"acts_visited":["Exordium"],"potions_floor_usage":[10],"damage_taken":[{"damage":7.0,"enemies":"Small Slimes","floor":1.0,"turns":5.0},{"damage":5.0,"enemies":"Cultist","floor":2.0,"turns":5.0},{"damage":13.0,"enemies":"Jaw Worm","floor":5.0,"turns":4.0},{"damage":21.0,"enemies":"Lagavulin","floor":7.0,"turns":6.0},{"damage":44,"enemies":"Gremlin Nob","floor":10,"turns":3}],"seed_played":"-5757249557076372614","potions_obtained":[{"floor":1.0,"key":"LiquidMemories"}],"is_trial":false,"path_per_floor":["M","M","$","?","M","R","E","R","T","E"],"character_chosen":"THE_SILENT","items_purchased":[],"campfire_rested":1,"item_purchase_floors":[],"current_hp_per_floor":[52,47,47,47,34,34,13,31,31,0,0],"gold":94,"neow_bonus":"TRANSFORM_TWO_CARDS","is_daily":false,"chose_seed":false,"campfire_upgraded":1,"win_rate":0.0,"timestamp":1608449062,"path_taken":["M","M","$","?","M","R","E","R","T","E"],"items_purchased_type":[],"build_version":"2020-12-13","purchased_purges":1,"victory":false,"max_hp_per_floor":[60,60,60,60,60,60,60,60,60,60,60],"relic_stats":{"counters":[5,23],"obtain_stats":[{"Anchor":9,"Ring of the Snake":0,"Meat on the Bone":7},{"Anchor":4,"Ring of the Snake":0,"Meat on the Bone":4},{"Anchor":20,"Ring of the Snake":0,"Meat on the Bone":20}],"Ring of the Snake":[10],"Meat on the Bone":0},"card_choices":[{"not_picked":["Prepared","Outmaneuver"],"picked":"Footwork","floor":1.0},{"not_picked":["Caltrops","Dodge and Roll"],"picked":"Deadly Poison","floor":2.0},{"not_picked":["Blade Dance","Masterful Stab"],"picked":"Acrobatics","floor":5.0},{"not_picked":["Corpse Explosion","Predator"],"picked":"Dagger Spray","floor":7.0}],"player_experience":717692,"relics_obtained":[{"floor":7.0,"key":"Meat on the Bone"},{"floor":9.0,"key":"Anchor"}],"event_choices":[{"damage_healed":0.0,"max_hp_gain":0.0,"max_hp_loss":0.0,"gold_gain":0.0,"event_name":"Match and Keep!","player_choice":"1 cards matched","floor":4.0,"gold_loss":0.0,"damage_taken":0.0,"cards_obtained":["Corpse Explosion"]}],"is_beta":false,"boss_relics":[],"items_purged_floors":[3],"is_endless":false,"potions_floor_spawned":[1],"killed_by":"Gremlin Nob","ascension_level":18}}