{"host":"zerj8jnfx7q70f00","time":1608463403,"event":{"mods":["2.2 Compatiblity","AchievementEnabler","BaseMod","Minty Spire (QoL Compilation)","Permanent Neow","Quick Restart","SuperFastMode"],"gold_per_floor":[115,130,145,164,164,164,174,204,204,204,204,44,75,75,75,171,171,181,193,208,227,227,227,68,68,68,87,87,105,137,153,153,255,255,272,272,290,305,58,86,86,101,149,149,166,166,179,129,129,129,129],"floor_reached":50,"playtime":2148,"items_purged":["Strike_B","Defend_B","Defend_B"],"score":531,"play_id":"9105be3c-1f63-4dd2-ad4c-80af79369d62","local_time":"20201220202323","is_ascension_mode":true,"campfire_choices":[{"data":"Zap","floor":6.0,"key":"SMITH"},{"data":"Dualcast","floor":11.0,"key":"SMITH"},{"data":"Electrodynamics","floor":15.0,"key":"SMITH"},{"data":"Reboot","floor":23.0,"key":"SMITH"},{"data":"Seek","floor":25.0,"key":"SMITH"},{"data":"Chill","floor":28.0,"key":"SMITH"},{"floor":32.0,"key":"REST"},{"floor":41.0,"key":"REST"},{"data":"Seek","floor":44.0,"key":"SMITH"},{"data":"Reboot","floor":46.0,"key":"SMITH"},{"data":"Loop","floor":49.0,"key":"SMITH"}],"circlet_count":0,"master_deck":["Defend_B+1","Defend_B","Zap+1","Dualcast+1","Compile Driver","Leap","Cold Snap","Chill+1","Conserve Battery+1","Electrodynamics+1","Coolheaded","Loop+1","Self Repair","Reboot+1","Ball Lightning","Tempest+1","Blizzard+1","Seek+1","Reboot+1","Loop+1","Barrage+1","Seek+1","Redo+1","Defragment+1","Thunder Strike","Biased Cognition+1"],"relics":["Sozu","Omamori","Ornamental Fan","Kunai","Inserter","Pantograph","Frozen Egg 2","War Paint","Empty Cage","HornCleat","Smiling Mask"],"acts_visited":["Exordium","TheCity","TheBeyond"],"potions_floor_usage":[],"damage_taken":[{"damage":0.0,"enemies":"Small Slimes","floor":1.0,"turns":3.0},{"damage":0.0,"enemies":"Cultist","floor":2.0,"turns":3.0},{"damage":5.0,"enemies":"2 Louse","floor":3.0,"turns":3.0},{"damage":0.0,"enemies":"Lots of Slimes","floor":4.0,"turns":5.0},{"damage":0.0,"enemies":"2 Fungi Beasts","floor":7.0,"turns":4.0},{"damage":17.0,"enemies":"Gremlin Nob","floor":8.0,"turns":5.0},{"damage":6.0,"enemies":"Lagavulin","floor":13.0,"turns":8.0},{"damage":68.0,"enemies":"Hexaghost","floor":16.0,"turns":16.0},{"damage":0.0,"enemies":"Chosen","floor":18.0,"turns":5.0},{"damage":3.0,"enemies":"3 Byrds","floor":19.0,"turns":4.0},{"damage":19.0,"enemies":"Cultist and Chosen","floor":20.0,"turns":6.0},{"damage":12.0,"enemies":"Centurion and Healer","floor":21.0,"turns":4.0},{"damage":15.0,"enemies":"Shelled Parasite and Fungi","floor":27.0,"turns":5.0},{"damage":6.0,"enemies":"Snake Plant","floor":29.0,"turns":4.0},{"damage":33.0,"enemies":"Book of Stabbing","floor":30.0,"turns":7.0},{"damage":0.0,"enemies":"3 Cultists","floor":31.0,"turns":3.0},{"damage":49.0,"enemies":"Automaton","floor":33.0,"turns":9.0},{"damage":21.0,"enemies":"Orb Walker","floor":35.0,"turns":3.0},{"damage":4.0,"enemies":"3 Darklings","floor":37.0,"turns":4.0},{"damage":28.0,"enemies":"Writhing Mass","floor":38.0,"turns":7.0},{"damage":25.0,"enemies":"Reptomancer","floor":40.0,"turns":5.0},{"damage":0.0,"enemies":"4 Shapes","floor":42.0,"turns":4.0},{"damage":5.0,"enemies":"Spire Growth","floor":45.0,"turns":4.0},{"damage":0.0,"enemies":"3 Darklings","floor":47.0,"turns":2.0},{"damage":77,"enemies":"Time Eater","floor":50,"turns":7}],"seed_played":"-8652785829041677325","potions_obtained":[],"is_trial":false,"path_per_floor":["M","M","M","M","?","R","M","E","T","?","R","$","E","?","R","B",null,"M","M","M","M","?","R","$","R","T","M","R","M","E","M","R","B",null,"M","?","M","M","$","E","R","M","T","R","M","R","M","$","R","B"],"character_chosen":"DEFECT","items_purchased":["Coolheaded","Loop","Seek","Thunder Strike"],"campfire_rested":2,"item_purchase_floors":[12,12,24,39],"current_hp_per_floor":[75,75,70,70,70,70,70,53,53,75,75,75,69,69,69,8,75,75,75,63,58,58,58,58,58,58,50,50,51,25,25,47,30,75,61,61,64,43,43,25,47,54,54,54,56,56,63,63,63,0,0],"gold":129,"neow_bonus":"BOSS_RELIC","is_daily":false,"chose_seed":false,"campfire_upgraded":9,"win_rate":0.0,"timestamp":1608463403,"path_taken":["M","M","M","M","?","R","?","E","T","?","R","$","E","?","R","BOSS","M","M","?","M","?","R","?","R","T","M","R","M","E","M","R","BOSS","M","?","M","M","?","E","R","M","T","R","M","R","M","$","R","BOSS"],"items_purchased_type":["Card","Card","Card","Card"],"build_version":"2020-12-13","purchased_purges":3,"victory":false,"max_hp_per_floor":[75,75,75,75,75,75,75,75,75,75,75,75,75,75,75,75,75,75,75,75,75,75,75,75,75,75,75,75,75,75,75,75,75,75,75,75,75,75,75,75,75,75,75,75,75,75,75,75,75,75,75],"card_choices":[{"not_picked":["Hologram","Chill"],"picked":"Compile Driver","floor":1.0},{"not_picked":["Rip and Tear","Hello World"],"picked":"Leap","floor":2.0},{"not_picked":["Double Energy","Redo"],"picked":"Cold Snap","floor":3.0},{"not_picked":["Steam Power","Hologram"],"picked":"Chill","floor":4.0},{"not_picked":["Beam Cell","Leap"],"picked":"Conserve Battery","floor":7.0},{"not_picked":["Doom and Gloom","Leap"],"picked":"Electrodynamics","floor":8.0},{"not_picked":["Coolheaded","Aggregate"],"picked":"Self Repair","floor":13.0},{"not_picked":["Rainbow","Amplify"],"picked":"Reboot","floor":16.0},{"not_picked":["Gash+1","Hologram"],"picked":"Ball Lightning","floor":18.0},{"not_picked":["Leap","Cold Snap","Reinforced Body"],"picked":"SKIP","floor":19.0},{"not_picked":["Redo","Hologram"],"picked":"Tempest+1","floor":20.0},{"not_picked":["Streamline","Rip and Tear"],"picked":"Blizzard+1","floor":21.0},{"not_picked":["Lockon","Self Repair+1"],"picked":"Reboot","floor":27.0},{"not_picked":["Storm+1","Redo"],"picked":"Loop+1","floor":29.0},{"not_picked":["Self Repair+1","Coolheaded"],"picked":"Barrage+1","floor":30.0},{"not_picked":["Conserve Battery+1","Steam","Streamline+1"],"picked":"SKIP","floor":31.0},{"not_picked":["Creative AI+1","All For One"],"picked":"Seek","floor":33.0},{"not_picked":["Darkness","Genetic Algorithm+1","Capacitor+1"],"picked":"SKIP","floor":35.0},{"not_picked":["BootSequence","Beam Cell"],"picked":"Redo+1","floor":37.0},{"not_picked":["FTL+1","Loop+1"],"picked":"Defragment+1","floor":38.0},{"not_picked":["Force Field+1","Sweeping Beam+1","Ball Lightning"],"picked":"SKIP","floor":40.0},{"not_picked":["Gash","Ball Lightning+1","Leap"],"picked":"SKIP","floor":42.0},{"not_picked":["Rebound+1","Stack"],"picked":"Biased Cognition+1","floor":45.0},{"not_picked":["Genetic Algorithm+1","Compile Driver+1","Rebound+1"],"picked":"SKIP","floor":47.0}],"player_experience":11858,"relics_obtained":[{"floor":8.0,"key":"Omamori"},{"floor":9.0,"key":"Ornamental Fan"},{"floor":13.0,"key":"Kunai"},{"floor":26.0,"key":"Frozen Egg 2"},{"floor":30.0,"key":"War Paint"},{"floor":40.0,"key":"HornCleat"},{"floor":43.0,"key":"Smiling Mask"}],"event_choices":[{"cards_removed":["Strike_B"],"damage_healed":0.0,"max_hp_gain":0.0,"max_hp_loss":0.0,"gold_gain":0.0,"event_name":"Bonfire Elementals","player_choice":"Offered Basic","floor":5.0,"gold_loss":0.0,"damage_taken":0.0},{"damage_healed":25.0,"max_hp_gain":0.0,"max_hp_loss":0.0,"gold_gain":0.0,"event_name":"Big Fish","player_choice":"Banana","floor":10.0,"gold_loss":0.0,"damage_taken":0.0},{"damage_healed":0.0,"max_hp_gain":0.0,"max_hp_loss":0.0,"gold_gain":0.0,"event_name":"Wheel of Change","player_choice":"Cursed","floor":14.0,"gold_loss":0.0,"damage_taken":0.0,"cards_obtained":["Decay"]},{"damage_healed":0.0,"max_hp_gain":0.0,"max_hp_loss":0.0,"gold_gain":0.0,"event_name":"The Mausoleum","player_choice":"Opened","floor":22.0,"gold_loss":0.0,"damage_taken":0.0,"relics_obtained":["Pantograph"]},{"damage_healed":0.0,"max_hp_gain":0.0,"max_hp_loss":0.0,"gold_gain":0.0,"event_name":"Lab","player_choice":"Got Potions","floor":36.0,"gold_loss":0.0,"damage_taken":0.0}],"is_beta":false,"boss_relics":[{"not_picked":["Busted Crown","Tiny House"],"picked":"Inserter"},{"not_picked":["SacredBark","Black Star"],"picked":"Empty Cage"}],"items_purged_floors":[12,39,48],"is_endless":false,"potions_floor_spawned":[2,3,8,13,16,18,21,27,29,37,45],"killed_by":"Time Eater","ascension_level":1}}