{"host":"tnhjz9cb8p0320p2","time":1608446604,"event":{"mods":["BaseMod","Better Third Choice","Downfall","Hermit","Marisa????????","Minty Spire (QoL Compilation)","Relic Stats","Replay The Spire","Shade Mod","StSLib","The Construct","The Cursed","The Jungle","The Runesmith"],"gold_per_floor":[99,133,233,259,259,259,259,259,272,307,17,35,20,34,49,49,49],"floor_reached":16,"playtime":720,"items_purged":["champ:Strike"],"score":176,"play_id":"f10b29da-bb74-4155-969b-1114b42e04d2","local_time":"20201220004324","is_ascension_mode":true,"campfire_choices":[{"data":"champ:Execute","floor":1,"key":"SMITH"},{"data":"champ:ShieldWall","floor":6,"key":"SMITH"}],"circlet_count":0,"master_deck":["champ:Strike","champ:Strike","champ:Strike","champ:Defend","champ:Defend","champ:Defend","champ:Defend","champ:Execute+1","champ:Taunt","champ:ShieldWall+1","champ:DefensiveStyle","Combust","champ:SwordSigil","champ:HoldFirm","champ:CalledShot","champ:ShieldWall","champ:HoldFirm","champ:Balance","champ:Balance","champ:StrikeOfGenius","champ:DeathBlow","champ:Haymaker","champ:IronFortress"],"relics":["champ:ChampionCrown","downfall:HeartsMalice","Simple Rune","Garlic","BranchBurnRelic","Replay:Wax Seal","Boot","DollysMirror"],"acts_visited":["Exordium"],"potions_floor_usage":[],"damage_taken":[{"damage":0,"enemies":"Gremlin Nob","floor":2,"turns":1},{"damage":0,"enemies":"Replay:BlueRogue","floor":4,"turns":1},{"damage":0,"enemies":"Small Slimes","floor":8,"turns":1},{"damage":14,"enemies":"Jaw Worm","floor":9,"turns":3},{"damage":22,"enemies":"3 Sentries","floor":10,"turns":6},{"damage":10,"enemies":"downfall:FleeingMerchant","floor":11,"turns":4},{"damage":9,"enemies":"Cultist","floor":12,"turns":3},{"damage":5,"enemies":"downfall:FleeingMerchant","floor":13,"turns":4},{"damage":20,"enemies":"Lots of Slimes","floor":14,"turns":2},{"damage":6,"enemies":"Gremlin Gang","floor":15,"turns":4},{"damage":90,"enemies":"downfall:Defect","floor":16,"turns":6}],"seed_played":"-7494287258117972078","potions_obtained":[{"floor":9,"key":"champ:TechniquePotion"},{"floor":12,"key":"LiquidMemories"},{"floor":14,"key":"Energy Potion"}],"is_trial":false,"path_per_floor":["R","E","?","E","?","R","T","M","M","E","$","M","$","M","M","B"],"character_chosen":"THE_CHAMP","items_purchased":["DollysMirror","champ:Balance"],"campfire_rested":0,"item_purchase_floors":[11,11],"current_hp_per_floor":[90,90,90,90,81,81,81,81,80,63,63,59,59,59,58,0,0],"gold":49,"neow_bonus":"THREE_ENEMY_KILL","is_daily":false,"chose_seed":false,"campfire_upgraded":2,"win_rate":0.0,"timestamp":1608446604,"path_taken":["R","E","?","E","?","R","T","M","?","E","?","?","$","?","M","BOSS"],"items_purchased_type":["Relic","Card"],"build_version":"2020-12-13","purchased_purges":1,"victory":false,"max_hp_per_floor":[90,90,90,90,90,90,90,90,90,90,90,90,90,90,90,90,90],"relic_stats":{"counters":[11,32],"Boot":[32],"obtain_stats":[{"BranchBurnRelic":6,"DollysMirror":11,"Dead Branch":2,"champ:ChampionCrown":0,"downfall:HeartsMalice":0,"Simple Rune":4,"Garlic":5,"Replay:Wax Seal":7,"Boot":10},{"BranchBurnRelic":2,"DollysMirror":6,"Dead Branch":1,"champ:ChampionCrown":0,"downfall:HeartsMalice":0,"Simple Rune":2,"Garlic":2,"Replay:Wax Seal":2,"Boot":5},{"BranchBurnRelic":0,"DollysMirror":13,"Dead Branch":0,"champ:ChampionCrown":0,"downfall:HeartsMalice":0,"Simple Rune":0,"Garlic":0,"Replay:Wax Seal":0,"Boot":9}]},"card_choices":[{"not_picked":["champ:Backstep","champ:BringItOn"],"picked":"champ:ShieldWall","floor":2},{"not_picked":["champ:AdrenalArmor","champ:SkillfulDodge"],"picked":"champ:DefensiveStyle","floor":4},{"not_picked":["champ:HeartStrike","champ:Encircle"],"picked":"champ:SwordSigil","floor":8},{"not_picked":["champ:ShieldWall","champ:Control"],"picked":"champ:HoldFirm","floor":9},{"not_picked":["champ:Control","champ:TornadoPunch"],"picked":"champ:CalledShot","floor":10},{"not_picked":["champ:BladeFlurry","champ:FlashCut"],"picked":"champ:ShieldWall","floor":11},{"not_picked":["champ:Circumvent","champ:ViciousMockery"],"picked":"champ:StrikeOfGenius","floor":12},{"not_picked":["champ:Riposte","champ:Encircle"],"picked":"champ:DeathBlow","floor":13},{"not_picked":["champ:CrookedStrike","champ:Aggression"],"picked":"champ:Haymaker","floor":14},{"not_picked":["champ:StanceDance","champ:DefensiveStyle"],"picked":"champ:IronFortress","floor":15}],"player_experience":2060367,"relics_obtained":[{"floor":2,"key":"Dead Branch"},{"floor":4,"key":"Simple Rune"},{"floor":7,"key":"Replay:Wax Seal"},{"floor":10,"key":"Boot"}],"event_choices":[],"is_beta":false,"boss_relics":[],"items_purged_floors":[11],"is_endless":false,"potions_floor_spawned":[9,12,14,15],"killed_by":"downfall:Defect","ascension_level":1}}