{"host":"k8rvlbgef0osgts5","time":1608433044,"event":{"mods":["BaseMod","Bestiary","Better Altar","Better Sensory Stone","Better Third Choice","Displayed Cursed Tome","Dota2Spire","Hubris","Infinite Spire","Minty Spire (QoL Compilation)","Replay The Spire","StSLib","The Alterego","The Bug Knight","The Construct","The Hierophant","Uncapped"],"gold_per_floor":[110,35,35,35,45,70,70,81,81,96,96,196,216,255,255,367,367,389,391,391,420,446,446,577,577,577,577,606,639,639,669,669,775,775,813,813,813,829,276,276,300,300,326,326,326,350,312,374,374,378,378,378,18,59,121],"floor_reached":56,"playtime":3017,"items_purged":["Regret","alterego_mod:Strike"],"score":1288,"play_id":"f4e06c0c-fa1e-449f-887c-fa232d54d0e3","local_time":"20201219195724","is_ascension_mode":false,"campfire_choices":[{"floor":7,"key":"REST"},{"data":"alterego_mod:TrickOrTreatment","floor":23,"key":"SMITH"},{"data":"infinitespire:NeuralNetwork","floor":25,"key":"SMITH"},{"data":"alterego_mod:RocketPunch","floor":27,"key":"SMITH"},{"data":"alterego_mod:Nekomimi","floor":32,"key":"SMITH"},{"data":"alterego_mod:AlterEgo","floor":40,"key":"SMITH"},{"floor":42,"key":"REST"},{"data":"alterego_mod:Venus","floor":44,"key":"SMITH"},{"data":"alterego_mod:Vow","floor":49,"key":"SMITH"},{"data":"ReplayTheSpireMod:Brewmster","floor":52,"key":"SMITH"}],"circlet_count":0,"master_deck":["alterego_mod:Strike","alterego_mod:Strike+1","alterego_mod:Strike","alterego_mod:Defend","alterego_mod:Defend","alterego_mod:Defend","alterego_mod:Impale","alterego_mod:BigMeatyClaws","alterego_mod:BrynhildrsRune","alterego_mod:PurpleHair","alterego_mod:Birthday","alterego_mod:Birthday","alterego_mod:BiFurious","alterego_mod:Rip","alterego_mod:TrickOrTreatment+1","alterego_mod:Support+1","alterego_mod:AlterEgo+1","alterego_mod:Bounce","infinitespire:NeuralNetwork+1","alterego_mod:Cooking","alterego_mod:RocketPunch+1","alterego_mod:SakuraLabyrinth+1","alterego_mod:Vow+1","infinitespire:Menacing","alterego_mod:Nekomimi+1","alterego_mod:Cooking","alterego_mod:Rake","alterego_mod:Mirror","ReplayTheSpireMod:Brewmster+1","alterego_mod:DestructionOfProperty","alterego_mod:Venus+1","alterego_mod:AlterEgo+1","alterego_mod:Birthday+1","alterego_mod:Clones","alterego_mod:Antipathy","alterego_mod:Swimsuit+1"],"relics":["alterego_mod:MasochisticConstitution","ReplayTheSpireMod:Lightbulb","Dota2Spire:UrnOfShadows","infinitespire:Midas Blood","Ornamental Fan","hubris:Backtick","Dota2Spire:Dagon","hubris:Icosahedron","Bag of Marbles","Pantograph","construct:RocketBooster","alterego_mod:SomeoneToFightFor","infinitespire:PuzzleCube","ChewingGum","hubris:Towel","BargainBundle","Molten Egg 2","Bag of Preparation","FossilizedHelix"],"acts_visited":["Exordium","TheCity","TheBeyond","TheEnding"],"potions_floor_usage":[8,14,16,18,28,35,41,41,41,41,46,54,55],"damage_taken":[{"damage":26,"enemies":"Cultist","floor":1,"turns":7},{"damage":13,"enemies":"Jaw Worm","floor":5,"turns":6},{"damage":19,"enemies":"HollowMod:MossKnight","floor":6,"turns":6},{"damage":3,"enemies":"2 Louse","floor":8,"turns":3},{"damage":8,"enemies":"Large Slime","floor":10,"turns":8},{"damage":6,"enemies":"Red Slaver","floor":13,"turns":5},{"damage":34,"enemies":"Gremlin Nob","floor":14,"turns":5},{"damage":59,"enemies":"Slime Boss","floor":16,"turns":16},{"damage":19,"enemies":"Shell Parasite","floor":18,"turns":7},{"damage":32,"enemies":"Spheric Guardian","floor":21,"turns":7},{"damage":21,"enemies":"Centurion and Healer","floor":22,"turns":6},{"damage":7,"enemies":"HollowMod:Nosk","floor":24,"turns":6},{"damage":48,"enemies":"Shelled Parasite and Fungi","floor":28,"turns":5},{"damage":33,"enemies":"Nightmare","floor":29,"turns":6},{"damage":6,"enemies":"Replay:Snechameleon","floor":31,"turns":6},{"damage":29,"enemies":"Automaton","floor":33,"turns":8},{"damage":58,"enemies":"3 Darklings","floor":35,"turns":9},{"damage":16,"enemies":"Orb Walker","floor":38,"turns":5},{"damage":44,"enemies":"Spire Growth","floor":41,"turns":5},{"damage":56,"enemies":"Jaw Worm Horde","floor":46,"turns":7},{"damage":29,"enemies":"Transient","floor":47,"turns":5},{"damage":35,"enemies":"infinitespire:MassOfShapes","floor":50,"turns":5},{"damage":64,"enemies":"Shield and Spear","floor":54,"turns":3},{"damage":119,"enemies":"The Heart","floor":55,"turns":7}],"seed_played":"-2655934030217556195","potions_obtained":[{"floor":1,"key":"Strength Potion"},{"floor":6,"key":"Explosive Potion"},{"floor":13,"key":"Venom Potion"},{"floor":14,"key":"SteroidPotion"},{"floor":16,"key":"Adrenaline Potion"},{"floor":18,"key":"FearPotion"},{"floor":24,"key":"SkillPotion"},{"floor":28,"key":"FairyPotion"},{"floor":35,"key":"Dota2Spire:HealingSalve"},{"floor":41,"key":"Regen Potion"},{"floor":48,"key":"SkillPotion"},{"floor":54,"key":"SkillPotion"}],"is_trial":false,"path_per_floor":["M","$","$","?","M","E","R","M","T","M","?","?","M","E","R","B",null,"M","?","?","M","M","R","E","R","T","R","M","NM","?","E","R","B",null,"M","?","?","M","$","R","M","R","T","R","?","M","M","?","R","B",null,"R","$","E","B",null],"character_chosen":"The_Alterego","items_purchased":["BargainBundle","ReplayTheSpireMod:Brewmster","alterego_mod:DestructionOfProperty","SteroidPotion","alterego_mod:Clones","alterego_mod:Antipathy","Bag of Preparation"],"campfire_rested":2,"item_purchase_floors":[39,39,39,39,53,53,53],"current_hp_per_floor":[45,45,45,45,40,24,45,47,47,50,50,50,55,29,52,25,78,79,60,60,43,43,43,50,50,50,50,56,34,34,42,42,56,86,58,58,58,60,60,60,27,53,53,53,53,39,39,39,39,43,92,92,92,29,5],"gold":121,"neow_bonus":"RANDOM_EVENT","is_daily":false,"chose_seed":false,"campfire_upgraded":8,"win_rate":0.0,"timestamp":1608433044,"path_taken":["M","?","$","?","M","E","R","M","T","M","?","?","?","E","R","BOSS","M","?","?","M","M","R","E","R","T","R","M","NM","?","E","R","BOSS","M","?","?","M","$","R","M","R","T","R","?","M","?","?","R","BOSS","R","$","E","BOSS"],"items_purchased_type":["Relic","Card","Card","Potion","Card","Card","Relic"],"build_version":"2020-12-13","purchased_purges":2,"victory":true,"max_hp_per_floor":[71,71,71,71,72,73,73,74,74,75,75,75,76,77,77,78,78,79,79,79,80,81,81,82,82,82,82,83,84,84,85,85,86,86,87,87,87,88,88,88,89,89,89,89,89,90,91,91,91,92,92,92,92,93,94],"card_choices":[{"not_picked":["alterego_mod:BustOut","alterego_mod:ChallengeComplete"],"picked":"alterego_mod:PurpleHair","floor":1},{"not_picked":["alterego_mod:BoobPocket","alterego_mod:Cycle"],"picked":"alterego_mod:Birthday","floor":5},{"not_picked":["alterego_mod:HighServant","alterego_mod:Alter"],"picked":"alterego_mod:Birthday","floor":6},{"not_picked":["alterego_mod:Skirt","alterego_mod:Bounce"],"picked":"alterego_mod:BiFurious","floor":8},{"not_picked":["alterego_mod:Birthday","alterego_mod:Complex"],"picked":"alterego_mod:Rip","floor":10},{"not_picked":["alterego_mod:Undulate","alterego_mod:Punishment"],"picked":"alterego_mod:TrickOrTreatment","floor":13},{"not_picked":["alterego_mod:RidiculouslyBig","alterego_mod:Maid"],"picked":"alterego_mod:Support","floor":14},{"not_picked":["alterego_mod:InsideBaseball","alterego_mod:RingBreak"],"picked":"alterego_mod:AlterEgo","floor":16},{"not_picked":["alterego_mod:Undulate","alterego_mod:RocketPunch"],"picked":"alterego_mod:Bounce","floor":18},{"not_picked":["ReplayTheSpireMod:Echoes of Time","infinitespire:SevenWalls"],"picked":"infinitespire:NeuralNetwork","floor":19},{"not_picked":["alterego_mod:GachaTicket","alterego_mod:Bunnysuit"],"picked":"alterego_mod:Cooking","floor":21},{"not_picked":["alterego_mod:BiFurious","alterego_mod:1TonWallop"],"picked":"alterego_mod:RocketPunch","floor":22},{"not_picked":["alterego_mod:Rip","alterego_mod:Undulate"],"picked":"alterego_mod:SakuraLabyrinth","floor":24},{"not_picked":["alterego_mod:Skirt","alterego_mod:Rip"],"picked":"alterego_mod:Vow","floor":28},{"not_picked":["Replay:Fractal Strike","infinitespire:NeuralNetwork"],"picked":"infinitespire:Menacing","floor":29},{"not_picked":["alterego_mod:Mirror","alterego_mod:Birthday"],"picked":"alterego_mod:Nekomimi","floor":29},{"not_picked":["alterego_mod:TrashNCrash","alterego_mod:PerceptionDisorder"],"picked":"alterego_mod:Cooking","floor":31},{"not_picked":["alterego_mod:Alter","alterego_mod:RingBreak"],"picked":"alterego_mod:Rake","floor":33},{"not_picked":["alterego_mod:Valentines+1","alterego_mod:Clap"],"picked":"alterego_mod:Mirror","floor":35},{"not_picked":["alterego_mod:BoobPocket","alterego_mod:HighServant","alterego_mod:BusterCard+1"],"picked":"SKIP","floor":38},{"not_picked":["alterego_mod:Birthday","alterego_mod:1TonWallop+1"],"picked":"alterego_mod:Venus","floor":41},{"not_picked":["alterego_mod:Collar+1","alterego_mod:GachaTicket+1","alterego_mod:DiscoLights"],"picked":"SKIP","floor":46},{"not_picked":["alterego_mod:Santa","alterego_mod:Table+1","alterego_mod:Stockings"],"picked":"SKIP","floor":47},{"not_picked":["alterego_mod:Complex+1","alterego_mod:Jiggle+1"],"picked":"alterego_mod:Birthday+1","floor":48},{"not_picked":["alterego_mod:Punishment+1","alterego_mod:Skirt+1"],"picked":"alterego_mod:Swimsuit+1","floor":54}],"player_experience":253760,"relics_obtained":[{"floor":6,"key":"Dota2Spire:UrnOfShadows"},{"floor":9,"key":"infinitespire:Midas Blood"},{"floor":14,"key":"Ornamental Fan"},{"floor":24,"key":"Bag of Marbles"},{"floor":26,"key":"Pantograph"},{"floor":29,"key":"construct:RocketBooster"},{"floor":31,"key":"infinitespire:PuzzleCube"},{"floor":48,"key":"Molten Egg 2"},{"floor":54,"key":"FossilizedHelix"}],"event_choices":[{"damage_healed":0,"gold_gain":0,"player_choice":"Box","damage_taken":0,"relics_obtained":["ReplayTheSpireMod:Lightbulb"],"max_hp_gain":0,"max_hp_loss":0,"event_name":"Big Fish","floor":0,"gold_loss":0,"cards_obtained":["Regret"]},{"damage_healed":0,"gold_gain":100,"player_choice":"Pray","damage_taken":0,"max_hp_gain":0,"max_hp_loss":0,"event_name":"Golden Shrine","floor":12,"gold_loss":0},{"damage_healed":0,"gold_gain":0,"player_choice":"Choice 2","damage_taken":0,"relics_obtained":["alterego_mod:SomeoneToFightFor"],"max_hp_gain":0,"max_hp_loss":0,"event_name":"Secret Garden","floor":30,"gold_loss":0},{"damage_healed":0,"gold_gain":0,"player_choice":"Ignored","damage_taken":0,"max_hp_gain":0,"max_hp_loss":0,"event_name":"Tomb of Lord Red Mask","floor":37,"gold_loss":0},{"damage_healed":0,"gold_gain":0,"player_choice":"Copied","damage_taken":0,"max_hp_gain":0,"max_hp_loss":0,"event_name":"Duplicator","floor":45,"gold_loss":0,"cards_obtained":["alterego_mod:AlterEgo"]}],"is_beta":false,"boss_relics":[{"not_picked":["Astrolabe","hubris:BlackHole"],"picked":"hubris:Backtick"},{"not_picked":["SacredBark","infinitespire:Cupcake"],"picked":"ChewingGum"}],"items_purged_floors":[2,39],"is_endless":false,"potions_floor_spawned":[1,6,13,14,16,18,24,28,31,35,38,41,54],"ascension_level":0}}