{"host":"dlyy4wv9zatha4f7","time":1608477166,"event":{"mods":["BaseMod","Better Third Choice","Colored Map","GifTheSpireLib","Minty Spire (QoL Compilation)","Spicy Shops","StSLib","SuperFastMode","Unceasing Turn Reminder"],"gold_per_floor":[113,113,37,37,48,78,78,78,101,101,111,145,158,183,183,285,285,296,51,62,79,98,98,132,132,183,208,208,108,140,154,154,154,154],"floor_reached":33,"playtime":1294,"items_purged":["Strike_B","Strike_B"],"score":577,"play_id":"772cd244-ac9d-45c5-bf0b-4a65fa543deb","local_time":"20201220171246","is_ascension_mode":true,"campfire_choices":[{"data":"Sunder","floor":8,"key":"SMITH"},{"data":"Zap","floor":15,"key":"SMITH"},{"data":"Fission","floor":23,"key":"SMITH"},{"data":"Coolheaded","floor":25,"key":"SMITH"},{"data":"Steam Power","floor":28,"key":"SMITH"},{"floor":32,"key":"REST"}],"circlet_count":0,"master_deck":["Strike_B","Strike_B+1","Defend_B+1","Defend_B","Defend_B","Defend_B","Zap+1","Dualcast","Static Discharge+1","Sunder+1","Ball Lightning","Ball Lightning","Conserve Battery","Fission+1","White Noise","Chaos+1","Steam Power+1","Coolheaded+1","Capacitor+1","BootSequence+1"],"relics":["Cracked Core","NeowsBlessing","Orichalcum","Regal Pillow","Bottled Tornado","Centennial Puzzle","Blood Vial","Eternal Feather","SlaversCollar","InkBottle","Smiling Mask","Art of War","MealTicket","Bottled Lightning"],"acts_visited":["Exordium","TheCity"],"potions_floor_usage":[12,14,16,16,22,24,27,33,33],"damage_taken":[{"damage":0,"enemies":"Jaw Worm","floor":1,"turns":1},{"damage":0,"enemies":"Cultist","floor":5,"turns":1},{"damage":0,"enemies":"Lagavulin","floor":6,"turns":1},{"damage":0,"enemies":"Small Slimes","floor":11,"turns":1},{"damage":4,"enemies":"3 Sentries","floor":12,"turns":4},{"damage":12,"enemies":"Gremlin Gang","floor":13,"turns":2},{"damage":2,"enemies":"Gremlin Nob","floor":14,"turns":3},{"damage":0,"enemies":"Slime Boss","floor":16,"turns":4},{"damage":21,"enemies":"2 Thieves","floor":18,"turns":2},{"damage":5,"enemies":"Spheric Guardian","floor":20,"turns":3},{"damage":18,"enemies":"Snake Plant","floor":21,"turns":2},{"damage":3,"enemies":"Snecko","floor":22,"turns":4},{"damage":23,"enemies":"Book of Stabbing","floor":24,"turns":4},{"damage":16,"enemies":"Slavers","floor":27,"turns":3},{"damage":25,"enemies":"Book of Stabbing","floor":30,"turns":4},{"damage":20,"enemies":"Centurion and Healer","floor":31,"turns":3},{"damage":59,"enemies":"Automaton","floor":33,"turns":8}],"seed_played":"5688767982986748753","potions_obtained":[{"floor":1,"key":"Energy Potion"},{"floor":5,"key":"FearPotion"},{"floor":11,"key":"FocusPotion"},{"floor":13,"key":"AttackPotion"},{"floor":14,"key":"Swift Potion"},{"floor":18,"key":"Dexterity Potion"},{"floor":21,"key":"FocusPotion"},{"floor":24,"key":"EssenceOfSteel"},{"floor":27,"key":"Dexterity Potion"}],"is_trial":false,"path_per_floor":["M","?","$","?","M","E","T","R","T","?","M","E","M","E","R","B",null,"M","$","M","M","M","R","E","R","T","E","R","$","E","M","R","B"],"character_chosen":"DEFECT","items_purchased":["Orichalcum","InkBottle"],"campfire_rested":1,"item_purchase_floors":[3,19],"current_hp_per_floor":[68,53,53,53,53,53,53,53,53,75,75,71,61,61,70,72,74,54,54,51,35,34,43,22,34,34,20,32,47,24,6,55,0,0],"gold":154,"neow_bonus":"THREE_ENEMY_KILL","is_daily":false,"chose_seed":false,"campfire_upgraded":5,"win_rate":0.0,"timestamp":1608477166,"path_taken":["M","?","$","?","?","E","?","R","T","?","M","E","M","E","R","BOSS","M","$","?","M","M","R","E","R","T","E","R","$","E","M","R","BOSS"],"items_purchased_type":["Relic","Relic"],"build_version":"2020-12-13","purchased_purges":2,"victory":false,"max_hp_per_floor":[75,75,75,75,75,75,75,75,75,75,75,75,75,75,75,75,75,75,75,75,75,75,75,75,75,75,75,75,75,75,75,75,75,75],"card_choices":[{"not_picked":["Undo","Gash"],"picked":"Static Discharge","floor":1},{"not_picked":["Redo","Gash"],"picked":"Sunder","floor":5},{"not_picked":["Hello World","Leap"],"picked":"Rip and Tear","floor":6},{"not_picked":["Darkness","Compile Driver"],"picked":"Ball Lightning","floor":11},{"not_picked":["Barrage","Coolheaded"],"picked":"Ball Lightning","floor":12},{"not_picked":["Streamline","Rip and Tear"],"picked":"Conserve Battery","floor":13},{"not_picked":["Sunder","Sweeping Beam","Meteor Strike"],"picked":"SKIP","floor":14},{"not_picked":["Machine Learning","Hyperbeam"],"picked":"Fission","floor":16},{"not_picked":["Sweeping Beam","Rebound"],"picked":"White Noise","floor":18},{"not_picked":["Sweeping Beam","Gash"],"picked":"Chaos+1","floor":20},{"not_picked":["Go for the Eyes","Blizzard","Conserve Battery"],"picked":"SKIP","floor":21},{"not_picked":["Turbo","Stack"],"picked":"Steam Power","floor":22},{"not_picked":["Heatsinks+1","Hello World"],"picked":"Coolheaded","floor":24},{"not_picked":["Ball Lightning","Storm+1"],"picked":"Capacitor+1","floor":27},{"not_picked":["Streamline","Sweeping Beam+1","Heatsinks"],"picked":"SKIP","floor":30},{"not_picked":["Cold Snap","Recycle"],"picked":"BootSequence+1","floor":31}],"player_experience":2212545,"relics_obtained":[{"floor":6,"key":"Regal Pillow"},{"floor":7,"key":"Bottled Tornado"},{"floor":9,"key":"Centennial Puzzle"},{"floor":12,"key":"Blood Vial"},{"floor":14,"key":"Eternal Feather"},{"floor":24,"key":"Smiling Mask"},{"floor":26,"key":"Art of War"},{"floor":27,"key":"MealTicket"},{"floor":30,"key":"Bottled Lightning"}],"event_choices":[{"damage_healed":68,"gold_gain":0,"player_choice":"Upgrade","damage_taken":15,"max_hp_gain":0,"max_hp_loss":75,"event_name":"betterThird:BetterShining","floor":2,"gold_loss":0,"cards_upgraded":["Strike_B","Defend_B"]},{"damage_healed":0,"gold_gain":0,"player_choice":"Upgraded","damage_taken":0,"max_hp_gain":0,"max_hp_loss":0,"event_name":"Upgrade Shrine","floor":4,"gold_loss":0,"cards_upgraded":["Static Discharge"]},{"cards_removed":["Rip and Tear"],"damage_healed":22,"gold_gain":0,"player_choice":"Offered Uncommon","damage_taken":0,"max_hp_gain":0,"max_hp_loss":0,"event_name":"Bonfire Elementals","floor":10,"gold_loss":0}],"is_beta":false,"boss_relics":[{"not_picked":["Empty Cage","Inserter"],"picked":"SlaversCollar"}],"items_purged_floors":[29,29],"is_endless":false,"potions_floor_spawned":[1,5,11,13,14,18,21,24,27],"killed_by":"Automaton","ascension_level":9}}