{"host":"qgwlv9366poilr0p","time":1608486466,"event":{"mods":["Aspiration","BaseMod","Better Match","Better Note","Colored Powertips","Conspire","Dota2Spire","Friendly Minions","Halation","Hubris","Infinite Spire","JesterMod","Minty Spire (QoL Compilation)","Relic Stats","Replay The Spire","Shop Mod","StSLib","The Blue Laboratory","Wandering Minibosses","vexMod"],"gold_per_floor":[116,266,266,266,266,286,174,174,206,206,206,206,206],"floor_reached":12,"playtime":270,"items_purged":["Strike_B"],"score":172,"play_id":"13d36b4c-3e64-4195-867f-3959e3f78fab","local_time":"20201220184746","is_ascension_mode":true,"campfire_choices":[{"data":"Zap","floor":8,"key":"SMITH"},{"data":"Conserve Battery","floor":10,"key":"SMITH"}],"circlet_count":0,"master_deck":["AscendersBane","Strike_B","Strike_B","Strike_B","Defend_B","Defend_B","Defend_B","Defend_B","Zap+1","Dualcast","Conserve Battery+1","Cold Snap","Self Repair","Amplify"],"relics":["Cracked Core","NeowsBlessing","Spirit Poop","vexMod:RedPlottingStone","Dota2Spire:MaskOfMadness"],"acts_visited":["Exordium"],"potions_floor_usage":[12],"damage_taken":[{"damage":0,"enemies":"2 Louse","floor":1,"turns":1},{"damage":0,"enemies":"Small Slimes","floor":6,"turns":1},{"damage":0,"enemies":"3 Sentries","floor":9,"turns":1},{"damage":88,"enemies":"Gremlin Nob","floor":12,"turns":6}],"seed_played":"-3913772282474376531","potions_obtained":[{"floor":1,"key":"blueLaboratory:PyrophylliteBrew"},{"floor":6,"key":"blueLaboratory:HummingbirdPotion"}],"is_trial":false,"path_per_floor":["M","?","?","PTL","PTL","M","$","R","E","R","T","E"],"character_chosen":"DEFECT","items_purchased":["Self Repair"],"campfire_rested":0,"item_purchase_floors":[7],"current_hp_per_floor":[64,64,64,64,64,64,64,64,64,64,64,0,0],"gold":206,"neow_bonus":"THREE_ENEMY_KILL","is_daily":false,"chose_seed":false,"campfire_upgraded":2,"win_rate":0.0,"timestamp":1608486466,"path_taken":["M","?","?","PTL","PTL","?","$","R","E","R","T","E"],"items_purchased_type":["Card"],"build_version":"2020-12-13","purchased_purges":1,"victory":false,"max_hp_per_floor":[71,71,71,71,71,71,71,71,71,71,71,71,71],"relic_stats":{"counters":[4,9],"obtain_stats":[{"Dota2Spire:MaskOfMadness":11,"NeowsBlessing":0,"vexMod:RedPlottingStone":9,"Spirit Poop":3,"Cracked Core":0},{"Dota2Spire:MaskOfMadness":3,"NeowsBlessing":0,"vexMod:RedPlottingStone":3,"Spirit Poop":1,"Cracked Core":0},{"Dota2Spire:MaskOfMadness":3,"NeowsBlessing":0,"vexMod:RedPlottingStone":3,"Spirit Poop":1,"Cracked Core":0}]},"card_choices":[{"not_picked":["Stack","Redo"],"picked":"Conserve Battery","floor":1},{"not_picked":["Coolheaded","Compile Driver"],"picked":"Cold Snap","floor":6},{"not_picked":["Leap","Self Repair"],"picked":"Amplify","floor":9}],"player_experience":1080222,"relics_obtained":[{"floor":9,"key":"vexMod:RedPlottingStone"},{"floor":11,"key":"Dota2Spire:MaskOfMadness"}],"event_choices":[{"damage_healed":0,"gold_gain":150,"player_choice":"AGREE","damage_taken":0,"max_hp_gain":0,"max_hp_loss":0,"event_name":"Liars Game","floor":2,"gold_loss":0,"cards_obtained":["Doubt"]},{"cards_removed":["Doubt"],"damage_healed":0,"gold_gain":0,"player_choice":"Offered Curse","damage_taken":0,"relics_obtained":["Spirit Poop"],"max_hp_gain":0,"max_hp_loss":0,"event_name":"Bonfire Elementals","floor":3,"gold_loss":0}],"is_beta":false,"boss_relics":[],"items_purged_floors":[7],"is_endless":false,"potions_floor_spawned":[1,6],"killed_by":"Gremlin Nob","ascension_level":15}}