{"host":"fhq3k2nq5elnbks3","time":1608424593,"event":{"mods":["2.2 Compatiblity","AchievementEnabler","Act Like it!","AlwaysNeverKeys","Astrologer","BaseMod","Better Altar","Better Skull","Better Vampires","Better-Laid Plans","Block Reminder","CapriCore","Card Filter","CatGirl Mod","Chen","Colored Powertips","Displayed Cursed Tome","Eldritch Tears","Fiend Mod","Fireblade Mod","Friendly Minions","FutureSeer","Gensokyo","GifTheSpireLib","Gremlin Skip","Hermit","JesterMod","Koishi","Marisa????????","Minty Spire (QoL Compilation)","Permanent Neow","QueenMod","Quick Restart","Relic Filter","Ruin Mod","Shop Mod","StSLib","SuperFastMode","The Administrix","The Cursed","The Fake Hero","The Forsaken","The Necromancer","Transform Curses","Uncapped","Unknown Chances","Wandering Minibosses"],"gold_per_floor":[118,118,133,133,133,133,133,133,181,31,31,31,31,31,31,31,31],"floor_reached":16,"playtime":464,"items_purged":[],"score":84,"play_id":"92e2b62d-503c-442b-992f-0e6d6b4a3c6a","local_time":"20201219183633","daily_mods":["Vintage","Heirloom","Time Dilation","Flight"],"is_ascension_mode":false,"campfire_choices":[{"data":"Koishi:Provoke","floor":6,"key":"SMITH"},{"data":"Koishi:BasicDefend","floor":7,"key":"SMITH"},{"data":"Koishi:BasicDefend","floor":8,"key":"SMITH"},{"data":"Koishi:BasicDefend","floor":11,"key":"SMITH"},{"data":"Koishi:BasicDefend","floor":12,"key":"SMITH"},{"data":"Koishi:BasicStrike","floor":15,"key":"SMITH"}],"circlet_count":0,"master_deck":["Koishi:BasicStrike","Koishi:BasicStrike+1","Koishi:BasicStrike","Koishi:BasicStrike+1","Koishi:BasicDefend+1","Koishi:BasicDefend+1","Koishi:BasicDefend+1","Koishi:BasicDefend+1","Koishi:Provoke+1","Koishi:HauntingSlash+1","Koishi:ParalyzingFear+1"],"relics":["Koishi:ImaginaryFriend","Dead Branch","Bag of Preparation","Happy Flower","Regal Pillow","Nunchaku","Lantern","Omamori","MerchantsRug","Gensokyo:LunaticRedEyes","Dream Catcher"],"acts_visited":["Gensokyo:Gensokyo"],"potions_floor_usage":[3],"damage_taken":[{"damage":7,"enemies":"Gensokyo:Gryphon","floor":1,"turns":4},{"damage":0,"enemies":"Gensokyo:Python","floor":3,"turns":5},{"damage":37,"enemies":"Gensokyo:Reimu","floor":16,"turns":5}],"seed_played":"7082903846576866627","potions_obtained":[{"floor":1,"key":"DistilledChaos"}],"is_trial":true,"path_per_floor":["M","?","M","?","?","R","R","R","T","$","R","R","?","?","R","B"],"character_chosen":"KOISHI","items_purchased":["MerchantsRug"],"campfire_rested":0,"item_purchase_floors":[10],"current_hp_per_floor":[55,6,7,7,7,7,7,7,7,7,7,7,7,7,7,0,0],"gold":31,"neow_bonus":"","is_daily":false,"chose_seed":false,"campfire_upgraded":6,"win_rate":0.0,"timestamp":1608424593,"path_taken":["M","?","?","?","?","R","R","R","T","?","R","R","?","?","R","BOSS"],"items_purchased_type":["Relic"],"build_version":"2020-12-13","purchased_purges":0,"victory":false,"max_hp_per_floor":[60,60,60,60,60,60,60,60,60,60,60,60,60,60,60,60,60],"card_choices":[],"player_experience":240713,"relics_obtained":[{"floor":1,"key":"Bag of Preparation"},{"floor":3,"key":"Lantern"},{"floor":9,"key":"Omamori"}],"event_choices":[{"damage_healed":0,"gold_gain":0,"player_choice":"RE RE RE UP ","damage_taken":57,"relics_obtained":["Happy Flower","Regal Pillow","Nunchaku"],"max_hp_gain":0,"max_hp_loss":0,"event_name":"betterSkull:BetterSkull","floor":2,"gold_loss":0,"cards_upgraded":["Koishi:BasicStrike"]}],"is_beta":false,"boss_relics":[],"items_purged_floors":[],"is_endless":false,"potions_floor_spawned":[1],"killed_by":"Gensokyo:Reimu","ascension_level":0}}