{"host":"p1xsuo25udtrkbq2","time":1608444548,"event":{"mods":["BaseMod","Colored Map","Minty Spire (QoL Compilation)","Rare Cards Sparkle","Relic Stats","Slay the Relics Exporter","StSLib","everything is the same but u backflip on backflip"],"gold_per_floor":[111,123,298,66,86,86,86,118,118,118,35,61,61,71,71,148,148,168,68,68,78,78,107,121,121,121,46,75,92,117,137,137,211,211,226,237,254,47,47,47,59,91,91,104,116,131,159,159,159,159,159,159,12,38,38],"floor_reached":56,"playtime":10449,"items_purged":["Doubt","Strike_G","Strike_G"],"score":1862,"play_id":"8b56802e-dfd3-4bad-9b9e-721252b9bb1a","local_time":"20201220010908","is_ascension_mode":true,"campfire_choices":[{"data":"Noxious Fumes","floor":6.0,"key":"SMITH"},{"data":"Well Laid Plans","floor":13.0,"key":"SMITH"},{"data":"Bouncing Flask","floor":15.0,"key":"SMITH"},{"data":"Footwork","floor":25.0,"key":"SMITH"},{"data":"Neutralize","floor":32.0,"key":"SMITH"},{"data":"Catalyst","floor":40.0,"key":"SMITH"},{"floor":49.0,"key":"RECALL"},{"data":"Calculated Gamble","floor":52.0,"key":"SMITH"}],"circlet_count":0,"master_deck":["AscendersBane","Defend_G","Defend_G","Defend_G","Defend_G","Defend_G","Survivor","Noxious Fumes+1","Backflip","Calculated Gamble+1","Dagger Spray","Footwork+1","Flying Knee","Bouncing Flask+1","Well Laid Plans+1","PiercingWail","Adrenaline","Poisoned Stab","Bane","Dagger Throw","Venomology","PiercingWail","Catalyst+1","A Thousand Cuts+1","Backflip","Tools of the Trade+1","Blade Dance","Endless Agony","Footwork+1","Footwork+1","Writhe","Leg Sweep+1"],"relics":["Ring of the Snake","Eternal Feather","Lantern","Toy Ornithopter","Cursed Key","FossilizedHelix","Frozen Egg 2","Ancient Tea Set","WristBlade","Singing Bowl","Anchor","Ninja Scroll","Juzu Bracelet","OrangePellets","Boot"],"acts_visited":["Exordium","TheCity","TheBeyond","TheEnding"],"potions_floor_usage":[54,55,55,55],"damage_taken":[{"damage":2.0,"enemies":"2 Louse","floor":1.0,"turns":4.0},{"damage":2.0,"enemies":"Cultist","floor":2.0,"turns":4.0},{"damage":3.0,"enemies":"Small Slimes","floor":5.0,"turns":4.0},{"damage":28.0,"enemies":"3 Sentries","floor":8.0,"turns":7.0},{"damage":7.0,"enemies":"Lagavulin","floor":12.0,"turns":6.0},{"damage":6.0,"enemies":"3 Louse","floor":14.0,"turns":2.0},{"damage":7.0,"enemies":"Hexaghost","floor":16.0,"turns":9.0},{"damage":0.0,"enemies":"Shell Parasite","floor":18.0,"turns":6.0},{"damage":6.0,"enemies":"3 Byrds","floor":21.0,"turns":4.0},{"damage":23.0,"enemies":"Gremlin Leader","floor":23.0,"turns":7.0},{"damage":3.0,"enemies":"Centurion and Healer","floor":24.0,"turns":6.0},{"damage":23.0,"enemies":"Slavers","floor":28.0,"turns":5.0},{"damage":6.0,"enemies":"Cultist and Chosen","floor":29.0,"turns":7.0},{"damage":6.0,"enemies":"Gremlin Leader","floor":30.0,"turns":6.0},{"damage":0.0,"enemies":"Sentry and Sphere","floor":31.0,"turns":5.0},{"damage":11.0,"enemies":"Champ","floor":33.0,"turns":12.0},{"damage":16.0,"enemies":"3 Shapes","floor":35.0,"turns":3.0},{"damage":0.0,"enemies":"Orb Walker","floor":36.0,"turns":4.0},{"damage":1.0,"enemies":"Spire Growth","floor":37.0,"turns":6.0},{"damage":0.0,"enemies":"4 Shapes","floor":41.0,"turns":6.0},{"damage":1.0,"enemies":"Giant Head","floor":42.0,"turns":8.0},{"damage":8.0,"enemies":"Jaw Worm Horde","floor":44.0,"turns":4.0},{"damage":0.0,"enemies":"Maw","floor":45.0,"turns":6.0},{"damage":0.0,"enemies":"Spire Growth","floor":46.0,"turns":7.0},{"damage":2.0,"enemies":"Reptomancer","floor":47.0,"turns":8.0},{"damage":35.0,"enemies":"Time Eater","floor":50.0,"turns":13.0},{"damage":30,"enemies":"Shield and Spear","floor":54,"turns":11},{"damage":28,"enemies":"The Heart","floor":55,"turns":11}],"seed_played":"-1116810386310882318","potions_obtained":[{"floor":5.0,"key":"SpeedPotion"},{"floor":10.0,"key":"Weak Potion"},{"floor":24.0,"key":"LiquidBronze"},{"floor":28.0,"key":"LiquidBronze"},{"floor":31.0,"key":"Fire Potion"},{"floor":33.0,"key":"SkillPotion"},{"floor":45.0,"key":"LiquidMemories"}],"is_trial":false,"path_per_floor":["M","M","?","$","M","R","?","E","T","?","$","E","R","M","R","B",null,"M","$","T","M","?","E","M","R","T","?","E","M","E","M","R","B",null,"M","M","M","$","?","R","M","E","T","M","M","M","E","?","R","B",null,"R","$","E","B",null],"character_chosen":"THE_SILENT","items_purchased":["Dagger Spray","Footwork","Fire Potion","Well Laid Plans","PiercingWail","Footwork+1","OrangePellets"],"campfire_rested":0,"item_purchase_floors":[4,4,4,11,11,38,53],"current_hp_per_floor":[61,59,59,59,56,56,56,28,28,28,28,21,33,32,44,37,62,62,62,62,56,56,38,40,52,52,52,34,33,32,37,52,46,64,53,58,62,62,62,70,72,71,71,64,66,73,76,76,78,43,69,78,78,50,37],"gold":38,"neow_bonus":"TRANSFORM_CARD","is_daily":false,"chose_seed":false,"campfire_upgraded":7,"win_rate":0.0,"timestamp":1608444548,"path_taken":["M","M","?","$","M","R","?","E","T","?","$","E","R","M","R","BOSS","M","$","?","M","?","E","M","R","T","?","E","M","E","M","R","BOSS","M","M","M","$","?","R","M","E","T","M","M","M","E","?","R","BOSS","R","$","E","BOSS"],"items_purchased_type":["Card","Card","Potion","Card","Card","Card","Relic"],"build_version":"2020-12-13","purchased_purges":3,"victory":true,"max_hp_per_floor":[70,70,70,70,70,70,70,70,70,70,70,70,70,70,70,70,70,70,70,70,70,70,70,70,70,70,70,70,70,70,70,70,70,70,70,70,70,70,70,70,72,72,72,72,74,76,78,78,78,78,78,78,78,80,80],"relic_stats":{"OrangePellets":[5],"Singing Bowl":10,"counters":[28,181],"Eternal Feather":70,"Juzu Bracelet":1,"Cursed Key":2,"Boot":[2],"obtain_stats":[{"Lantern":9,"Singing Bowl":39,"Eternal Feather":8,"Juzu Bracelet":47,"Frozen Egg 2":28,"Cursed Key":17,"Ancient Tea Set":30,"Boot":54,"OrangePellets":53,"Anchor":42,"WristBlade":34,"Ninja Scroll":43,"Toy Ornithopter":12,"FossilizedHelix":23,"Ring of the Snake":0},{"Lantern":4,"Singing Bowl":19,"Eternal Feather":4,"Juzu Bracelet":25,"Frozen Egg 2":12,"Cursed Key":7,"Ancient Tea Set":14,"Boot":27,"OrangePellets":26,"Anchor":21,"WristBlade":16,"Ninja Scroll":21,"Toy Ornithopter":5,"FossilizedHelix":10,"Ring of the Snake":0},{"Lantern":19,"Singing Bowl":107,"Eternal Feather":19,"Juzu Bracelet":146,"Frozen Egg 2":64,"Cursed Key":36,"Ancient Tea Set":77,"Boot":170,"OrangePellets":159,"Anchor":121,"WristBlade":94,"Ninja Scroll":121,"Toy Ornithopter":25,"FossilizedHelix":53,"Ring of the Snake":0}],"Toy Ornithopter":79,"Ring of the Snake":[56]},"card_choices":[{"not_picked":["PiercingWail","Distraction"],"picked":"Backflip","floor":1.0},{"not_picked":["Prepared","Concentrate"],"picked":"Calculated Gamble","floor":2.0},{"not_picked":["Predator","Dagger Spray"],"picked":"Flying Knee","floor":5.0},{"not_picked":["Caltrops","Sucker Punch"],"picked":"Bouncing Flask","floor":8.0},{"not_picked":["Dagger Throw","Expertise","Dagger Spray"],"picked":"SKIP","floor":12.0},{"not_picked":["Underhanded Strike","Well Laid Plans","Blade Dance"],"picked":"SKIP","floor":14.0},{"not_picked":["Envenom","Unload"],"picked":"Adrenaline","floor":16.0},{"not_picked":["Riddle With Holes","PiercingWail"],"picked":"Poisoned Stab","floor":18.0},{"not_picked":["Deflect","Tactician"],"picked":"Bane","floor":21.0},{"not_picked":["Concentrate","Flying Knee+1"],"picked":"PiercingWail","floor":23.0},{"not_picked":["Bane","Poisoned Stab","Setup"],"picked":"SKIP","floor":24.0},{"not_picked":["Quick Slash+1","Blade Dance"],"picked":"Catalyst","floor":28.0},{"not_picked":["Poisoned Stab","Prepared+1"],"picked":"A Thousand Cuts+1","floor":29.0},{"not_picked":["Acrobatics+1","Dagger Spray"],"picked":"Backflip","floor":30.0},{"not_picked":["Eviscerate","Flying Knee","Accuracy+1"],"picked":"SKIP","floor":31.0},{"not_picked":["After Image+1","Adrenaline"],"picked":"Tools of the Trade+1","floor":33.0},{"not_picked":["Well Laid Plans+1","Acrobatics","PiercingWail"],"picked":"SKIP","floor":35.0},{"not_picked":["Outmaneuver+1","Bane"],"picked":"Blade Dance","floor":36.0},{"not_picked":["Deadly Poison","Dash"],"picked":"Endless Agony","floor":37.0},{"not_picked":["Riddle With Holes","Quick Slash","Expertise"],"picked":"Singing Bowl","floor":41.0},{"not_picked":["Quick Slash","Backflip"],"picked":"Footwork+1","floor":42.0},{"not_picked":["Slice","All Out Attack"],"picked":"Leg Sweep+1","floor":44.0},{"not_picked":["Infinite Blades+1","Slice+1","PiercingWail"],"picked":"Singing Bowl","floor":45.0},{"not_picked":["Expertise","Doppelganger","Accuracy+1"],"picked":"Singing Bowl","floor":46.0},{"not_picked":["Sucker Punch","Dodge and Roll","Dagger Spray"],"picked":"Singing Bowl","floor":47.0},{"not_picked":["Dagger Spray+1","Calculated Gamble","Underhanded Strike"],"picked":"Singing Bowl","floor":54}],"player_experience":806242,"relics_obtained":[{"floor":8.0,"key":"Eternal Feather"},{"floor":9.0,"key":"Lantern"},{"floor":12.0,"key":"Toy Ornithopter"},{"floor":23.0,"key":"FossilizedHelix"},{"floor":28.0,"key":"Frozen Egg 2"},{"floor":30.0,"key":"Ancient Tea Set"},{"floor":42.0,"key":"Anchor"},{"floor":43.0,"key":"Ninja Scroll"},{"floor":47.0,"key":"Juzu Bracelet"},{"floor":54,"key":"Boot"}],"event_choices":[{"damage_healed":0.0,"max_hp_gain":0.0,"max_hp_loss":0.0,"gold_gain":175.0,"event_name":"Liars Game","player_choice":"AGREE","floor":3.0,"gold_loss":0.0,"damage_taken":0.0,"cards_obtained":["Doubt"]},{"damage_healed":0.0,"max_hp_gain":0.0,"max_hp_loss":0.0,"gold_gain":0.0,"event_name":"Dead Adventurer","player_choice":"Searched \u00270\u0027 times","floor":7.0,"gold_loss":0.0,"damage_taken":0.0},{"damage_healed":0.0,"max_hp_gain":0.0,"max_hp_loss":0.0,"gold_gain":0.0,"event_name":"Lab","player_choice":"Got Potions","floor":10.0,"gold_loss":0.0,"damage_taken":0.0},{"damage_healed":0.0,"max_hp_gain":0.0,"max_hp_loss":0.0,"gold_gain":0.0,"cards_transformed":["Strike_G","Strike_G"],"event_name":"Drug Dealer","player_choice":"Became Test Subject","floor":22.0,"gold_loss":0.0,"damage_taken":0.0,"cards_obtained":["Dagger Throw","Venomology"]},{"cards_removed":["Injury"],"damage_healed":0.0,"max_hp_gain":0.0,"max_hp_loss":0.0,"gold_gain":0.0,"event_name":"Beggar","player_choice":"Gave Gold","floor":27.0,"gold_loss":75.0,"damage_taken":0.0},{"damage_healed":0.0,"max_hp_gain":0.0,"max_hp_loss":0.0,"gold_gain":0.0,"event_name":"WeMeetAgain","player_choice":"Gave Potion","floor":39.0,"gold_loss":0.0,"damage_taken":0.0,"relics_obtained":["Singing Bowl"]},{"cards_removed":["Neutralize"],"damage_healed":0.0,"max_hp_gain":0.0,"max_hp_loss":0.0,"gold_gain":0.0,"event_name":"Falling","player_choice":"Removed Attack","floor":48.0,"gold_loss":0.0,"damage_taken":0.0}],"is_beta":false,"boss_relics":[{"not_picked":["Ectoplasm","Empty Cage"],"picked":"Cursed Key"},{"not_picked":["Velvet Choker","Runic Dome"],"picked":"WristBlade"}],"items_purged_floors":[4,19,38],"is_endless":false,"potions_floor_spawned":[5,12,24,28,31,33,35,41,45],"ascension_level":13}}