{"host":"fne7yx97fnz7kq05","time":1608487952,"event":{"mods":["BaseMod","Colored Map","Colored Powertips","Highlight Path","Minty Spire (QoL Compilation)","Relic Stats"],"gold_per_floor":[109,127,127,147,147,178,178,207,231,241,268,268,36,47,47,122,172,185,200,200,119,137,137,28,28,28,28,28,28,28,57,57,132,132,145,145,157,170,70,70,96,96,123,153,153,481,125,85,85,85,85,85,85,115,115],"floor_reached":56,"playtime":2417,"items_purged":["Strike_R","Heavy Blade","Strike_R"],"score":2351,"play_id":"ddebce7c-cf34-48a0-a797-b650697d4563","local_time":"20201220121232","is_ascension_mode":true,"campfire_choices":[{"data":"Flame Barrier","floor":7,"key":"SMITH"},{"data":"Body Slam","floor":12,"key":"SMITH"},{"data":"Impervious","floor":15,"key":"SMITH"},{"data":"Barricade","floor":23,"key":"SMITH"},{"data":"True Grit","floor":25,"key":"SMITH"},{"data":"Feel No Pain","floor":28,"key":"SMITH"},{"floor":32,"key":"DIG"},{"data":"Ghostly","floor":40,"key":"SMITH"},{"data":"Ghostly","floor":42,"key":"SMITH"},{"floor":49,"key":"RECALL"},{"data":"Entrench","floor":52,"key":"SMITH"}],"circlet_count":0,"master_deck":["AscendersBane","Strike_R","Strike_R+1","Defend_R+1","Defend_R","Defend_R","Defend_R+1","Bash","Shrug It Off","Flame Barrier+1","Pommel Strike","Body Slam+1","Impervious+1","Ghostly Armor","Barricade+1","True Grit+1","Ghostly+1","Ghostly+1","Ghostly","Ghostly+1","Ghostly","Feel No Pain+1","Impervious","Feel No Pain+1","Madness","Madness","Entrench+1","Entrench"],"relics":["Velvet Choker","Orichalcum","Blood Vial","Bag of Preparation","Lantern","Tiny House","Bag of Marbles","Mummified Hand","Shovel","Dream Catcher","Runic Pyramid","Prayer Wheel","Singing Bowl","Old Coin","Bronze Scales","Oddly Smooth Stone"],"acts_visited":["Exordium","TheCity","TheBeyond","TheEnding"],"potions_floor_usage":[6,8,16,33,55],"damage_taken":[{"damage":0,"enemies":"2 Louse","floor":1,"turns":2},{"damage":4,"enemies":"Jaw Worm","floor":2,"turns":4},{"damage":0,"enemies":"Small Slimes","floor":4,"turns":3},{"damage":13,"enemies":"Gremlin Nob","floor":6,"turns":4},{"damage":14,"enemies":"Lagavulin","floor":8,"turns":7},{"damage":1,"enemies":"Exordium Thugs","floor":10,"turns":5},{"damage":2,"enemies":"Gremlin Nob","floor":11,"turns":4},{"damage":0,"enemies":"Exordium Wildlife","floor":14,"turns":2},{"damage":11,"enemies":"Hexaghost","floor":16,"turns":9},{"damage":0,"enemies":"Spheric Guardian","floor":18,"turns":6},{"damage":0,"enemies":"3 Byrds","floor":19,"turns":3},{"damage":0,"enemies":"Snake Plant","floor":22,"turns":1},{"damage":0,"enemies":"Gremlin Leader","floor":31,"turns":7},{"damage":0,"enemies":"Collector","floor":33,"turns":16},{"damage":0,"enemies":"3 Shapes","floor":35,"turns":7},{"damage":0,"enemies":"3 Darklings","floor":37,"turns":7},{"damage":0,"enemies":"Maw","floor":38,"turns":9},{"damage":0,"enemies":"Nemesis","floor":41,"turns":7},{"damage":0,"enemies":"Giant Head","floor":44,"turns":7},{"damage":0,"enemies":"Reptomancer","floor":46,"turns":7},{"damage":0,"enemies":"Time Eater","floor":50,"turns":8},{"damage":0,"enemies":"Shield and Spear","floor":54,"turns":6},{"damage":1,"enemies":"The Heart","floor":55,"turns":10}],"seed_played":"-8054275034593443649","potions_obtained":[{"floor":1,"key":"ColorlessPotion"},{"floor":4,"key":"AttackPotion"},{"floor":11,"key":"LiquidMemories"},{"floor":16,"key":"LiquidMemories"},{"floor":33,"key":"LiquidBronze"},{"floor":46,"key":"Ancient Potion"}],"is_trial":false,"path_per_floor":["M","M","?","M","?","E","R","E","T","M","E","R","$","M","R","B",null,"M","M","?","?","M","R","$","R","T","?","R","$","$","E","R","B",null,"M","?","M","M","$","R","E","R","T","E","?","E","$","?","R","B",null,"R","$","E","B",null],"character_chosen":"IRONCLAD","items_purchased":["Impervious","Fire Potion","Ghostly Armor","Feel No Pain","Entrench","Bronze Scales"],"campfire_rested":0,"item_purchase_floors":[13,13,13,24,47,47],"current_hp_per_floor":[68,64,49,49,49,36,36,22,22,23,23,23,23,25,25,16,65,67,69,40,40,40,40,40,40,40,40,40,40,40,40,40,40,40,40,40,40,40,40,40,40,40,40,40,35,39,39,39,39,41,42,42,42,42,41],"gold":115,"neow_bonus":"BOSS_RELIC","is_daily":false,"chose_seed":false,"campfire_upgraded":9,"win_rate":0.0,"timestamp":1608487952,"path_taken":["M","M","?","M","?","E","R","E","T","M","E","R","?","M","R","BOSS","M","M","?","?","?","R","$","R","T","?","R","?","$","E","R","BOSS","M","?","M","M","$","R","E","R","T","E","?","E","?","?","R","BOSS","R","$","E","BOSS"],"items_purchased_type":["Card","Potion","Card","Card","Card","Relic"],"build_version":"2020-12-13","purchased_purges":3,"victory":true,"max_hp_per_floor":[75,75,75,75,75,75,75,75,75,75,75,75,75,75,75,75,80,80,80,40,40,40,40,40,40,40,40,40,40,40,40,40,40,40,40,40,40,40,40,40,40,40,40,40,40,42,42,42,42,42,42,42,42,42,42],"relic_stats":{"Blood Vial":16,"Dream Catcher":0,"Shovel":1,"Singing Bowl":2,"counters":[23,141],"Mummified Hand":[35],"Bronze Scales":[204],"Prayer Wheel":0,"Bag of Preparation":[36],"Orichalcum":[60],"obtain_stats":[{"Lantern":11,"Tiny House":17,"Singing Bowl":44,"Velvet Choker":0,"Oddly Smooth Stone":54,"Bag of Preparation":9,"Orichalcum":6,"Burning Blood":0,"Old Coin":46,"Blood Vial":8,"Dream Catcher":32,"Shovel":31,"Mummified Hand":26,"Bronze Scales":47,"Prayer Wheel":41,"Bag of Marbles":21,"Runic Pyramid":34},{"Lantern":7,"Tiny House":9,"Singing Bowl":19,"Velvet Choker":0,"Oddly Smooth Stone":22,"Bag of Preparation":5,"Orichalcum":4,"Burning Blood":0,"Old Coin":20,"Blood Vial":5,"Dream Catcher":13,"Shovel":13,"Mummified Hand":12,"Bronze Scales":20,"Prayer Wheel":18,"Bag of Marbles":11,"Runic Pyramid":14},{"Lantern":29,"Tiny House":40,"Singing Bowl":110,"Velvet Choker":0,"Oddly Smooth Stone":131,"Bag of Preparation":20,"Orichalcum":13,"Burning Blood":0,"Old Coin":117,"Blood Vial":20,"Dream Catcher":57,"Shovel":57,"Mummified Hand":50,"Bronze Scales":117,"Prayer Wheel":103,"Bag of Marbles":49,"Runic Pyramid":73}]},"card_choices":[{"not_picked":["Seeing Red","Warcry"],"picked":"Heavy Blade","floor":1},{"not_picked":["Anger","Clash"],"picked":"Shrug It Off","floor":2},{"not_picked":["Burning Pact","Havoc","Searing Blow"],"picked":"SKIP","floor":4},{"not_picked":["Shrug It Off","Exhume"],"picked":"Flame Barrier","floor":6},{"not_picked":["Feel No Pain","Clash"],"picked":"Pommel Strike","floor":8},{"not_picked":["Iron Wave","Bloodletting"],"picked":"Body Slam","floor":10},{"not_picked":["Body Slam","Iron Wave","Headbutt"],"picked":"SKIP","floor":11},{"not_picked":["Havoc","Hemokinesis","Rage"],"picked":"SKIP","floor":14},{"not_picked":["Bludgeon","Demon Form"],"picked":"Barricade","floor":16},{"not_picked":["Rupture","Infernal Blade"],"picked":"True Grit","floor":17},{"not_picked":["Evolve","Ghostly Armor","Warcry"],"picked":"SKIP","floor":18},{"not_picked":["Pummel","Pommel Strike","Carnage"],"picked":"SKIP","floor":19},{"not_picked":["Anger","Reckless Charge","Twin Strike"],"picked":"SKIP","floor":22},{"not_picked":["Seeing Red","Evolve","Double Tap"],"picked":"SKIP","floor":31},{"not_picked":["Fiend Fire","Barricade"],"picked":"Impervious","floor":33},{"not_picked":["Searing Blow","Wild Strike+1","Sword Boomerang+1"],"picked":"SKIP","floor":35},{"not_picked":["Heavy Blade+1","Wild Strike+1","Anger"],"picked":"SKIP","floor":37},{"not_picked":["Thunderclap+1","Anger+1","Inflame"],"picked":"SKIP","floor":38},{"not_picked":["Combust","Offering","Reckless Charge"],"picked":"SKIP","floor":41},{"not_picked":["Whirlwind","Headbutt"],"picked":"Feel No Pain+1","floor":44},{"not_picked":["Perfected Strike","Inflame+1","Heavy Blade"],"picked":"Singing Bowl","floor":46},{"not_picked":["True Grit+1","Anger"],"picked":"Entrench","floor":54}],"player_experience":87401,"relics_obtained":[{"floor":6,"key":"Orichalcum"},{"floor":8,"key":"Blood Vial"},{"floor":9,"key":"Bag of Preparation"},{"floor":11,"key":"Lantern"},{"floor":26,"key":"Mummified Hand"},{"floor":31,"key":"Shovel"},{"floor":32,"key":"Dream Catcher"},{"floor":41,"key":"Prayer Wheel"},{"floor":44,"key":"Singing Bowl"},{"floor":46,"key":"Old Coin"},{"floor":54,"key":"Oddly Smooth Stone"}],"event_choices":[{"damage_healed":0,"gold_gain":0,"player_choice":"Entered Light","damage_taken":15,"max_hp_gain":0,"max_hp_loss":0,"event_name":"Shining Light","floor":3,"gold_loss":0,"cards_upgraded":["Defend_R","Strike_R"]},{"damage_healed":0,"gold_gain":0,"player_choice":"Ignored","damage_taken":0,"max_hp_gain":0,"max_hp_loss":0,"event_name":"Liars Game","floor":5,"gold_loss":0},{"damage_healed":0,"gold_gain":0,"player_choice":"Became a Ghost","damage_taken":0,"max_hp_gain":0,"max_hp_loss":40,"event_name":"Ghosts","floor":20,"gold_loss":0,"cards_obtained":["Ghostly","Ghostly","Ghostly","Ghostly","Ghostly"]},{"damage_healed":0,"gold_gain":0,"player_choice":"Paid Gold","damage_taken":0,"relics_obtained":["Bag of Marbles"],"max_hp_gain":0,"max_hp_loss":0,"event_name":"WeMeetAgain","floor":21,"gold_loss":81},{"cards_removed":["Strike_R"],"damage_healed":0,"gold_gain":0,"player_choice":"Removed Attack","damage_taken":0,"max_hp_gain":0,"max_hp_loss":0,"event_name":"Falling","floor":36,"gold_loss":0},{"damage_healed":0,"gold_gain":0,"player_choice":"Embrace Madness","damage_taken":5,"max_hp_gain":0,"max_hp_loss":0,"event_name":"Winding Halls","floor":45,"gold_loss":0,"cards_obtained":["Madness","Madness"]},{"damage_healed":0,"gold_gain":0,"player_choice":"Upgraded Two","damage_taken":0,"max_hp_gain":0,"max_hp_loss":0,"event_name":"Designer","floor":48,"gold_loss":40,"cards_upgraded":["Defend_R","Ghostly"]}],"is_beta":false,"boss_relics":[{"not_picked":["SlaversCollar","Runic Cube"],"picked":"Tiny House"},{"not_picked":["Astrolabe","Cursed Key"],"picked":"Runic Pyramid"}],"items_purged_floors":[24,39,47],"is_endless":false,"potions_floor_spawned":[1,4,11,16,18,31,33,35,37,46,54],"ascension_level":14}}