{"host":"htqwg582tjjtn9p7","time":1608474014,"event":{"mods":["2.2 Compatiblity","AchievementEnabler","Act Like it!","Aspiration","BaseMod","Better Third Choice","Colored Map","Conspire","Curses Come First","Displayed Cursed Tome","Energized Spire","Force Act Four","GifTheSpireLib","Hermit","Highlight Path","JesterMod","Mad Scientist","Minty Spire (QoL Compilation)","Pale of the Ancients","Permanent Neow","Random Character Button","Relic Stats","Replay The Spire","Robot Space Explorer","Somnambulant","Spicy Shops","Spikes Relics","StSLib","Stuff the Spire","The Blue Laboratory","The Disciple","The Dragon Tamer","The Forsaken","The Gatherer","The Judge","The Jungle","The Runesmith","The Servant 0.9.4"],"gold_per_floor":[115,115,115,115,131,165,165,185,185,0,0,12,46,46,46,142,142,157,175,175,175,194,223,223,25,25,25,25,52,66,92,92,189,189,200,10,60,60,80,80,107,107,107,136,136,168,180,180,180,180,194,208,208,284,284,295,295,70,70,70],"floor_reached":61,"playtime":3375,"items_purged":["Amnesia","RobotSpaceExplorer:Defend"],"score":1580,"play_id":"50164480-99e0-47dc-a6a9-decbf8fdd774","local_time":"20201220152014","is_ascension_mode":true,"campfire_choices":[{"data":"RobotSpaceExplorer:Pulsar","floor":7,"key":"SMITH"},{"floor":15,"key":"REST"},{"data":"Enlightenment","floor":24,"key":"SMITH"},{"data":"RobotSpaceExplorer:Accelerator","floor":27,"key":"SMITH"},{"floor":32,"key":"REST"},{"data":"StuffTheSpire:CelestialWarden","floor":40,"key":"SMITH"},{"data":"RobotSpaceExplorer:MiniDrones","floor":42,"key":"SMITH"},{"data":"RobotSpaceExplorer:Arsenal","floor":45,"key":"SMITH"},{"data":"StuffTheSpire:BrainWave","floor":49,"key":"SMITH"},{"data":"Predator","floor":55,"key":"SMITH"},{"data":"RobotSpaceExplorer:MiniLasers","floor":57,"key":"SMITH"}],"circlet_count":0,"master_deck":["RobotSpaceExplorer:Defend","RobotSpaceExplorer:Defend","RobotSpaceExplorer:Scan","RobotSpaceExplorer:MiniLasers+1","RobotSpaceExplorer:Arsenal+1","RobotSpaceExplorer:MiniDrones","Predator+1","RobotSpaceExplorer:Pulsar+1","Enlightenment+1","RobotSpaceExplorer:Accelerator+1","RobotSpaceExplorer:Asteroid+1","RobotSpaceExplorer:Reload+1","RobotSpaceExplorer:Probe+1","RobotSpaceExplorer:ScrapMissile+1","StuffTheSpire:CelestialWarden+1","RobotSpaceExplorer:FrostMissile+1","RobotSpaceExplorer:Blitz+1","RobotSpaceExplorer:FrostMissile+1","RobotSpaceExplorer:Reload+1","RobotSpaceExplorer:ScrapMissile","RobotSpaceExplorer:MiniDrones+1","RobotSpaceExplorer:ScrapShield+1","StuffTheSpire:BrainWave+1","RobotSpaceExplorer:Probe","RobotSpaceExplorer:ScrapMissile+1","RobotSpaceExplorer:Probe+1","Apotheosis","Madness"],"relics":["RobotSpaceExplorer:RoboCore","TungstenRod","InkBottle","Gambling Chip","Mirror","Astrolabe","StuffTheSpire:Barrel","SpikesRelics:ToyHorsey","WarpedTongs","Darkstone Periapt","Letter Opener","Coffee Dripper","Strawberry","Anchor","theForsaken:Gavel","Membership Card","MiniBlackHole","StuffTheSpire:RubySignet","StuffTheSpire:Rhapsscallions","GiantMaggot","Blood Vial","paleoftheancients:Timepiece","CultistMask","paleoftheancients:SoulOfTheWokeBloke","conspire:DecoderRing","Incense Burner","Gremlin Horn","ReplayTheSpireMod:ShopPack"],"acts_visited":["Exordium","TheCity","TheBeyond","TheBeyond"],"potions_floor_usage":[16,18,23,29,31,35,46,47,60,60],"damage_taken":[{"damage":0,"enemies":"Cultist","floor":1,"turns":4},{"damage":2,"enemies":"Jaw Worm","floor":5,"turns":2},{"damage":25,"enemies":"Gremlin Nob","floor":6,"turns":5},{"damage":1,"enemies":"Small Slimes","floor":8,"turns":3},{"damage":5,"enemies":"3 Louse","floor":12,"turns":4},{"damage":11,"enemies":"Lagavulin","floor":13,"turns":8},{"damage":15,"enemies":"Fading Forest","floor":16,"turns":11},{"damage":0,"enemies":"3 Byrds","floor":18,"turns":4},{"damage":28,"enemies":"Shell Parasite","floor":19,"turns":5},{"damage":0,"enemies":"Chosen and Byrds","floor":22,"turns":4},{"damage":0,"enemies":"Slavers","floor":23,"turns":3},{"damage":0,"enemies":"Gremlin Leader","floor":29,"turns":6},{"damage":0,"enemies":"3 Cultists","floor":30,"turns":4},{"damage":16,"enemies":"Slavers","floor":31,"turns":3},{"damage":2,"enemies":"Automaton","floor":33,"turns":8},{"damage":5,"enemies":"3 Darklings","floor":35,"turns":5},{"damage":0,"enemies":"Orb Walker","floor":39,"turns":3},{"damage":2,"enemies":"Giant Head","floor":41,"turns":8},{"damage":0,"enemies":"R_Hoarder","floor":44,"turns":7},{"damage":3,"enemies":"Reptomancer","floor":46,"turns":6},{"damage":0,"enemies":"Writhing Mass","floor":47,"turns":6},{"damage":2,"enemies":"Replay:Hell Engine","floor":50,"turns":7},{"damage":0,"enemies":"Replay:Hell Engine","floor":51,"turns":6},{"damage":20,"enemies":"Replay:Hell Engine","floor":52,"turns":4},{"damage":0,"enemies":"Replay:Hell Engine","floor":56,"turns":4},{"damage":32,"enemies":"paleoftheancients:N","floor":60,"turns":6}],"seed_played":"3268971822364483128","potions_obtained":[{"floor":5,"key":"blueLaboratory:HorrorPotion"},{"floor":6,"key":"LifebloodPotion"},{"floor":13,"key":"BlessingOfTheForge"},{"floor":16,"key":"blueLaboratory:HorrorPotion"},{"floor":22,"key":"Weak Potion"},{"floor":23,"key":"blueLaboratory:RememoryPotion"},{"floor":33,"key":"blueLaboratory:BubblePotion"},{"floor":39,"key":"LifebloodPotion"},{"floor":44,"key":"blueLaboratory:LouseDecoction"},{"floor":47,"key":"Elixir"},{"floor":51,"key":"Toxic Potion"}],"is_trial":false,"path_per_floor":["M","?","?","?","M","E","R","M","T","?","?","M","E","T","R","B",null,"M","M","?","?","M","E","R","$","T","R","?","E","M","E","R","B",null,"M","$","T","?","M","R","E","R","T","E","R","E","M","?","R","B","M","M","?","T","R","M","R","$","?","B",null],"character_chosen":"RobotSpaceExplorer","items_purchased":["RobotSpaceExplorer:Wormhole","blueLaboratory:PhilterOfMotion","Membership Card","Incense Burner","Gremlin Horn","CultistPotion","ReplayTheSpireMod:ShopPack"],"campfire_rested":2,"item_purchase_floors":[25,25,36,58,58,58,58],"current_hp_per_floor":[75,68,73,73,71,46,46,45,45,51,51,46,35,35,60,67,81,81,53,53,53,53,53,53,53,53,53,53,61,61,45,70,68,82,84,84,84,84,84,84,82,82,84,84,84,81,85,85,85,86,86,76,76,76,76,82,82,82,82,69],"gold":70,"neow_bonus":"ONE_RANDOM_RARE_CARD","is_daily":false,"chose_seed":false,"campfire_upgraded":9,"win_rate":0.0,"timestamp":1608474014,"path_taken":["M","?","?","?","M","E","R","?","T","?","?","M","E","?","R","BOSS","M","M","?","?","M","E","R","$","T","R","?","E","M","E","R","BOSS","M","$","?","?","?","R","E","R","T","E","R","E","M","?","R","BOSS","M","M","?","T","R","M","R","$","?","BOSS"],"items_purchased_type":["Card","Potion","Relic","Relic","Relic","Potion","Relic"],"build_version":"2020-12-13","purchased_purges":2,"victory":true,"max_hp_per_floor":[75,75,80,80,80,80,80,80,80,86,86,86,86,86,86,86,86,86,86,86,86,86,86,86,86,86,86,86,86,86,86,86,86,86,93,93,93,93,93,93,93,93,95,95,95,95,95,86,86,86,86,86,86,86,86,86,86,86,86,86],"relic_stats":{"Darkstone Periapt":0,"Blood Vial":7,"Gremlin Horn":[5,5],"counters":[26,136],"Gambling Chip":[70],"Astrolabe":["RobotSpaceExplorer:Asteroid","RobotSpaceExplorer:Reload","RobotSpaceExplorer:Probe"],"Letter Opener":[336],"obtain_stats":[{"Darkstone Periapt":29,"StuffTheSpire:Barrel":23,"Gremlin Horn":58,"StuffTheSpire:Rhapsscallions":43,"Incense Burner":58,"theForsaken:Gavel":35,"Blood Vial":46,"SpikesRelics:ToyHorsey":26,"Gambling Chip":13,"Strawberry":35,"conspire:DecoderRing":54,"MiniBlackHole":37,"InkBottle":9,"GiantMaggot":44,"Astrolabe":17,"RobotSpaceExplorer:RoboCore":0,"Letter Opener":31,"WarpedTongs":28,"paleoftheancients:Timepiece":50,"Replay:Baseball":2,"Anchor":35,"paleoftheancients:SoulOfTheWokeBloke":51,"CultistMask":50,"Coffee Dripper":34,"StuffTheSpire:RubySignet":41,"Membership Card":36,"Mirror":14,"TungstenRod":6,"ReplayTheSpireMod:ShopPack":58},{"Darkstone Periapt":12,"StuffTheSpire:Barrel":11,"Gremlin Horn":25,"StuffTheSpire:Rhapsscallions":18,"Incense Burner":25,"theForsaken:Gavel":16,"Blood Vial":20,"SpikesRelics:ToyHorsey":11,"Gambling Chip":6,"Strawberry":16,"conspire:DecoderRing":24,"MiniBlackHole":16,"InkBottle":4,"GiantMaggot":19,"Astrolabe":7,"RobotSpaceExplorer:RoboCore":0,"Letter Opener":14,"WarpedTongs":11,"paleoftheancients:Timepiece":22,"Replay:Baseball":1,"Anchor":16,"paleoftheancients:SoulOfTheWokeBloke":23,"CultistMask":22,"Coffee Dripper":15,"StuffTheSpire:RubySignet":18,"Membership Card":16,"Mirror":6,"TungstenRod":3,"ReplayTheSpireMod:ShopPack":25},{"Darkstone Periapt":59,"StuffTheSpire:Barrel":53,"Gremlin Horn":130,"StuffTheSpire:Rhapsscallions":90,"Incense Burner":130,"theForsaken:Gavel":79,"Blood Vial":103,"SpikesRelics:ToyHorsey":53,"Gambling Chip":26,"Strawberry":79,"conspire:DecoderRing":126,"MiniBlackHole":79,"InkBottle":14,"GiantMaggot":97,"Astrolabe":37,"RobotSpaceExplorer:RoboCore":0,"Letter Opener":66,"WarpedTongs":53,"paleoftheancients:Timepiece":116,"Replay:Baseball":4,"Anchor":79,"paleoftheancients:SoulOfTheWokeBloke":122,"CultistMask":116,"Coffee Dripper":74,"StuffTheSpire:RubySignet":90,"Membership Card":79,"Mirror":26,"TungstenRod":11,"ReplayTheSpireMod:ShopPack":130}],"TungstenRod":41,"InkBottle":[83],"WarpedTongs":[76]},"card_choices":[{"not_picked":["RobotSpaceExplorer:Counterblock","RobotSpaceExplorer:ShovelStrike"],"picked":"RobotSpaceExplorer:MiniDrones","floor":1},{"not_picked":["RobotSpaceExplorer:GlueShot","RobotSpaceExplorer:Electropulse","RobotSpaceExplorer:ShockKick"],"picked":"SKIP","floor":5},{"not_picked":["RobotSpaceExplorer:MetalStrike","RobotSpaceExplorer:SurgingShield"],"picked":"RobotSpaceExplorer:Pulsar","floor":6},{"not_picked":["RobotSpaceExplorer:GlueShot","RobotSpaceExplorer:Ammunition","RobotSpaceExplorer:DoubleFind"],"picked":"SKIP","floor":8},{"not_picked":["RobotSpaceExplorer:DoubleFind","RobotSpaceExplorer:Discharger","RobotSpaceExplorer:Electroshield"],"picked":"SKIP","floor":12},{"not_picked":["RobotSpaceExplorer:ImprovisedAttack","RobotSpaceExplorer:SurgingStrike","RobotSpaceExplorer:SurgingShield"],"picked":"SKIP","floor":13},{"not_picked":["RobotSpaceExplorer:Asteroid","RobotSpaceExplorer:Explosion"],"picked":"RobotSpaceExplorer:Accelerator","floor":16},{"not_picked":["RobotSpaceExplorer:DoubleFind+1","RobotSpaceExplorer:MiniDrones"],"picked":"RobotSpaceExplorer:ScrapMissile+1","floor":18},{"not_picked":["RobotSpaceExplorer:ImprovisedAttack","RobotSpaceExplorer:ShovelStrike","RobotSpaceExplorer:Probe"],"picked":"SKIP","floor":19},{"not_picked":["StuffTheSpire:Harmony","StuffTheSpire:Perfection"],"picked":"StuffTheSpire:CelestialWarden","floor":21},{"not_picked":["RobotSpaceExplorer:GlueSpray+1","RobotSpaceExplorer:MakeshiftVolley"],"picked":"RobotSpaceExplorer:FrostMissile+1","floor":22},{"not_picked":["RobotSpaceExplorer:SurgingShield","RobotSpaceExplorer:Jetpack"],"picked":"RobotSpaceExplorer:Blitz+1","floor":23},{"not_picked":["RobotSpaceExplorer:GlueSpray","RobotSpaceExplorer:ShockKick"],"picked":"RobotSpaceExplorer:Exploration","floor":29},{"not_picked":["RobotSpaceExplorer:ImprovisedAttack","RobotSpaceExplorer:Ammunition"],"picked":"RobotSpaceExplorer:FrostMissile+1","floor":30},{"not_picked":["RobotSpaceExplorer:SurgingShield","RobotSpaceExplorer:Ammunition"],"picked":"RobotSpaceExplorer:Reload","floor":31},{"not_picked":["RobotSpaceExplorer:Asteroid","RobotSpaceExplorer:Scanner"],"picked":"RobotSpaceExplorer:Exploration","floor":33},{"not_picked":["RobotSpaceExplorer:ShovelStrike","RobotSpaceExplorer:MetalStrike+1"],"picked":"RobotSpaceExplorer:ScrapMissile","floor":35},{"not_picked":["RobotSpaceExplorer:GlueSpray+1","RobotSpaceExplorer:SurgingShield+1"],"picked":"RobotSpaceExplorer:MiniDrones","floor":39},{"not_picked":["RobotSpaceExplorer:MetalStrike","RobotSpaceExplorer:SwiftStep+1","RobotSpaceExplorer:ToxicBomb"],"picked":"SKIP","floor":41},{"not_picked":["RobotSpaceExplorer:ShovelStrike+1","RobotSpaceExplorer:BlastShield","RobotSpaceExplorer:Pulsar"],"picked":"SKIP","floor":44},{"not_picked":["RobotSpaceExplorer:ShovelStrike+1","RobotSpaceExplorer:TurboDodge+1"],"picked":"RobotSpaceExplorer:ScrapShield+1","floor":46},{"not_picked":["RobotSpaceExplorer:GlueShot","RobotSpaceExplorer:ShockKick+1","RobotSpaceExplorer:ImprovisedAttack+1"],"picked":"SKIP","floor":47},{"not_picked":["RobotSpaceExplorer:ShockMissile","RobotSpaceExplorer:StarDust"],"picked":"RobotSpaceExplorer:Probe","floor":51},{"not_picked":["RobotSpaceExplorer:Counterblock+1","RobotSpaceExplorer:SurgingStrike+1"],"picked":"RobotSpaceExplorer:ScrapMissile+1","floor":52},{"not_picked":["RobotSpaceExplorer:SurgingStrike+1","RobotSpaceExplorer:Pulsar"],"picked":"RobotSpaceExplorer:Probe+1","floor":56},{"not_picked":["Transmutation","PlatinumSkin"],"picked":"Apotheosis","floor":58},{"not_picked":["Discovery","Replay:BasicMightCard"],"picked":"Madness","floor":58}],"player_experience":1723985,"relics_obtained":[{"floor":6,"key":"TungstenRod"},{"floor":9,"key":"InkBottle"},{"floor":13,"key":"Gambling Chip"},{"floor":14,"key":"Mirror"},{"floor":23,"key":"StuffTheSpire:Barrel"},{"floor":26,"key":"SpikesRelics:ToyHorsey"},{"floor":29,"key":"Darkstone Periapt"},{"floor":31,"key":"Letter Opener"},{"floor":35,"key":"Strawberry"},{"floor":35,"key":"Anchor"},{"floor":35,"key":"theForsaken:Gavel"},{"floor":37,"key":"MiniBlackHole"},{"floor":41,"key":"StuffTheSpire:RubySignet"},{"floor":43,"key":"StuffTheSpire:Rhapsscallions"},{"floor":44,"key":"GiantMaggot"},{"floor":46,"key":"Blood Vial"},{"floor":51,"key":"paleoftheancients:SoulOfTheWokeBloke"},{"floor":54,"key":"conspire:DecoderRing"}],"event_choices":[{"damage_healed":0,"gold_gain":0,"player_choice":"Relic ","damage_taken":7,"max_hp_gain":0,"max_hp_loss":0,"event_name":"betterThird:BetterScrap","floor":2,"gold_loss":0,"cards_obtained":["SignatureMove"]},{"damage_healed":0,"gold_gain":0,"player_choice":"Donut","damage_taken":0,"max_hp_gain":5,"max_hp_loss":0,"event_name":"Big Fish","floor":3,"gold_loss":0},{"damage_healed":0,"gold_gain":0,"player_choice":"RENOUNCE","damage_taken":185,"max_hp_gain":0,"max_hp_loss":0,"event_name":"betterThird:BetterSerpent","floor":10,"gold_loss":185,"cards_obtained":["Enlightenment"]},{"damage_healed":0,"gold_gain":0,"player_choice":"Rummage","damage_taken":0,"relics_obtained":["WarpedTongs"],"max_hp_gain":0,"max_hp_loss":0,"event_name":"Accursed Blacksmith","floor":28,"gold_loss":0,"cards_obtained":["Pain"]},{"damage_healed":0,"gold_gain":0,"player_choice":"Upgraded","damage_taken":0,"max_hp_gain":0,"max_hp_loss":0,"event_name":"Upgrade Shrine","floor":38,"gold_loss":0,"cards_upgraded":["RobotSpaceExplorer:Reload"]}],"is_beta":false,"boss_relics":[{"not_picked":["aspiration:FutureDiary","energizedSpire:HugeHouse"],"picked":"Astrolabe"},{"not_picked":["jesterMod:MachoBrace","Painkiller Herb"],"picked":"Coffee Dripper"}],"items_purged_floors":[36,58],"is_endless":false,"potions_floor_spawned":[5,6,13,16,22,23,33,39,44,47,51,60],"ascension_level":5}}