{"host":"pgqkv8mh62pnrbci","time":1608437291,"event":{"mods":["AchievementEnabler","BaseMod","Custom Start","Minty Spire (QoL Compilation)","StSLib","SuperFastMode"],"gold_per_floor":[110,25,44,58,58,58,104,104,104,117,135,135,168,181,181,279,279,303,303,303,353,376,376,411,176,200,200,115,128,47,47,47,136,136,154,154,168,186,0,0,0,0],"floor_reached":41,"playtime":1292,"items_purged":["Strike_P+1"],"score":798,"play_id":"0c369740-a631-4d1c-aaaa-143576ebc3be","local_time":"20201220130811","is_ascension_mode":true,"campfire_choices":[{"data":"Eruption","floor":6.0,"key":"SMITH"},{"data":"MentalFortress","floor":8.0,"key":"SMITH"},{"data":"TalkToTheHand","floor":12.0,"key":"SMITH"},{"data":"Adaptation","floor":15.0,"key":"SMITH"},{"floor":23.0,"key":"RECALL"},{"floor":27.0,"key":"REST"},{"floor":32.0,"key":"REST"},{"floor":40.0,"key":"REST"}],"circlet_count":0,"master_deck":["AscendersBane","Strike_P+1","Strike_P+1","Strike_P+1","Defend_P+1","Defend_P+1","Defend_P+1","Defend_P+1","Eruption+1","Vigilance","MentalFortress+1","ClearTheMind+1","TalkToTheHand+1","Adaptation+1","LessonLearned+1","Ghostly","Ghostly+1","Ghostly","Adaptation","Madness","FearNoEvil","DeusExMachina+1","Collect+1"],"relics":["PureWater","Omamori","Golden Idol","Vajra","Smiling Mask","Mercury Hourglass","Fusion Hammer","Anchor","MealTicket","Matryoshka","White Beast Statue","VioletLotus","Red Mask"],"acts_visited":["Exordium","TheCity","TheBeyond"],"potions_floor_usage":[41,41],"damage_taken":[{"damage":3.0,"enemies":"Small Slimes","floor":1.0,"turns":4.0},{"damage":2.0,"enemies":"Jaw Worm","floor":3.0,"turns":4.0},{"damage":0.0,"enemies":"2 Louse","floor":4.0,"turns":4.0},{"damage":0.0,"enemies":"Large Slime","floor":10.0,"turns":6.0},{"damage":0.0,"enemies":"Lots of Slimes","floor":11.0,"turns":5.0},{"damage":5.0,"enemies":"Lagavulin","floor":13.0,"turns":6.0},{"damage":4.0,"enemies":"2 Fungi Beasts","floor":14.0,"turns":3.0},{"damage":27.0,"enemies":"Slime Boss","floor":16.0,"turns":8.0},{"damage":20.0,"enemies":"Chosen","floor":18.0,"turns":5.0},{"damage":0.0,"enemies":"2 Thieves","floor":22.0,"turns":4.0},{"damage":26.0,"enemies":"Gremlin Leader","floor":24.0,"turns":7.0},{"damage":0.0,"enemies":"Snake Plant","floor":29.0,"turns":4.0},{"damage":23.0,"enemies":"Automaton","floor":33.0,"turns":8.0},{"damage":12.0,"enemies":"3 Shapes","floor":35.0,"turns":6.0},{"damage":0.0,"enemies":"3 Darklings","floor":37.0,"turns":6.0},{"damage":15.0,"enemies":"Spire Growth","floor":38.0,"turns":6.0},{"damage":16,"enemies":"Nemesis","floor":41,"turns":8}],"seed_played":"8409831898801512822","potions_obtained":[{"floor":1.0,"key":"Fruit Juice"},{"floor":3.0,"key":"StancePotion"},{"floor":13.0,"key":"Strength Potion"},{"floor":18.0,"key":"Dexterity Potion"},{"floor":24.0,"key":"Fire Potion"},{"floor":33.0,"key":"LiquidBronze"},{"floor":35.0,"key":"StancePotion"},{"floor":36.0,"key":"DuplicationPotion"},{"floor":37.0,"key":"Explosive Potion"},{"floor":38.0,"key":"EntropicBrew"}],"is_trial":false,"path_per_floor":["M","$","M","M","?","R","T","R","T","M","M","R","E","M","R","B",null,"M","?","?","?","M","R","E","$","T","R","?","M","$","?","R","B",null,"M","?","M","M","?","R","E"],"character_chosen":"WATCHER","items_purchased":["MentalFortress","Adaptation","Madness","FearNoEvil"],"campfire_rested":3,"item_purchase_floors":[2,25,25,30],"current_hp_per_floor":[63,63,61,61,61,61,61,61,61,61,61,61,56,52,52,25,61,41,36,36,36,36,36,10,10,10,20,20,20,35,35,36,13,30,18,18,18,3,3,13,0,0],"gold":0,"neow_bonus":"RANDOM_COMMON_RELIC","is_daily":false,"chose_seed":false,"campfire_upgraded":4,"win_rate":0.0,"timestamp":1608437291,"path_taken":["M","$","M","M","?","R","?","R","T","M","M","R","E","M","R","BOSS","M","?","?","?","?","R","E","$","T","R","?","M","$","?","R","BOSS","M","?","?","M","?","R","E"],"items_purchased_type":["Card","Card","Card","Card"],"build_version":"2020-12-13","purchased_purges":1,"victory":false,"max_hp_per_floor":[73,73,73,73,73,73,73,73,73,73,73,73,73,73,73,73,73,73,36,36,36,36,36,36,36,36,36,36,36,36,36,36,36,36,36,36,36,36,36,36,36,36],"card_choices":[{"not_picked":["SandsOfTime","PathToVictory","Swivel"],"picked":"SKIP","floor":1.0},{"not_picked":["FlurryOfBlows","FollowUp","FlyingSleeves"],"picked":"SKIP","floor":3.0},{"not_picked":["WindmillStrike","Prostrate","Fasting2"],"picked":"SKIP","floor":4.0},{"not_picked":["Worship","ForeignInfluence"],"picked":"ClearTheMind","floor":10.0},{"not_picked":["SashWhip","Halt"],"picked":"TalkToTheHand","floor":11.0},{"not_picked":["FlurryOfBlows","Conclude"],"picked":"Adaptation","floor":13.0},{"not_picked":["SashWhip","Protect","CrushJoints"],"picked":"SKIP","floor":14.0},{"not_picked":["Brilliance","Alpha"],"picked":"LessonLearned","floor":16.0},{"not_picked":["CutThroughFate","Worship","Consecrate"],"picked":"SKIP","floor":18.0},{"not_picked":["FlurryOfBlows","EmptyBody","ThirdEye"],"picked":"SKIP","floor":22.0},{"not_picked":["FlyingSleeves","Judgement","FollowUp"],"picked":"SKIP","floor":24.0},{"not_picked":["Conclude","Evaluate","SashWhip"],"picked":"SKIP","floor":29.0},{"not_picked":["SpiritShield","Omniscience"],"picked":"DeusExMachina","floor":33.0},{"not_picked":["WreathOfFlame","EmptyBody"],"picked":"Collect+1","floor":35.0},{"not_picked":["SignatureMove+1","CutThroughFate","Prostrate"],"picked":"SKIP","floor":37.0},{"not_picked":["EmptyFist+1","FlurryOfBlows","Conclude"],"picked":"SKIP","floor":38.0}],"player_experience":562207,"relics_obtained":[{"floor":7.0,"key":"Vajra"},{"floor":9.0,"key":"Smiling Mask"},{"floor":13.0,"key":"Mercury Hourglass"},{"floor":24.0,"key":"Anchor"},{"floor":26.0,"key":"MealTicket"}],"event_choices":[{"damage_healed":0.0,"max_hp_gain":0.0,"max_hp_loss":0.0,"gold_gain":0.0,"event_name":"Golden Idol","player_choice":"Take Wound","floor":5.0,"gold_loss":0.0,"damage_taken":0.0,"relics_obtained":["Golden Idol"],"cards_obtained":["Injury"]},{"damage_healed":0.0,"max_hp_gain":0.0,"max_hp_loss":37.0,"gold_gain":0.0,"event_name":"Ghosts","player_choice":"Became a Ghost","floor":19.0,"gold_loss":0.0,"damage_taken":0.0,"cards_obtained":["Ghostly","Ghostly","Ghostly"]},{"damage_healed":0.0,"max_hp_gain":0.0,"max_hp_loss":0.0,"gold_gain":0.0,"event_name":"Back to Basics","player_choice":"Simplicity","floor":20.0,"gold_loss":0.0,"damage_taken":0.0,"cards_upgraded":["Strike_P","Strike_P","Strike_P","Strike_P","Defend_P","Defend_P","Defend_P","Defend_P"]},{"damage_healed":0.0,"max_hp_gain":0.0,"max_hp_loss":0.0,"gold_gain":100.0,"event_name":"The Joust","player_choice":"Bet on Murderer","floor":21.0,"gold_loss":50.0,"damage_taken":0.0},{"damage_healed":0.0,"max_hp_gain":0.0,"max_hp_loss":0.0,"gold_gain":0.0,"event_name":"Addict","player_choice":"Obtained Relic","floor":28.0,"gold_loss":85.0,"damage_taken":0.0,"relics_obtained":["Matryoshka"]},{"damage_healed":0.0,"max_hp_gain":0.0,"max_hp_loss":0.0,"gold_gain":0.0,"event_name":"The Mausoleum","player_choice":"Opened","floor":31.0,"gold_loss":0.0,"damage_taken":0.0,"relics_obtained":["White Beast Statue"],"cards_obtained":["Writhe"]},{"damage_healed":0.0,"max_hp_gain":0.0,"max_hp_loss":0.0,"gold_gain":0.0,"event_name":"Lab","player_choice":"Got Potions","floor":36.0,"gold_loss":0.0,"damage_taken":0.0},{"damage_healed":0.0,"max_hp_gain":0.0,"max_hp_loss":0.0,"gold_gain":0.0,"event_name":"Tomb of Lord Red Mask","player_choice":"Paid","floor":39.0,"gold_loss":186.0,"damage_taken":0.0,"relics_obtained":["Red Mask"]}],"is_beta":false,"boss_relics":[{"not_picked":["Empty Cage","Astrolabe"],"picked":"Fusion Hammer"},{"not_picked":["Busted Crown","SacredBark"],"picked":"VioletLotus"}],"items_purged_floors":[25],"is_endless":false,"potions_floor_spawned":[1,3,13,18,24,33,35,37,38],"killed_by":"Nemesis","ascension_level":19}}