{"host":"mal0jdk4f6ubgyb8","time":1608441543,"event":{"mods":["BaseMod","KinomotoSakuraMod(木之本樱)","Koishi","Luminous","Marisa（F雨　魔理沙）","Minty Spire (QoL Compilation)","Quick Restart","Reimu（博丽灵梦）","Relic Stats","Remilia（蕾米莉亚）","StSLib","WarShipGirlsR/战舰少女R mod","Youmu（魂魄妖梦）","Yuri Mod","Yuyuko","【东方二次创作】八云紫mod"],"gold_per_floor":[116,116,129,141,141,141,153,179,206,171,171,188,208,51,51,151,151,170,185,185,199,124,124,154,154,154,173,173,165,165,192,192,192,192],"floor_reached":33,"playtime":2432,"items_purged":[],"score":314,"play_id":"ae11017b-2a6a-4974-be61-a153ff177346","local_time":"20201220131903","is_ascension_mode":false,"campfire_choices":[{"floor":6.0,"key":"RECALL"},{"data":"Nihility","floor":11.0,"key":"SMITH"},{"data":"Ghost Lead","floor":15.0,"key":"SMITH"},{"data":"Float on Moon","floor":23.0,"key":"SMITH"},{"data":"Revive The Butterflies","floor":25.0,"key":"SMITH"},{"data":"Sweet of Phantom","floor":32.0,"key":"SMITH"}],"circlet_count":0,"master_deck":["Fantasy Butterflies","Fantasy Butterflies","Fantasy Butterflies","Fantasy Butterflies","Fantasy Butterflies","Dreamy Sakura","Dreamy Sakura+1","Dreamy Sakura","Dreamy Sakura+1","Deathly Ground","Spear of Papilio","Nihility+1","Ghost Lead+1","Showy Withering","Float on Moon+1","Steamed Phantom+1","Phantom Gift","Redemption of Death+1","Revive The Butterflies+1","Poor:ReiMu","Dying Butterflies","Pride","Chase The Sukhavati+1","Decay","Sweet of Phantom+1"],"relics":["Coronal","Yuyuko\u0027s fan","NeowsBlessing","ScarletDevilRocket","War Paint","Vajra","Cursed Key","Unceasing Top","Calipers","Molten Egg 2","GreatHeart","Pen Nib"],"acts_visited":["Exordium","TheCity"],"potions_floor_usage":[],"damage_taken":[{"damage":1.0,"enemies":"Jaw Worm","floor":1.0,"turns":1.0},{"damage":1.0,"enemies":"Cultist","floor":3.0,"turns":1.0},{"damage":1.0,"enemies":"2 Louse","floor":4.0,"turns":1.0},{"damage":19.0,"enemies":"Lots of Slimes","floor":7.0,"turns":3.0},{"damage":67.0,"enemies":"Lagavulin","floor":8.0,"turns":8.0},{"damage":31.0,"enemies":"Exordium Thugs","floor":10.0,"turns":6.0},{"damage":13.0,"enemies":"3 Louse","floor":12.0,"turns":4.0},{"damage":23.0,"enemies":"Looter","floor":13.0,"turns":3.0},{"damage":59.0,"enemies":"Hexaghost","floor":16.0,"turns":10.0},{"damage":2.0,"enemies":"Spheric Guardian","floor":18.0,"turns":3.0},{"damage":31.0,"enemies":"3 Byrds","floor":19.0,"turns":6.0},{"damage":44.0,"enemies":"Centurion and Healer","floor":21.0,"turns":4.0},{"damage":20.0,"enemies":"Slavers","floor":24.0,"turns":4.0},{"damage":22.0,"enemies":"Snake Plant","floor":27.0,"turns":3.0},{"damage":19.0,"enemies":"3 Cultists","floor":29.0,"turns":3.0},{"damage":3.0,"enemies":"Book of Stabbing","floor":31.0,"turns":2.0},{"damage":16,"enemies":"Champ","floor":33,"turns":1}],"seed_played":"-6432885860046270521","potions_obtained":[{"floor":3.0,"key":"Firefly"},{"floor":7.0,"key":"SpeedPotion"},{"floor":10.0,"key":"Firefly"},{"floor":18.0,"key":"Regen Potion"},{"floor":29.0,"key":"Explosive Potion"},{"floor":31.0,"key":"Fire Potion"}],"is_trial":false,"path_per_floor":["M","?","M","M","?","R","M","E","T","M","R","M","M","$","R","B",null,"M","M","?","M","?","R","E","R","T","M","?","M","?","E","R","B"],"character_chosen":"YUYOKO","items_purchased":["Vajra"],"campfire_rested":0,"item_purchase_floors":[14],"current_hp_per_floor":[39,39,38,37,37,37,34,11,11,34,34,36,27,27,27,5,40,39,20,20,33,33,33,35,35,35,2,2,5,5,11,11,0,0],"gold":192,"neow_bonus":"THREE_ENEMY_KILL","is_daily":false,"chose_seed":false,"campfire_upgraded":5,"win_rate":0.0,"timestamp":1608441543,"path_taken":["M","?","M","?","?","R","M","E","T","M","R","?","M","?","R","BOSS","M","M","?","M","?","R","E","R","T","M","?","M","?","E","R","BOSS"],"items_purchased_type":["Relic"],"build_version":"2020-12-13","purchased_purges":0,"victory":false,"max_hp_per_floor":[40,40,40,40,40,40,40,40,40,40,40,40,40,40,40,40,40,40,40,40,40,40,40,40,40,40,40,40,40,40,40,40,40,40],"relic_stats":{"counters":[17,62],"Pen Nib":[0],"War Paint":["Dreamy Sakura","Dreamy Sakura"],"Cursed Key":1,"obtain_stats":[{"Yuyuko\u0027s fan":0,"ScarletDevilRocket":5,"Calipers":24,"NeowsBlessing":0,"Coronal":0,"Vajra":14,"Molten Egg 2":26,"Pen Nib":31,"GreatHeart":28,"War Paint":8,"Cursed Key":17,"Unceasing Top":20},{"Yuyuko\u0027s fan":0,"ScarletDevilRocket":3,"Calipers":13,"NeowsBlessing":0,"Coronal":0,"Vajra":8,"Molten Egg 2":13,"Pen Nib":16,"GreatHeart":14,"War Paint":5,"Cursed Key":9,"Unceasing Top":11},{"Yuyuko\u0027s fan":0,"ScarletDevilRocket":3,"Calipers":53,"NeowsBlessing":0,"Coronal":0,"Vajra":27,"Molten Egg 2":53,"Pen Nib":61,"GreatHeart":56,"War Paint":14,"Cursed Key":37,"Unceasing Top":45}],"Unceasing Top":[5]},"card_choices":[{"not_picked":["Become Phantom","Gather the Spring"],"picked":"Dying Butterflies","floor":1.0},{"not_picked":["Reverse The Screen","Final of Final"],"picked":"Spear of Papilio","floor":3.0},{"not_picked":["Dying Butterflies","Bomb","Childlike"],"picked":"SKIP","floor":4.0},{"not_picked":["Wandering Soul","Death Dancing"],"picked":"Nihility","floor":7.0},{"not_picked":["Childlike","Dancing Butterflies","Phantom Gift"],"picked":"SKIP","floor":8.0},{"not_picked":["Dying Butterflies","Triple Snow","Trap Lamp"],"picked":"SKIP","floor":10.0},{"not_picked":["All Wander","Postpone Bloom"],"picked":"Ghost Lead","floor":12.0},{"not_picked":["Dying Butterflies","Reverse The Screen"],"picked":"Showy Withering","floor":13.0},{"not_picked":["Sakura Sakura","Remain Here"],"picked":"Float on Moon","floor":16.0},{"not_picked":["Bomb","Redemption of Death"],"picked":"Steamed Phantom+1","floor":18.0},{"not_picked":["Unborn Light","Gone"],"picked":"Phantom Gift","floor":19.0},{"not_picked":["Gather the Spring","Spear of Papilio"],"picked":"Redemption of Death+1","floor":21.0},{"not_picked":["Unreal","Fondling of Papilio"],"picked":"Revive The Butterflies","floor":24.0},{"not_picked":["Elegance","Snow"],"picked":"Dying Butterflies","floor":27.0},{"not_picked":["Final of Final+1","Dancing Butterflies+1"],"picked":"Chase The Sukhavati+1","floor":29.0},{"not_picked":["Phantom Butterflies+1","Phantom Village"],"picked":"Sweet of Phantom","floor":31.0}],"player_experience":248392,"relics_obtained":[{"floor":8.0,"key":"War Paint"},{"floor":24.0,"key":"Calipers"},{"floor":26.0,"key":"Molten Egg 2"},{"floor":31.0,"key":"Pen Nib"}],"event_choices":[{"cards_removed":["Faramita\u0027s Temptation"],"damage_healed":0.0,"max_hp_gain":0.0,"max_hp_loss":0.0,"gold_gain":0.0,"event_name":"Purifier","player_choice":"Purged","floor":2.0,"gold_loss":0.0,"damage_taken":0.0},{"cards_removed":["Dying Butterflies"],"damage_healed":0.0,"max_hp_gain":0.0,"max_hp_loss":0.0,"gold_gain":0.0,"event_name":"WeMeetAgain","player_choice":"Gave Card","floor":5.0,"gold_loss":0.0,"damage_taken":0.0,"relics_obtained":["ScarletDevilRocket"]},{"damage_healed":0.0,"max_hp_gain":0.0,"max_hp_loss":0.0,"gold_gain":0.0,"event_name":"The Mausoleum","player_choice":"Opened","floor":20.0,"gold_loss":0.0,"damage_taken":0.0,"relics_obtained":["Unceasing Top"]},{"cards_removed":["Dreamy Sakura"],"damage_healed":0.0,"max_hp_gain":0.0,"max_hp_loss":0.0,"gold_gain":0.0,"event_name":"Beggar","player_choice":"Gave Gold","floor":22.0,"gold_loss":75.0,"damage_taken":0.0},{"damage_healed":0.0,"max_hp_gain":0.0,"max_hp_loss":0.0,"gold_gain":0.0,"event_name":"Forgotten Altar","player_choice":"Smashed Altar","floor":30.0,"gold_loss":0.0,"damage_taken":0.0,"cards_obtained":["Decay"]}],"is_beta":false,"boss_relics":[{"not_picked":["Pandora\u0027s Box","Runic Dome"],"picked":"Cursed Key"}],"items_purged_floors":[],"is_endless":false,"potions_floor_spawned":[3,7,10,18,29,31],"killed_by":"Champ","ascension_level":0}}