{"host":"baymyijz6sxaqj5s","time":1608461758,"event":{"mods":["AchievementEnabler","BaseMod","Colored Map","Colored Powertips","DeckTracker","KOR Keyword Fix","Keyboard Shortcuts","Minty Spire (QoL Compilation)","StSLib"],"gold_per_floor":[112,112,130,142,153,153,166,176,176,176,195,219,235,249,249,348,398,415,430,430,208,219,219,119,131,131,161,179,278,278,19,19,19,19],"floor_reached":33,"playtime":1085,"items_purged":["Strike_R+1","Strike_R+1"],"score":288,"play_id":"8e325176-3abd-471b-9d11-fe4bfb3ed47e","local_time":"20201220195558","is_ascension_mode":false,"campfire_choices":[{"data":"Spot Weakness","floor":6,"key":"SMITH"},{"data":"Power Through","floor":10,"key":"SMITH"},{"data":"Shrug It Off","floor":15,"key":"SMITH"},{"data":"Body Slam","floor":23,"key":"SMITH"},{"data":"Entrench","floor":30,"key":"SMITH"},{"data":"Heavy Blade","floor":32,"key":"SMITH"}],"circlet_count":0,"master_deck":["Strike_R+1","Strike_R+1","Strike_R+1","Defend_R+1","Defend_R+1","Defend_R+1","Defend_R+1","Bash","Sword Boomerang","Spot Weakness+1","Thunderclap","Twin Strike+1","Shrug It Off+1","Power Through+1","Cleave","Body Slam+1","Heavy Blade+1","Entrench+1"],"relics":["Burning Blood","Strawberry","Regal Pillow","Tiny House","Bag of Marbles","Gambling Chip","Toy Ornithopter","Singing Bowl"],"acts_visited":["Exordium","TheCity"],"potions_floor_usage":[11,13,16,16,27,27,27],"damage_taken":[{"damage":5,"enemies":"Small Slimes","floor":1,"turns":3},{"damage":3,"enemies":"Jaw Worm","floor":3,"turns":5},{"damage":1,"enemies":"2 Louse","floor":4,"turns":3},{"damage":14,"enemies":"Red Slaver","floor":5,"turns":5},{"damage":12,"enemies":"Blue Slaver","floor":7,"turns":2},{"damage":10,"enemies":"Looter","floor":8,"turns":2},{"damage":3,"enemies":"Exordium Wildlife","floor":11,"turns":3},{"damage":4,"enemies":"3 Louse","floor":13,"turns":3},{"damage":16,"enemies":"Lots of Slimes","floor":14,"turns":3},{"damage":38,"enemies":"Hexaghost","floor":16,"turns":9},{"damage":22,"enemies":"3 Byrds","floor":18,"turns":4},{"damage":15,"enemies":"2 Thieves","floor":19,"turns":3},{"damage":12,"enemies":"Shelled Parasite and Fungi","floor":22,"turns":5},{"damage":0,"enemies":"Snecko","floor":25,"turns":4},{"damage":15,"enemies":"Slavers","floor":27,"turns":7},{"damage":9,"enemies":"3 Cultists","floor":28,"turns":6},{"damage":94,"enemies":"Automaton","floor":33,"turns":8}],"seed_played":"1630648855589958992","potions_obtained":[{"floor":1,"key":"DuplicationPotion"},{"floor":5,"key":"ColorlessPotion"},{"floor":7,"key":"BloodPotion"},{"floor":11,"key":"Energy Potion"},{"floor":13,"key":"Energy Potion"},{"floor":17,"key":"Weak Potion"},{"floor":18,"key":"LiquidBronze"}],"is_trial":false,"path_per_floor":["M","?","M","M","M","R","M","M","T","R","M","T","M","M","R","B",null,"M","M","?","$","M","R","$","M","T","E","M","?","R","$","R","B"],"character_chosen":"IRONCLAD","items_purchased":["Bag of Marbles","Singing Bowl"],"campfire_rested":0,"item_purchase_floors":[21,31],"current_hp_per_floor":[88,93,93,93,85,85,79,75,82,82,85,85,87,77,77,45,105,89,80,80,80,74,74,74,80,80,92,89,89,89,89,89,0,0],"gold":19,"neow_bonus":"TEN_PERCENT_HP_BONUS","is_daily":false,"chose_seed":false,"campfire_upgraded":6,"win_rate":0.0,"timestamp":1608461758,"path_taken":["M","?","M","M","M","R","M","M","T","R","M","?","M","M","R","BOSS","M","M","?","$","M","R","$","M","T","E","M","?","R","$","R","BOSS"],"items_purchased_type":["Relic","Relic"],"build_version":"2020-12-13","purchased_purges":2,"victory":false,"max_hp_per_floor":[88,93,93,93,93,93,93,93,100,100,100,100,100,100,100,100,105,105,105,105,105,105,105,105,105,105,105,105,105,105,105,105,105,105],"card_choices":[{"not_picked":["Searing Blow","Clash"],"picked":"Sword Boomerang","floor":1},{"not_picked":["Thunderclap","Infernal Blade"],"picked":"Spot Weakness","floor":3},{"not_picked":["Perfected Strike","Havoc"],"picked":"Thunderclap","floor":4},{"not_picked":["Second Wind","Fire Breathing"],"picked":"Twin Strike","floor":5},{"not_picked":["Spot Weakness","Twin Strike"],"picked":"Shrug It Off","floor":7},{"not_picked":["Headbutt","Havoc"],"picked":"Power Through","floor":8},{"not_picked":["Sword Boomerang","Thunderclap"],"picked":"Cleave","floor":11},{"not_picked":["Warcry","Brutality","True Grit"],"picked":"SKIP","floor":13},{"not_picked":["Uppercut","Second Wind","Cleave"],"picked":"SKIP","floor":14},{"not_picked":["Uppercut","Second Wind","Cleave"],"picked":"SKIP","floor":14},{"not_picked":["Disarm","Thunderclap"],"picked":"Body Slam","floor":17},{"not_picked":["Twin Strike+1","Anger","Second Wind"],"picked":"SKIP","floor":18},{"not_picked":["Anger","Headbutt","Clash"],"picked":"SKIP","floor":19},{"not_picked":["Headbutt","Clash+1","Brutality"],"picked":"SKIP","floor":22},{"not_picked":["Intimidate","Perfected Strike","Searing Blow"],"picked":"SKIP","floor":25},{"not_picked":["Perfected Strike","Clothesline"],"picked":"Heavy Blade","floor":27},{"not_picked":["Shrug It Off","Feel No Pain+1"],"picked":"Entrench","floor":28}],"player_experience":147160,"relics_obtained":[{"floor":9,"key":"Strawberry"},{"floor":12,"key":"Regal Pillow"},{"floor":26,"key":"Gambling Chip"},{"floor":27,"key":"Toy Ornithopter"}],"event_choices":[{"damage_healed":0,"gold_gain":0,"player_choice":"Donut","damage_taken":0,"max_hp_gain":5,"max_hp_loss":0,"event_name":"Big Fish","floor":2,"gold_loss":0},{"damage_healed":0,"gold_gain":0,"player_choice":"Simplicity","damage_taken":0,"max_hp_gain":0,"max_hp_loss":0,"event_name":"Back to Basics","floor":20,"gold_loss":0,"cards_upgraded":["Strike_R","Strike_R","Strike_R","Strike_R","Strike_R","Defend_R","Defend_R","Defend_R","Defend_R"]},{"damage_healed":0,"gold_gain":99,"player_choice":"Stole From Cult","damage_taken":0,"max_hp_gain":0,"max_hp_loss":0,"event_name":"Nest","floor":29,"gold_loss":0}],"is_beta":false,"boss_relics":[{"not_picked":["Empty Cage","Astrolabe"],"picked":"Tiny House"}],"items_purged_floors":[21,24],"is_endless":false,"potions_floor_spawned":[1,5,7,11,13,18,19,25],"killed_by":"Automaton","ascension_level":0}}