{"host":"g8sjq9ki9zl67elp","time":1608498688,"event":{"mods":["BaseMod","Colored Map","Highlight Path","Hubris","Infinite Spire","Mimic Mod","Minty Spire (QoL Compilation)","Replay The Spire","StSLib","everything is the same but u backflip on backflip"],"gold_per_floor":[216,216,196,196,70,70,104,122,122,136,36,36,52,70,70,167,167,150,150,150,150,170,170,181,193,193,193,193,193],"floor_reached":28,"playtime":1882,"items_purged":["Strike_P","Strike_P"],"score":295,"play_id":"f7e9c352-7887-4e20-9c57-a210af1326d3","local_time":"20201220131128","is_ascension_mode":true,"campfire_choices":[{"data":"Eruption","floor":6,"key":"SMITH"},{"floor":12,"key":"REST"},{"floor":15,"key":"REST"},{"data":"PathToVictory","floor":23,"key":"SMITH"},{"floor":27,"key":"REST"}],"circlet_count":0,"master_deck":["Defend_P+1","Defend_P","Defend_P","Eruption+1","Vigilance+1","PathToVictory+1","ClearTheMind","Replay:LoomingThreat","EmptyMind","Replay:DivineShield","SashWhip","EmptyFist","Replay:Battleflow"],"relics":["PureWater","hubris:MysteriousPyramids","hubris:Reverence","hubris:RunicObelisk","hubris:Icosahedron","Kunai"],"acts_visited":["Exordium","TheCity"],"potions_floor_usage":[7,16],"damage_taken":[{"damage":1,"enemies":"Small Slimes","floor":1,"turns":3},{"damage":23,"enemies":"3 Sentries","floor":7,"turns":15},{"damage":0,"enemies":"2 Louse","floor":8,"turns":2},{"damage":4,"enemies":"Jaw Worm","floor":10,"turns":2},{"damage":0,"enemies":"Looter","floor":13,"turns":3},{"damage":3,"enemies":"Exordium Thugs","floor":14,"turns":6},{"damage":0,"enemies":"The Guardian","floor":16,"turns":8},{"damage":14,"enemies":"2 Thieves","floor":18,"turns":4},{"damage":0,"enemies":"Chosen","floor":22,"turns":4},{"damage":32,"enemies":"Sentry and Sphere","floor":24,"turns":7},{"damage":5,"enemies":"Snecko","floor":25,"turns":5},{"damage":46,"enemies":"Slavers","floor":28,"turns":3}],"seed_played":"4328619609147016634","potions_obtained":[{"floor":13,"key":"PowerPotion"},{"floor":22,"key":"Swift Potion"}],"is_trial":false,"path_per_floor":["M","?","?","?","$","R","E","M","T","M","$","R","M","M","R","B",null,"M","?","?","?","M","R","M","M","T","R","E"],"character_chosen":"WATCHER","items_purchased":["Explosive Potion"],"campfire_rested":3,"item_purchase_floors":[5],"current_hp_per_floor":[71,57,57,50,50,50,27,27,27,23,23,44,44,41,62,62,72,58,58,58,58,58,58,26,21,21,42,0,0],"gold":193,"neow_bonus":"HUNDRED_GOLD","is_daily":false,"chose_seed":false,"campfire_upgraded":2,"win_rate":0.0,"timestamp":1608498688,"path_taken":["M","?","?","?","$","R","E","M","T","M","$","R","M","M","R","BOSS","M","?","?","?","M","R","?","M","T","R","E"],"items_purchased_type":["Potion"],"build_version":"2020-12-13","purchased_purges":2,"victory":false,"max_hp_per_floor":[72,72,72,72,72,72,72,72,72,72,72,72,72,72,72,72,72,72,72,72,72,72,72,72,72,72,72,72,72],"card_choices":[{"not_picked":["JustLucky","Evaluate","Collect"],"picked":"SKIP","floor":1},{"not_picked":["Perseverance","CutThroughFate"],"picked":"PathToVictory","floor":7},{"not_picked":["Pray","BowlingBash","Replay:Hum"],"picked":"SKIP","floor":8},{"not_picked":["WheelKick","Replay:AtTheReady","Evaluate"],"picked":"SKIP","floor":10},{"not_picked":["Replay:Anticipation","ThirdEye"],"picked":"ClearTheMind","floor":13},{"not_picked":["Worship","Protect","Alpha"],"picked":"SKIP","floor":14},{"not_picked":["Devotion","Brilliance"],"picked":"Replay:LoomingThreat","floor":16},{"not_picked":["FlurryOfBlows+1","Replay:BluntJabs"],"picked":"EmptyMind","floor":18},{"not_picked":["JustLucky","Evaluate","Halt"],"picked":"SKIP","floor":22},{"not_picked":["Replay:Cycle+1","Replay:DivineShield+1"],"picked":"Replay:Battleflow","floor":24},{"not_picked":["Pray+1","Prostrate","Protect+1"],"picked":"SKIP","floor":25}],"player_experience":171155,"relics_obtained":[{"floor":7,"key":"hubris:MysteriousPyramids"},{"floor":9,"key":"hubris:Reverence"},{"floor":26,"key":"Kunai"}],"event_choices":[{"damage_healed":0,"gold_gain":0,"player_choice":"Entered Light","damage_taken":14,"max_hp_gain":0,"max_hp_loss":0,"event_name":"Shining Light","floor":2,"gold_loss":0,"cards_upgraded":["Vigilance","Defend_P"]},{"damage_healed":0,"gold_gain":0,"player_choice":"Left Gold","damage_taken":0,"max_hp_gain":0,"max_hp_loss":0,"event_name":"World of Goop","floor":3,"gold_loss":20},{"cards_removed":["Strike_P"],"damage_healed":0,"gold_gain":0,"player_choice":"Card Removal","damage_taken":7,"max_hp_gain":0,"max_hp_loss":0,"event_name":"Golden Wing","floor":4,"gold_loss":0},{"damage_healed":0,"gold_gain":0,"cards_transformed":["Strike_P","Defend_P"],"player_choice":"Became Test Subject","damage_taken":0,"max_hp_gain":0,"max_hp_loss":0,"event_name":"Drug Dealer","floor":19,"gold_loss":0,"cards_obtained":["Replay:DivineShield","SashWhip"]},{"damage_healed":0,"gold_gain":0,"player_choice":"Read","damage_taken":0,"max_hp_gain":0,"max_hp_loss":0,"event_name":"The Library","floor":21,"gold_loss":0,"cards_obtained":["EmptyFist"]}],"is_beta":false,"boss_relics":[{"not_picked":["ReplayTheSpireMod:DimensionalGlitch","hubris:BlackHole"],"picked":"hubris:RunicObelisk"}],"items_purged_floors":[5,11],"is_endless":false,"potions_floor_spawned":[13,22],"killed_by":"Slavers","ascension_level":2}}