{"host":"zdznbz1vk7bo8bwe","time":1608439958,"event":{"mods":["Act Like it!","Aspiration","BaseMod","Better-Laid Plans","Block Reminder","Conspire","Custom Start","Defuse TimeMaze Blight","Ekko","Elementarium","Energized Spire","Gensokyo","Hubris","Infinite Spire","Jedi Mod","Jorbs\u0027s Wanderer Trilogy","Lobotomy","Menagerie","Minty Spire (QoL Compilation)","Rare Cards Sparkle","Replay The Spire","StSLib","The Animator","The Bug Knight","The Cursed","The Factory","The Jungle","The Vixen","Transform Curses","vexMod"],"gold_per_floor":[110,123,123,123,140,140,158,158,158,158,174,186,201,211,211,313,313,344,344,375,103,103,103,122,122,197,247,279,297,338,338,338,437,437,454,480,480,530,543,543,562,562,585,620,635,635,650,661,661,661],"floor_reached":51,"playtime":3384,"items_purged":["ekkoTheBoyWhoShatteredTime:NaggingBlow"],"score":715,"play_id":"84476bdd-ddc1-4d1d-8e96-e36ddb9c9286","local_time":"20201219205238","daily_mods":["SealedDeck","Heirloom","Lethality"],"is_ascension_mode":false,"campfire_choices":[{"data":"ekkoTheBoyWhoShatteredTime:PhaseDive","floor":6.0,"key":"SMITH"},{"data":"ekkoTheBoyWhoShatteredTime:TimeRecall","floor":8.0,"key":"SMITH"},{"data":"ekkoTheBoyWhoShatteredTime:TimeRecall","floor":10.0,"key":"SMITH"},{"data":"ekkoTheBoyWhoShatteredTime:PhaseDive","floor":15.0,"key":"SMITH"},{"data":"ekkoTheBoyWhoShatteredTime:Disturblast","floor":23.0,"key":"SMITH"},{"data":"ekkoTheBoyWhoShatteredTime:PhaseDive","floor":32.0,"key":"SMITH"},{"data":"ReplayTheSpireMod:Echoes of Time","floor":40,"key":"SMITH"},{"data":"ekkoTheBoyWhoShatteredTime:Dash","floor":49,"key":"SMITH"}],"circlet_count":0,"master_deck":["ekkoTheBoyWhoShatteredTime:WideSlice","ekkoTheBoyWhoShatteredTime:TimeRecall","ekkoTheBoyWhoShatteredTime:TimeRecall+1","ekkoTheBoyWhoShatteredTime:Greed","ekkoTheBoyWhoShatteredTime:TimeRecall+1","ekkoTheBoyWhoShatteredTime:HextechProtobelt","ekkoTheBoyWhoShatteredTime:Disturblast+1","ekkoTheBoyWhoShatteredTime:PhaseDive+1","ekkoTheBoyWhoShatteredTime:HauntingGuise","ekkoTheBoyWhoShatteredTime:Acceleration","ekkoTheBoyWhoShatteredTime:Dash+1","ekkoTheBoyWhoShatteredTime:PhaseDive+1","ekkoTheBoyWhoShatteredTime:TimeRecall","ekkoTheBoyWhoShatteredTime:GrandeFinale","ekkoTheBoyWhoShatteredTime:PhaseDive+1","ekkoTheBoyWhoShatteredTime:NeedlesslyLargeRod","ekkoTheBoyWhoShatteredTime:NeedlesslyLargeRod+1","ekkoTheBoyWhoShatteredTime:Powered","ekkoTheBoyWhoShatteredTime:HextechProtobelt+1","ekkoTheBoyWhoShatteredTime:TimeRecall","ReplayTheSpireMod:Echoes of Time+1","ekkoTheBoyWhoShatteredTime:Discharge+1","ekkoTheBoyWhoShatteredTime:HextechProtobelt+1","ekkoTheBoyWhoShatteredTime:CommittedStrike+1","ekkoTheBoyWhoShatteredTime:NeedlesslyLargeRod+1","ekkoTheBoyWhoShatteredTime:PhaseDive+1","ekkoTheBoyWhoShatteredTime:PulsefirePooling","infinitespire:Collect","ekkoTheBoyWhoShatteredTime:Dash"],"relics":["ekkoTheBoyWhoShatteredTime:zDriveResonance","replay:Trail_Library","hubris:Spice","infinitespire:ShieldingShard","Sozu","HandDrill","Molten Egg 2","Philosopher\u0027s Stone","aspiration:SeaSaltIceCream","aspiration:Nostalgia","animator:PurgingStone","Blood Vial","hubris:KleinBottle","Happy Flower","Anchor","Frozen Egg 2","Elementarium:ElementariumTrophy","Coffee Dripper","Replay:Rubber Ducky","vexMod:CardConverter","Boot"],"acts_visited":["Menagerie:Menagerie","Elementarium:Elementarium","TheBeyond"],"potions_floor_usage":[],"damage_taken":[{"damage":6.0,"enemies":"Menagerie:MonstrousExperiment","floor":1.0,"turns":1.0},{"damage":0.0,"enemies":"Menagerie:StygianBoar","floor":2.0,"turns":1.0},{"damage":3.0,"enemies":"Menagerie:WhisperingWraith","floor":5.0,"turns":1.0},{"damage":0.0,"enemies":"Menagerie:3_RABBITS","floor":7.0,"turns":1.0},{"damage":0.0,"enemies":"Menagerie:KEEPER_AND_YOUNG_SUNEATER","floor":11.0,"turns":2.0},{"damage":0.0,"enemies":"Menagerie:RedMage","floor":12.0,"turns":1.0},{"damage":0.0,"enemies":"Menagerie:MENAGERIE_WILDLIFE","floor":13.0,"turns":1.0},{"damage":0.0,"enemies":"Menagerie:EntropyWarlock","floor":14.0,"turns":1.0},{"damage":0.0,"enemies":"Menagerie:Suneater","floor":16.0,"turns":1.0},{"damage":0.0,"enemies":"Elementarium:2_ELEMENTALS","floor":18.0,"turns":1.0},{"damage":0.0,"enemies":"Elementarium:MUD_AND_TAR_GOLEMS","floor":20.0,"turns":1.0},{"damage":0.0,"enemies":"Elementarium:VoidBeast","floor":24.0,"turns":1.0},{"damage":8.0,"enemies":"Elementarium:Hydrostalker","floor":28.0,"turns":2.0},{"damage":0.0,"enemies":"Elementarium:VOID_CORRUPTION_AND_ORB_OF_FIRE","floor":29.0,"turns":1.0},{"damage":0.0,"enemies":"Elementarium:WarGolem","floor":30.0,"turns":1.0},{"damage":0.0,"enemies":"Elementarium:PHOENIXES","floor":33.0,"turns":2.0},{"damage":0.0,"enemies":"3 Shapes","floor":35.0,"turns":1.0},{"damage":0.0,"enemies":"Mind Bloom Boss Battle","floor":38.0,"turns":2.0},{"damage":0,"enemies":"3 Darklings","floor":39,"turns":1},{"damage":0,"enemies":"Sphere and 2 Shapes","floor":41,"turns":1},{"damage":0,"enemies":"Maw","floor":44,"turns":1},{"damage":0,"enemies":"Jaw Worm Horde","floor":45,"turns":1},{"damage":0,"enemies":"3 Darklings","floor":47,"turns":1},{"damage":0,"enemies":"4 Shapes","floor":48,"turns":1},{"damage":0,"enemies":"Replay:Hell Engine","floor":50,"turns":1}],"seed_played":"2182410698568037202","potions_obtained":[{"floor":1.0,"key":"jedi:StrikingPotion"},{"floor":2.0,"key":"LiquidMemories"},{"floor":11.0,"key":"jedi:wingpotion"},{"floor":12.0,"key":"FearPotion"}],"is_trial":true,"path_per_floor":["M","M","?","?","M","R","M","R","T","R","M","M","M","M","R","B",null,"M","?","M","$","?","R","M","AVR","T","?","M","M","E","$","R","B",null,"M","T","?","?","M","R","M","$","T","M","M","?","M","M","R","B",null],"character_chosen":"EKKO_THE_BOY_WHO_SHATTERED_TIME","items_purchased":["ekkoTheBoyWhoShatteredTime:NeedlesslyLargeRod","HandDrill","hubris:KleinBottle","Happy Flower","Anchor","Frozen Egg 2"],"campfire_rested":0,"item_purchase_floors":[21,21,31,31,31,31],"current_hp_per_floor":[80,80,80,80,77,77,77,77,77,77,77,77,77,77,77,77,86,86,86,86,86,70,70,70,70,70,70,65,65,68,13,13,15,91,91,91,91,93,95,95,95,95,95,95,97,75,77,81,81,83],"gold":661,"neow_bonus":"","is_daily":false,"chose_seed":false,"campfire_upgraded":8,"win_rate":0.0,"timestamp":1608439958,"path_taken":["M","M","?","?","M","R","?","R","T","R","?","M","M","M","R","BOSS","M","?","M","$","?","R","M","AVR","T","?","M","M","E","?","R","BOSS","M","?","?","?","M","R","?","$","T","M","M","?","M","M","R","BOSS"],"items_purchased_type":["Card","Relic","Relic","Relic","Relic","Relic"],"build_version":"2020-12-13","purchased_purges":1,"victory":true,"max_hp_per_floor":[86,86,86,86,86,86,86,86,86,86,86,86,86,86,86,86,86,86,86,86,86,91,91,91,91,91,91,91,91,91,91,91,91,91,91,91,91,93,95,95,95,95,95,95,97,99,99,101,101,101],"card_choices":[{"not_picked":["ekkoTheBoyWhoShatteredTime:NashorsTooth","ekkoTheBoyWhoShatteredTime:Leap"],"picked":"ekkoTheBoyWhoShatteredTime:HauntingGuise","floor":1.0},{"not_picked":["ekkoTheBoyWhoShatteredTime:Overflow","ekkoTheBoyWhoShatteredTime:Leap","ekkoTheBoyWhoShatteredTime:CommittedStrike"],"picked":"SKIP","floor":2.0},{"not_picked":["ekkoTheBoyWhoShatteredTime:SneakHit","ekkoTheBoyWhoShatteredTime:SpHit","ekkoTheBoyWhoShatteredTime:WaitForKeyTiming"],"picked":"SKIP","floor":5.0},{"not_picked":["ekkoTheBoyWhoShatteredTime:CommittedStrike","ekkoTheBoyWhoShatteredTime:GuinsoosRageblade","ekkoTheBoyWhoShatteredTime:AfterimageHit"],"picked":"SKIP","floor":7.0},{"not_picked":["ekkoTheBoyWhoShatteredTime:WaitForKeyTiming","ekkoTheBoyWhoShatteredTime:CommittedStrike"],"picked":"ekkoTheBoyWhoShatteredTime:Dash","floor":11.0},{"not_picked":["ekkoTheBoyWhoShatteredTime:Dash","ekkoTheBoyWhoShatteredTime:Leap"],"picked":"ekkoTheBoyWhoShatteredTime:PhaseDive","floor":12.0},{"not_picked":["ekkoTheBoyWhoShatteredTime:LichBane","ekkoTheBoyWhoShatteredTime:HauntingGuise"],"picked":"ekkoTheBoyWhoShatteredTime:TimeRecall","floor":13.0},{"not_picked":["ekkoTheBoyWhoShatteredTime:AfterimageHit","ekkoTheBoyWhoShatteredTime:QuickBreak","ekkoTheBoyWhoShatteredTime:FeelIt"],"picked":"SKIP","floor":14.0},{"not_picked":["ekkoTheBoyWhoShatteredTime:Discharge","ekkoTheBoyWhoShatteredTime:PulsefirePooling"],"picked":"ekkoTheBoyWhoShatteredTime:GrandeFinale","floor":16.0},{"not_picked":["ekkoTheBoyWhoShatteredTime:AfterimageBait","ekkoTheBoyWhoShatteredTime:WaitForKeyTiming"],"picked":"ekkoTheBoyWhoShatteredTime:PhaseDive","floor":18.0},{"not_picked":["ekkoTheBoyWhoShatteredTime:SpHit","ekkoTheBoyWhoShatteredTime:DelayedWork","ekkoTheBoyWhoShatteredTime:WaitForKeyTiming"],"picked":"SKIP","floor":20.0},{"not_picked":["ekkoTheBoyWhoShatteredTime:LevelUp","ekkoTheBoyWhoShatteredTime:QuickBreak"],"picked":"ekkoTheBoyWhoShatteredTime:NeedlesslyLargeRod+1","floor":24.0},{"not_picked":["ekkoTheBoyWhoShatteredTime:Periocharge","ekkoTheBoyWhoShatteredTime:HauntedAfterimage+1"],"picked":"ekkoTheBoyWhoShatteredTime:HextechProtobelt+1","floor":28.0},{"not_picked":["ekkoTheBoyWhoShatteredTime:Dash","ekkoTheBoyWhoShatteredTime:DuplicateTimelines","ekkoTheBoyWhoShatteredTime:FeelIt+1"],"picked":"SKIP","floor":29.0},{"not_picked":["ekkoTheBoyWhoShatteredTime:AfterimageBait","ekkoTheBoyWhoShatteredTime:Overflow"],"picked":"ekkoTheBoyWhoShatteredTime:TimeRecall","floor":30.0},{"not_picked":["hubris:InfiniteBlow","infinitespire:FutureSight"],"picked":"ReplayTheSpireMod:Echoes of Time","floor":31.0},{"not_picked":["ekkoTheBoyWhoShatteredTime:Chronobreak+1","ekkoTheBoyWhoShatteredTime:Periocharge+1"],"picked":"ekkoTheBoyWhoShatteredTime:Discharge+1","floor":33.0},{"not_picked":["ekkoTheBoyWhoShatteredTime:HauntedAfterimage+1","ekkoTheBoyWhoShatteredTime:QuickBreak+1"],"picked":"ekkoTheBoyWhoShatteredTime:HextechProtobelt+1","floor":35.0},{"not_picked":["ekkoTheBoyWhoShatteredTime:FeelIt+1","ekkoTheBoyWhoShatteredTime:SpHit+1"],"picked":"ekkoTheBoyWhoShatteredTime:NeedlesslyLargeRod+1","floor":38.0},{"not_picked":["ekkoTheBoyWhoShatteredTime:Dash","ekkoTheBoyWhoShatteredTime:AfterimageSetup+1"],"picked":"ekkoTheBoyWhoShatteredTime:PhaseDive+1","floor":39},{"not_picked":["ekkoTheBoyWhoShatteredTime:HauntedAfterimage+1","ekkoTheBoyWhoShatteredTime:Dash","ekkoTheBoyWhoShatteredTime:AfterimageBait"],"picked":"SKIP","floor":41},{"not_picked":["ekkoTheBoyWhoShatteredTime:Backtrack+1","ekkoTheBoyWhoShatteredTime:AfterimageTease+1","ekkoTheBoyWhoShatteredTime:FeelIt+1"],"picked":"SKIP","floor":44},{"not_picked":["ekkoTheBoyWhoShatteredTime:PlayTheBeat+1","ekkoTheBoyWhoShatteredTime:Acceleration+1"],"picked":"ekkoTheBoyWhoShatteredTime:PulsefirePooling","floor":45},{"not_picked":["hubris:Fate","infinitespire:Starlight"],"picked":"infinitespire:Collect","floor":46},{"not_picked":["ekkoTheBoyWhoShatteredTime:IcebornGauntlet+1","ekkoTheBoyWhoShatteredTime:DelayedWork+1","ekkoTheBoyWhoShatteredTime:NaggingBlow+1"],"picked":"SKIP","floor":47},{"not_picked":["ekkoTheBoyWhoShatteredTime:IceBreak+1","ekkoTheBoyWhoShatteredTime:HauntingGuise+1"],"picked":"ekkoTheBoyWhoShatteredTime:Dash","floor":48}],"player_experience":5657,"relics_obtained":[{"floor":9.0,"key":"infinitespire:ShieldingShard"},{"floor":26.0,"key":"aspiration:SeaSaltIceCream"},{"floor":30.0,"key":"Blood Vial"},{"floor":36.0,"key":"Replay:Rubber Ducky"},{"floor":38.0,"key":"vexMod:CardConverter"},{"floor":43,"key":"Boot"}],"event_choices":[{"cards_removed":["ekkoTheBoyWhoShatteredTime:CommittedStrike"],"damage_healed":0.0,"max_hp_gain":0.0,"max_hp_loss":0.0,"gold_gain":0.0,"event_name":"Menagerie:ThreeAnimals","player_choice":"Snake","floor":3.0,"gold_loss":0.0,"damage_taken":0.0},{"damage_healed":0.0,"max_hp_gain":0.0,"max_hp_loss":0.0,"gold_gain":0.0,"event_name":"Menagerie:BeastSpiritShrine","player_choice":"Ignored","floor":4.0,"gold_loss":0.0,"damage_taken":0.0},{"damage_healed":0.0,"max_hp_gain":5.0,"max_hp_loss":0.0,"gold_gain":0.0,"event_name":"Elementarium:RadiantAltar","player_choice":"Sacrifice","floor":22.0,"gold_loss":0.0,"damage_taken":21.0},{"damage_healed":0.0,"max_hp_gain":0.0,"max_hp_loss":0.0,"gold_gain":50.0,"event_name":"Elementarium:StickySituation","player_choice":"Take","floor":27.0,"gold_loss":0.0,"damage_taken":0.0},{"damage_healed":0.0,"max_hp_gain":0.0,"max_hp_loss":0.0,"gold_gain":0.0,"event_name":"MindBloom","player_choice":"Fight","floor":38.0,"gold_loss":0.0,"damage_taken":0.0}],"is_beta":false,"boss_relics":[{"not_picked":["hubris:VirtuousBlindfold","hubris:Spice"],"picked":"Sozu"},{"not_picked":["Runic Dome","Ring of Chaos"],"picked":"Coffee Dripper"}],"items_purged_floors":[21],"is_endless":false,"potions_floor_spawned":[1,2,11,12,14,18,20,24,35,41,47,48],"ascension_level":0}}