{"host":"fne7yx97fnz7kq05","time":1608501296,"event":{"mods":["BaseMod","Colored Map","Colored Powertips","Highlight Path","Minty Spire (QoL Compilation)","Relic Stats"],"gold_per_floor":[111,182,182,199,68,68,94,123,162,249,261,198,244,282,294,377,389,389,193,193,193,193,193,193,193,193,193,165,165,165,165,165,165,165,165,103,103,103,103,103,103,103,103,23,23,23,23,23,23,23,23],"floor_reached":50,"playtime":2157,"items_purged":["Pain"],"score":1019,"play_id":"4399e8c1-7acf-4751-b296-7c5671af7b66","local_time":"20201220155456","is_ascension_mode":true,"campfire_choices":[{"data":"Clothesline","floor":6.0,"key":"SMITH"},{"data":"Inflame","floor":11.0,"key":"SMITH"},{"data":"Perfected Strike","floor":15.0,"key":"SMITH"},{"data":"RitualDagger","floor":23.0,"key":"SMITH"},{"data":"Immolate","floor":25.0,"key":"SMITH"},{"floor":32.0,"key":"REST"},{"floor":40,"key":"REST"},{"floor":47,"key":"RECALL"},{"floor":49,"key":"REST"}],"circlet_count":0,"master_deck":["AscendersBane","Strike_R","Strike_R","Strike_R","Strike_R+1","Defend_R","Defend_R","Defend_R+1","Defend_R+1","Bash+1","Clothesline+1","Perfected Strike","Inflame+1","Perfected Strike+1","Immolate+1","True Grit","Anger+1","RitualDagger+1","Shrug It Off","Ghostly Armor+1","Pommel Strike","Inflame+1","Dark Embrace","Burning Pact","PanicButton","Secret Weapon","Enlightenment","Heavy Blade+1","Heavy Blade+1","Flex"],"relics":["Burning Blood","NeowsBlessing","WarpedTongs","MawBank","Whetstone","Matryoshka","Bronze Scales","MealTicket","Ectoplasm","Membership Card","Boot","War Paint","Centennial Puzzle","Runic Pyramid","Du-Vu Doll","Bottled Flame","Nunchaku","OrangePellets","Pocketwatch"],"acts_visited":["Exordium","TheCity","TheBeyond"],"potions_floor_usage":[50],"damage_taken":[{"damage":0.0,"enemies":"Jaw Worm","floor":1.0,"turns":1.0},{"damage":0.0,"enemies":"Cultist","floor":4.0,"turns":1.0},{"damage":0.0,"enemies":"3 Sentries","floor":7.0,"turns":2.0},{"damage":0.0,"enemies":"2 Louse","floor":8.0,"turns":2.0},{"damage":14.0,"enemies":"Lagavulin","floor":13.0,"turns":5.0},{"damage":39.0,"enemies":"The Guardian","floor":16.0,"turns":8.0},{"damage":1.0,"enemies":"3 Byrds","floor":18.0,"turns":2.0},{"damage":7.0,"enemies":"Chosen","floor":20.0,"turns":3.0},{"damage":3.0,"enemies":"Sentry and Sphere","floor":21.0,"turns":3.0},{"damage":18.0,"enemies":"Gremlin Leader","floor":24.0,"turns":7.0},{"damage":33.0,"enemies":"Book of Stabbing","floor":27.0,"turns":4.0},{"damage":7.0,"enemies":"Centurion and Healer","floor":29.0,"turns":5.0},{"damage":10.0,"enemies":"Snake Plant","floor":30.0,"turns":5.0},{"damage":7.0,"enemies":"Chosen and Byrds","floor":31.0,"turns":4.0},{"damage":57.0,"enemies":"Collector","floor":33.0,"turns":8.0},{"damage":33,"enemies":"3 Darklings","floor":35,"turns":3},{"damage":1,"enemies":"Mind Bloom Boss Battle","floor":39,"turns":5},{"damage":45,"enemies":"Giant Head","floor":41,"turns":7},{"damage":0,"enemies":"3 Shapes","floor":42,"turns":3},{"damage":11,"enemies":"2 Orb Walkers","floor":45,"turns":3},{"damage":16,"enemies":"Jaw Worm Horde","floor":46,"turns":2},{"damage":0,"enemies":"Transient","floor":48,"turns":5},{"damage":59,"enemies":"Awakened One","floor":50,"turns":7}],"seed_played":"8463747143609926042","potions_obtained":[{"floor":4.0,"key":"CultistPotion"},{"floor":18.0,"key":"BlessingOfTheForge"},{"floor":27.0,"key":"Swift Potion"},{"floor":30.0,"key":"AttackPotion"},{"floor":33.0,"key":"Dexterity Potion"},{"floor":45,"key":"ElixirPotion"},{"floor":48,"key":"LiquidBronze"}],"is_trial":false,"path_per_floor":["M","?","?","M","$","R","E","M","T","?","R","?","E","T","R","B",null,"M","$","M","M","?","R","E","R","T","E","$","M","M","M","R","B",null,"M","$","?","?","?","R","E","M","T","$","?","M","R","M","R","B"],"character_chosen":"IRONCLAD","items_purchased":["Weak Potion","Membership Card","True Grit","Shrug It Off","Dark Embrace","Burning Pact","OrangePellets"],"campfire_rested":3,"item_purchase_floors":[5,19,19,28,36,36,44],"current_hp_per_floor":[74,74,74,75,75,75,75,75,75,64,64,64,56,56,56,23,62,67,75,74,75,69,69,57,57,57,30,45,44,40,39,61,10,59,32,47,47,37,42,63,24,30,30,45,40,30,30,36,57,0,0],"gold":23,"neow_bonus":"THREE_ENEMY_KILL","is_daily":false,"chose_seed":false,"campfire_upgraded":5,"win_rate":0.0,"timestamp":1608501296,"path_taken":["M","?","?","?","$","R","E","M","T","?","R","?","E","?","R","BOSS","M","$","M","M","?","R","E","R","T","E","$","M","M","M","R","BOSS","M","$","?","?","?","R","E","M","T","$","?","M","R","M","R","BOSS"],"items_purchased_type":["Potion","Relic","Card","Card","Card","Card","Relic"],"build_version":"2020-12-13","purchased_purges":1,"victory":false,"max_hp_per_floor":[75,75,75,75,75,75,75,75,75,75,75,75,75,75,75,75,75,75,75,75,75,75,75,75,75,75,75,75,75,75,75,75,75,75,75,75,71,71,71,71,71,71,71,71,71,71,71,71,71,71,71],"relic_stats":{"counters":[23,95],"Whetstone":["Bash","Strike_R"],"War Paint":["Defend_R","Defend_R"],"MawBank":120,"Boot":[8],"Burning Blood":113,"WarpedTongs":[89],"OrangePellets":[0],"Centennial Puzzle":[30],"Nunchaku":[3],"Bronze Scales":[252],"MealTicket":53,"Ectoplasm":541,"obtain_stats":[{"NeowsBlessing":0,"Whetstone":9,"War Paint":26,"MawBank":7,"Boot":24,"Burning Blood":0,"WarpedTongs":3,"Du-Vu Doll":39,"OrangePellets":44,"Centennial Puzzle":27,"Bottled Flame":41,"Nunchaku":43,"Matryoshka":13,"Bronze Scales":14,"MealTicket":14,"Ectoplasm":17,"Membership Card":19,"Runic Pyramid":34,"Pocketwatch":45},{"NeowsBlessing":0,"Whetstone":4,"War Paint":10,"MawBank":3,"Boot":10,"Burning Blood":0,"WarpedTongs":1,"Du-Vu Doll":17,"OrangePellets":19,"Centennial Puzzle":11,"Bottled Flame":18,"Nunchaku":19,"Matryoshka":5,"Bronze Scales":5,"MealTicket":5,"Ectoplasm":6,"Membership Card":7,"Runic Pyramid":15,"Pocketwatch":20},{"NeowsBlessing":0,"Whetstone":6,"War Paint":34,"MawBank":4,"Boot":34,"Burning Blood":0,"WarpedTongs":1,"Du-Vu Doll":68,"OrangePellets":78,"Centennial Puzzle":38,"Bottled Flame":75,"Nunchaku":78,"Matryoshka":11,"Bronze Scales":11,"MealTicket":11,"Ectoplasm":19,"Membership Card":21,"Runic Pyramid":60,"Pocketwatch":81}],"Pocketwatch":[3]},"card_choices":[{"not_picked":["Warcry","Havoc"],"picked":"Clothesline","floor":1.0},{"not_picked":["Sentinel","Clash","Iron Wave"],"picked":"SKIP","floor":4.0},{"not_picked":["Clash","Intimidate"],"picked":"Perfected Strike","floor":7.0},{"not_picked":["Wild Strike","Havoc"],"picked":"Inflame","floor":8.0},{"not_picked":["Barricade","Body Slam"],"picked":"Perfected Strike","floor":13.0},{"not_picked":["Bludgeon","Reaper"],"picked":"Immolate","floor":16.0},{"not_picked":["Thunderclap","Hemokinesis","Second Wind"],"picked":"SKIP","floor":18.0},{"not_picked":["Thunderclap","Anger","Flex+1"],"picked":"SKIP","floor":20.0},{"not_picked":["Entrench","Thunderclap"],"picked":"Anger+1","floor":21.0},{"not_picked":["Anger+1","Infernal Blade","Pummel"],"picked":"SKIP","floor":24.0},{"not_picked":["Clothesline","Flame Barrier","Flex"],"picked":"SKIP","floor":27.0},{"not_picked":["Anger","Twin Strike"],"picked":"Ghostly Armor+1","floor":29.0},{"not_picked":["Armaments","Bloodletting+1","Headbutt+1"],"picked":"SKIP","floor":30.0},{"not_picked":["Whirlwind","Iron Wave"],"picked":"Pommel Strike","floor":31.0},{"not_picked":["Thunderclap","Clash+1"],"picked":"Inflame+1","floor":35},{"not_picked":["Master of Strategy","Transmutation"],"picked":"PanicButton","floor":38},{"not_picked":["Forethought","Panache"],"picked":"Secret Weapon","floor":38},{"not_picked":["Violence","Madness"],"picked":"Enlightenment","floor":38},{"not_picked":["Dropkick","Inflame+1","Infernal Blade"],"picked":"SKIP","floor":41},{"not_picked":["Iron Wave","Reckless Charge"],"picked":"Heavy Blade+1","floor":42},{"not_picked":["Body Slam","Twin Strike"],"picked":"Heavy Blade+1","floor":45},{"not_picked":["Pommel Strike","Heavy Blade","Infernal Blade"],"picked":"SKIP","floor":46},{"not_picked":["Whirlwind","Pummel"],"picked":"Flex","floor":48}],"player_experience":92557,"relics_obtained":[{"floor":7.0,"key":"MawBank"},{"floor":9.0,"key":"Whetstone"},{"floor":13.0,"key":"Matryoshka"},{"floor":14.0,"key":"Bronze Scales"},{"floor":14.0,"key":"MealTicket"},{"floor":24.0,"key":"Boot"},{"floor":26.0,"key":"War Paint"},{"floor":27.0,"key":"Centennial Puzzle"},{"floor":39,"key":"Du-Vu Doll"},{"floor":41,"key":"Bottled Flame"},{"floor":43,"key":"Nunchaku"},{"floor":45,"key":"Pocketwatch"}],"event_choices":[{"damage_healed":0.0,"max_hp_gain":0.0,"max_hp_loss":0.0,"gold_gain":71.0,"event_name":"Golden Wing","player_choice":"Gained Gold","floor":2.0,"gold_loss":0.0,"damage_taken":0.0},{"damage_healed":0.0,"max_hp_gain":0.0,"max_hp_loss":0.0,"gold_gain":0.0,"event_name":"Accursed Blacksmith","player_choice":"Rummage","floor":3.0,"gold_loss":0.0,"damage_taken":0.0,"relics_obtained":["WarpedTongs"],"cards_obtained":["Pain"]},{"damage_healed":0.0,"max_hp_gain":0.0,"max_hp_loss":0.0,"gold_gain":75.0,"event_name":"World of Goop","player_choice":"Gather Gold","floor":10.0,"gold_loss":0.0,"damage_taken":11.0},{"cards_removed":["Strike_R"],"damage_healed":0.0,"max_hp_gain":0.0,"max_hp_loss":0.0,"gold_gain":0.0,"event_name":"The Cleric","player_choice":"Card Removal","floor":12.0,"gold_loss":75.0,"damage_taken":0.0},{"damage_healed":0.0,"max_hp_gain":0.0,"max_hp_loss":0.0,"gold_gain":0.0,"event_name":"Nest","player_choice":"Joined the Cult","floor":22.0,"gold_loss":0.0,"damage_taken":6.0,"cards_obtained":["RitualDagger"]},{"damage_healed":0,"gold_gain":0,"player_choice":"Max HP","damage_taken":0,"max_hp_gain":0,"max_hp_loss":4,"event_name":"Winding Halls","floor":37,"gold_loss":0},{"damage_healed":0,"gold_gain":0,"player_choice":"Memory 3","damage_taken":10,"max_hp_gain":0,"max_hp_loss":0,"event_name":"SensoryStone","floor":38,"gold_loss":0},{"damage_healed":0,"gold_gain":0,"player_choice":"Fight","damage_taken":0,"max_hp_gain":0,"max_hp_loss":0,"event_name":"MindBloom","floor":39,"gold_loss":0},{"damage_healed":0,"gold_gain":0,"player_choice":"Fight","damage_taken":0,"max_hp_gain":0,"max_hp_loss":0,"event_name":"Mysterious Sphere","floor":45,"gold_loss":0}],"is_beta":false,"boss_relics":[{"not_picked":["Philosopher\u0027s Stone","SacredBark"],"picked":"Ectoplasm"},{"not_picked":["Sozu","Black Star"],"picked":"Runic Pyramid"}],"items_purged_floors":[5],"is_endless":false,"potions_floor_spawned":[4,18,27,30,33,35,45,48],"killed_by":"Awakened One","ascension_level":16}}