{"host":"qhn6g0owdgjb77rz","time":1608474500,"event":{"mods":["BaseMod","Colored Map","Minty Spire (QoL Compilation)","Relic Sorter","StSLib"],"gold_per_floor":[12,12,22,35,48,48,67,102,402,402,402],"floor_reached":10,"playtime":374,"items_purged":[],"score":116,"play_id":"11b785b3-e6c1-42b9-98dd-bf784570e6ec","local_time":"20201220232820","is_ascension_mode":true,"campfire_choices":[{"data":"Mayhem","floor":6,"key":"SMITH"}],"circlet_count":0,"master_deck":["AscendersBane","Strike_R","Strike_R","Strike_R","Strike_R","Defend_R","Defend_R","Defend_R","Defend_R","Bash","Mayhem+1","Cleave","Clothesline","Metallicize","Berserk"],"relics":["Burning Blood","Bottled Tornado","Old Coin"],"acts_visited":["Exordium"],"potions_floor_usage":[7,10],"damage_taken":[{"damage":18,"enemies":"Jaw Worm","floor":1,"turns":5},{"damage":1,"enemies":"Cultist","floor":3,"turns":4},{"damage":2,"enemies":"2 Louse","floor":4,"turns":3},{"damage":12,"enemies":"Looter","floor":5,"turns":3},{"damage":29,"enemies":"Gremlin Gang","floor":7,"turns":5},{"damage":18,"enemies":"Lagavulin","floor":8,"turns":8},{"damage":30,"enemies":"3 Sentries","floor":10,"turns":2}],"seed_played":"-139877299195377165","potions_obtained":[{"floor":1,"key":"Block Potion"},{"floor":8,"key":"Swift Potion"}],"is_trial":false,"path_per_floor":["M","?","M","M","M","R","M","E","T","E"],"character_chosen":"IRONCLAD","items_purchased":[],"campfire_rested":0,"item_purchase_floors":[],"current_hp_per_floor":[60,60,65,69,63,63,40,28,28,0,0],"gold":402,"neow_bonus":"RANDOM_COLORLESS_2","is_daily":false,"chose_seed":false,"campfire_upgraded":1,"win_rate":0.0,"timestamp":1608474500,"path_taken":["M","?","M","?","M","R","M","E","T","E"],"items_purchased_type":[],"build_version":"2020-12-13","purchased_purges":0,"victory":false,"max_hp_per_floor":[80,80,80,80,80,80,80,80,80,80,80],"card_choices":[{"not_picked":["Chrysalis","Master of Strategy"],"picked":"Mayhem","floor":0},{"not_picked":["Clash","Anger","Iron Wave"],"picked":"SKIP","floor":1},{"not_picked":["Rupture","Sentinel"],"picked":"Cleave","floor":3},{"not_picked":["Feel No Pain","Sever Soul","Anger"],"picked":"SKIP","floor":4},{"not_picked":["Body Slam","Iron Wave"],"picked":"Clothesline","floor":5},{"not_picked":["Intimidate","Clash"],"picked":"Metallicize","floor":7},{"not_picked":["Anger","Armaments"],"picked":"Berserk","floor":8}],"player_experience":379485,"relics_obtained":[{"floor":8,"key":"Bottled Tornado"},{"floor":9,"key":"Old Coin"}],"event_choices":[{"cards_removed":["Strike_R"],"damage_healed":0,"gold_gain":0,"player_choice":"Purged","damage_taken":0,"max_hp_gain":0,"max_hp_loss":0,"event_name":"Purifier","floor":2,"gold_loss":0}],"is_beta":false,"boss_relics":[],"items_purged_floors":[],"is_endless":false,"potions_floor_spawned":[1,8],"killed_by":"3 Sentries","ascension_level":13}}