{"host":"Eternity","time":1608450976,"event":{"mods":["BaseMod","Downfall","Minty Spire (QoL Compilation)","READ ME - Guardian Mod","READ ME - Snecko Mod","Shop Mod","StSLib"],"gold_per_floor":[99,117,117,146,160,24,24,38,38,67,82,96,96,109,121,219,219,219,239,255,140,140,140,208,208,225,255,255,255],"floor_reached":28,"playtime":2055,"items_purged":["Slimebound:Strike_Slimebound","Regret"],"score":275,"play_id":"f84731a5-31bb-44b4-95a3-80b8609b9222","local_time":"20201220155616","is_ascension_mode":false,"campfire_choices":[{"data":"Slimebound:CorrosiveSpit","floor":1.0,"key":"SMITH"},{"data":"Slimebound:GrowthPunch","floor":9.0,"key":"SMITH"},{"data":"Slimebound:SelfFormingGoo","floor":18,"key":"SMITH"},{"data":"Slimebound:Split","floor":23,"key":"SMITH"},{"data":"Slimebound:FlameTackle","floor":25,"key":"SMITH"}],"circlet_count":0,"master_deck":["Slimebound:Tackle","Slimebound:Split+1","Slimebound:CorrosiveSpit+1","Slimebound:SplitMire+1","Slimebound:GrowthPunch+1","Slimebound:MegaLick","Slimebound:FirmFortitude","Slimebound:Chomp","Slimebound:SplitBruiser+1","Slimebound:FlameTackle+1","Slimebound:SplitAcid","Slimebound:SelfFormingGoo+1","Slimebound:ProtectTheBoss","Slimebound:ViciousTackle","Slimebound:SplitAcid","Slimebound:Chomp","Slimebound:PressTheAttack","Slimebound:FormOfPuddle","Slimebound:SpikyOuterGoop","Slimebound:SplitAcid+1","Slimebound:SlimeTap+1"],"relics":["Slimebound:AbsorbEndCombat","Meat on the Bone","Anchor","Darkstone Periapt","Singing Bowl","Pandora\u0027s Box","Pantograph","Ornamental Fan"],"acts_visited":["Exordium","TheCity"],"potions_floor_usage":[],"damage_taken":[{"damage":9.0,"enemies":"2 Louse","floor":2.0,"turns":2.0},{"damage":25.0,"enemies":"Gremlin Nob","floor":4.0,"turns":4.0},{"damage":4.0,"enemies":"Jaw Worm","floor":5.0,"turns":3.0},{"damage":8.0,"enemies":"downfall:FleeingMerchant","floor":6.0,"turns":4.0},{"damage":8.0,"enemies":"Small Slimes","floor":8.0,"turns":3.0},{"damage":25,"enemies":"Lagavulin","floor":10,"turns":5},{"damage":3,"enemies":"2 Fungi Beasts","floor":11,"turns":3},{"damage":7,"enemies":"Lots of Slimes","floor":12,"turns":3},{"damage":14,"enemies":"Blue Slaver","floor":14,"turns":3},{"damage":4,"enemies":"2 Fungi Beasts","floor":15,"turns":3},{"damage":69,"enemies":"downfall:Ironclad","floor":16,"turns":7},{"damage":5,"enemies":"Chosen","floor":19,"turns":3},{"damage":29,"enemies":"3 Byrds","floor":20,"turns":4},{"damage":38,"enemies":"downfall:FleeingMerchant","floor":21,"turns":4},{"damage":66,"enemies":"3 Cultists","floor":26,"turns":5},{"damage":49,"enemies":"Book of Stabbing","floor":27,"turns":4},{"damage":0,"enemies":"Centurion and Healer","floor":28,"turns":1}],"seed_played":"-562627581439039367","potions_obtained":[{"floor":2.0,"key":"Explosive Potion"},{"floor":8.0,"key":"DuplicationPotion"},{"floor":10,"key":"SneckoOil"},{"floor":22,"key":"CultistPotion"}],"is_trial":false,"path_per_floor":["R","M","?","E","M","$","T","M","R","E","M","M","?","M","M","B",null,"R","M","M","$","?","R","T","R","M","E","M"],"character_chosen":"SLIMEBOUND","items_purchased":["Slimebound:SplitBruiser"],"campfire_rested":0,"item_purchase_floors":[6],"current_hp_per_floor":[60,57,24,23,39,49,49,53,53,48,59,64,70,66,72,33,72,72,74,61,59,59,59,59,59,39,36,36,36],"gold":255,"neow_bonus":"THREE_CARDS","is_daily":false,"chose_seed":false,"campfire_upgraded":5,"win_rate":0.0,"timestamp":1608450976,"path_taken":["R","M","?","E","M","$","T","M","R","E","M","M","?","M","M","BOSS","R","M","M","$","?","R","T","R","M","E","M"],"items_purchased_type":["Card"],"build_version":"2020-12-18","purchased_purges":2,"victory":false,"max_hp_per_floor":[60,60,60,60,60,60,60,60,60,62,64,64,70,70,72,72,72,72,74,74,74,74,74,74,74,74,76,76,76],"card_choices":[{"not_picked":["Slimebound:Equalize","Slimebound:SlimeSpikes"],"picked":"Slimebound:SplitMire","floor":0.0},{"not_picked":["Slimebound:RainOfGoop","Slimebound:Nibble"],"picked":"Slimebound:GrowthPunch","floor":2.0},{"not_picked":["Slimebound:GoopSpray","Slimebound:FinishingTackle"],"picked":"Slimebound:MegaLick","floor":4.0},{"not_picked":["Slimebound:SlimeSpikes","Slimebound:LeechEnergy"],"picked":"Slimebound:FirmFortitude","floor":5.0},{"not_picked":["Slimebound:RejuvenatingLick","Slimebound:GrowthPunch"],"picked":"Slimebound:Chomp","floor":6.0},{"not_picked":["Slimebound:LeechEnergy","Slimebound:MegaLick","Slimebound:Chomp"],"picked":"SKIP","floor":8.0},{"not_picked":["Slimebound:RejuvenatingLick","Slimebound:HauntingLick","Slimebound:SplitAcid"],"picked":"Singing Bowl","floor":10},{"not_picked":["Slimebound:GoopSpray","Slimebound:SplitLeeching","Slimebound:SamplingLick"],"picked":"Singing Bowl","floor":11},{"not_picked":["Slimebound:MegaLick","Slimebound:GoopTackle"],"picked":"Slimebound:FlameTackle","floor":12},{"not_picked":["Slimebound:LeechEnergy","Slimebound:ComboTackle"],"picked":"Slimebound:SplitAcid","floor":14},{"not_picked":["Slimebound:SlimeSpikes","Slimebound:SplitMire","Slimebound:SplitAcid"],"picked":"Singing Bowl","floor":15},{"not_picked":["Slimebound:OneTwoCombo","Slimebound:LeechLife"],"picked":"Slimebound:SelfFormingGoo","floor":16},{"not_picked":["Slimebound:Equalize","Slimebound:ForwardTackle","Slimebound:LeechingTouch"],"picked":"Singing Bowl","floor":19},{"not_picked":["Slimebound:FinishingTackle","Slimebound:FormOfPuddle"],"picked":"Slimebound:SpikyOuterGoop","floor":20},{"not_picked":["Slimebound:RollThrough","Slimebound:LeechingTouch"],"picked":"Slimebound:SplitAcid+1","floor":21},{"not_picked":["Slimebound:RollThrough+1","Slimebound:Gluttony"],"picked":"Slimebound:SlimeTap+1","floor":26},{"not_picked":["Slimebound:RallyTheTroops","Slimebound:LeechingTouch","Slimebound:ComboTackle+1"],"picked":"Singing Bowl","floor":27}],"player_experience":385739,"relics_obtained":[{"floor":4.0,"key":"Anchor"},{"floor":7.0,"key":"Darkstone Periapt"},{"floor":10,"key":"Singing Bowl"},{"floor":24,"key":"Pantograph"},{"floor":27,"key":"Ornamental Fan"}],"event_choices":[{"damage_healed":0.0,"max_hp_gain":0.0,"max_hp_loss":0.0,"gold_gain":0.0,"event_name":"Scrap Ooze","player_choice":"Success","floor":3.0,"gold_loss":0.0,"damage_taken":33.0,"relics_obtained":["Meat on the Bone"]}],"is_beta":true,"boss_relics":[{"not_picked":["Slimebound:TarBlob","SacredBark"],"picked":"Pandora\u0027s Box"}],"items_purged_floors":[6,21],"is_endless":false,"potions_floor_spawned":[2,8,10,11,16,26,27],"killed_by":"Centurion and Healer","ascension_level":0}}