{"host":"u2dm6glrpyjr66v9","time":1608443988,"event":{"mods":["AchievementEnabler","BaseMod","CapriCore","Colored Map","Colored Powertips","DeckTracker","Friendly Minions","Koishi","Minty Spire (QoL Compilation)","Quick Restart","StSLib","SuperFastMode"],"gold_per_floor":[109,27,202,138,148,148,177,201,201,214,247,272,284,309,309,412,412,423,423,451,451,469,469,469,469,495,37,62,62,62,62],"floor_reached":30,"playtime":1313,"items_purged":[],"score":299,"play_id":"c7115583-a70d-4e76-ab43-3cf83c5cb3d9","local_time":"20201220145948","daily_mods":["Draft","Heirloom","Time Dilation","Flight","DeadlyEvents","Elite Swarm"],"is_ascension_mode":false,"campfire_choices":[{"data":"Koishi:Untouchable","floor":6,"key":"SMITH"},{"floor":15,"key":"REST"},{"floor":23,"key":"REST"},{"data":"Koishi:SilentAndRestless","floor":24,"key":"SMITH"},{"data":"Koishi:ConfinedInnocent","floor":25,"key":"SMITH"},{"data":"Koishi:SilentAndRestless","floor":29,"key":"SMITH"}],"circlet_count":0,"master_deck":["Koishi:VengefulSpirit","Koishi:UnconsciousUrges","Koishi:PhilosophyOfTheDespised","Koishi:JumpScare","Koishi:PhantomStrike","Koishi:BramblyRoseGarden","Koishi:UnansweredLove","Koishi:PhantomBarrier","Koishi:PhantomBarrier+1","Koishi:GeneticsOfTheUnconscious","Koishi:EmbryosDream","Koishi:SpiritedAway+1","Koishi:HeartfeltFancy+1","Koishi:Jaunt+1","Koishi:BramblyRoseGarden","Koishi:Untouchable+1","Koishi:Possession","Koishi:ConfinedInnocent+1","Koishi:PhantomBarrier+1","Koishi:SilentAndRestless+1","Koishi:PhantomStrike","Koishi:UnansweredLove+1","Koishi:UnansweredLove+1","Koishi:SilentAndRestless+1","Koishi:RoseHell+1"],"relics":["Koishi:ImaginaryFriend","Calipers","Letter Opener","Whetstone","Orichalcum","Koishi:TeethAndClaws","Koishi:EchoesOfADeadGirl","Toxic Egg 2","Bronze Scales","Empty Cage","War Paint","Blood Vial","Lizard Tail","Pocketwatch"],"acts_visited":["Exordium","TheCity"],"potions_floor_usage":[16,18],"damage_taken":[{"damage":6,"enemies":"Small Slimes","floor":1,"turns":4},{"damage":1,"enemies":"Cultist","floor":5,"turns":4},{"damage":32,"enemies":"3 Sentries","floor":7,"turns":8},{"damage":0,"enemies":"Jaw Worm","floor":10,"turns":5},{"damage":2,"enemies":"Lagavulin","floor":11,"turns":7},{"damage":11,"enemies":"3 Sentries","floor":12,"turns":7},{"damage":4,"enemies":"Red Slaver","floor":13,"turns":3},{"damage":0,"enemies":"Lagavulin","floor":14,"turns":6},{"damage":19,"enemies":"The Guardian","floor":16,"turns":9},{"damage":6,"enemies":"3 Byrds","floor":18,"turns":3},{"damage":30,"enemies":"2 Thieves","floor":20,"turns":4},{"damage":22,"enemies":"3 Cultists","floor":22,"turns":5},{"damage":29,"enemies":"Gremlin Leader","floor":28,"turns":5},{"damage":33,"enemies":"Slavers","floor":30,"turns":2}],"seed_played":"-5222381500950217480","potions_obtained":[{"floor":7,"key":"FearPotion"},{"floor":14,"key":"SkillPotion"},{"floor":16,"key":"Explosive Potion"}],"is_trial":true,"path_per_floor":["M","$","?","?","M","R","E","T","T","M","E","E","M","E","R","B",null,"M","?","M","?","M","R","R","R","T","$","E","R","E"],"character_chosen":"KOISHI","items_purchased":["Koishi:Untouchable","Lizard Tail","Koishi:SilentAndRestless"],"campfire_rested":2,"item_purchase_floors":[2,27,27],"current_hp_per_floor":[56,56,56,56,57,57,27,27,27,29,29,20,18,20,38,23,60,56,56,28,28,8,26,26,26,26,26,31,31,0,0],"gold":62,"neow_bonus":"","is_daily":false,"chose_seed":false,"campfire_upgraded":4,"win_rate":0.0,"timestamp":1608443988,"path_taken":["M","$","?","?","?","R","E","?","T","?","?","?","M","?","R","BOSS","M","?","?","?","M","R","R","R","T","$","?","R","?"],"items_purchased_type":["Card","Relic","Card"],"build_version":"2020-12-13","purchased_purges":0,"victory":false,"max_hp_per_floor":[60,60,60,60,60,60,60,60,60,60,60,60,60,60,60,60,60,60,60,60,60,60,60,60,60,60,60,60,60,60,60],"card_choices":[{"not_picked":["Koishi:DreadfulBlow","Koishi:SpiritedAway"],"picked":"Koishi:VengefulSpirit","floor":0},{"not_picked":["Koishi:EmbryosDream","Koishi:Jaunt"],"picked":"Koishi:UnconsciousUrges","floor":0},{"not_picked":["Koishi:UnconsciousUprising","Koishi:SubterraneanRose"],"picked":"Koishi:PhilosophyOfTheDespised","floor":0},{"not_picked":["Koishi:BloodcurdlingScream","Koishi:TremblingHands"],"picked":"Koishi:JumpScare","floor":0},{"not_picked":["Koishi:ParalyzingFear","Koishi:ReleaseOfTheId"],"picked":"Koishi:PhantomStrike","floor":0},{"not_picked":["Koishi:FourthEye","Koishi:FleetingPhantom"],"picked":"Koishi:BramblyRoseGarden","floor":0},{"not_picked":["Koishi:RacingHeart","Koishi:HeartfeltFancy"],"picked":"Koishi:UnansweredLove","floor":0},{"not_picked":["Koishi:ReflexRadar","Koishi:UnansweredLove"],"picked":"Koishi:PhantomBarrier","floor":0},{"not_picked":["Koishi:MassHysteria","Koishi:TraumaticStroke"],"picked":"Koishi:PhantomBarrier","floor":0},{"not_picked":["Koishi:IdleWhim","Koishi:TraumaticStroke"],"picked":"Koishi:GeneticsOfTheUnconscious","floor":0},{"not_picked":["Koishi:SubterraneanRose","Koishi:StingingMind"],"picked":"Koishi:EmbryosDream","floor":0},{"not_picked":["Koishi:Jaunt","Koishi:ReflexRadar"],"picked":"Koishi:SpiritedAway","floor":0},{"not_picked":["Koishi:DreadfulBlow","Koishi:ReflexRadar"],"picked":"Koishi:HeartfeltFancy","floor":0},{"not_picked":["Koishi:CatchAndRose","Koishi:RacingHeart"],"picked":"Koishi:Jaunt","floor":0},{"not_picked":["Koishi:IdleWhim","Koishi:ParalyzingFear"],"picked":"Koishi:BramblyRoseGarden","floor":0},{"not_picked":["Koishi:FreudianInstinct","Koishi:Prune","Koishi:BloodcurdlingScream"],"picked":"SKIP","floor":1},{"not_picked":["Koishi:SpiritedAway","Koishi:Prune"],"picked":"Koishi:UnconsciousUrges","floor":5},{"not_picked":["Koishi:ConditionedTeleport","Koishi:Ego","Koishi:RoseHell"],"picked":"SKIP","floor":7},{"not_picked":["Koishi:MassHysteria","Koishi:DanmakuParanoia"],"picked":"Koishi:Possession","floor":10},{"not_picked":["Koishi:RollingInRichesHeart","Koishi:ConditionedTeleport","Koishi:Ego"],"picked":"SKIP","floor":11},{"not_picked":["Koishi:PerfectMindControl+1","Koishi:SuperEgo"],"picked":"Koishi:ConfinedInnocent","floor":12},{"not_picked":["Koishi:Prune","Koishi:EmbersOfLove+1"],"picked":"Koishi:PhantomBarrier+1","floor":13},{"not_picked":["Koishi:PerfectMindControl+1","Koishi:FadingMemory+1"],"picked":"Koishi:SilentAndRestless","floor":14},{"not_picked":["Koishi:RacingHeart","Koishi:BramblyRoseGarden"],"picked":"Koishi:PhantomStrike","floor":18},{"not_picked":["Koishi:Jaunt","Koishi:DreadfulBlow"],"picked":"Koishi:UnansweredLove+1","floor":20},{"not_picked":["Koishi:EmbryosDream+1","Koishi:RacingHeart"],"picked":"Koishi:UnansweredLove+1","floor":22},{"not_picked":["Koishi:SuperEgo","Koishi:MentalBreakdown"],"picked":"Koishi:RoseHell+1","floor":28}],"player_experience":74575,"relics_obtained":[{"floor":7,"key":"Whetstone"},{"floor":8,"key":"Orichalcum"},{"floor":9,"key":"Koishi:TeethAndClaws"},{"floor":11,"key":"Koishi:EchoesOfADeadGirl"},{"floor":12,"key":"Toxic Egg 2"},{"floor":14,"key":"Bronze Scales"},{"floor":26,"key":"Blood Vial"},{"floor":28,"key":"Pocketwatch"}],"event_choices":[{"damage_healed":0,"gold_gain":175,"player_choice":"AGREE","damage_taken":0,"max_hp_gain":0,"max_hp_loss":0,"event_name":"Liars Game","floor":3,"gold_loss":0,"cards_obtained":["Doubt"]},{"damage_healed":0,"gold_gain":0,"player_choice":"Paid Gold","damage_taken":0,"relics_obtained":["Letter Opener"],"max_hp_gain":0,"max_hp_loss":0,"event_name":"WeMeetAgain","floor":4,"gold_loss":64},{"damage_healed":0,"gold_gain":0,"player_choice":"Stole Relic","damage_taken":0,"relics_obtained":["War Paint"],"max_hp_gain":0,"max_hp_loss":0,"event_name":"Addict","floor":19,"gold_loss":0,"cards_obtained":["Shame"]},{"cards_removed":["Shame"],"damage_healed":0,"gold_gain":0,"player_choice":"Elegance","damage_taken":0,"max_hp_gain":0,"max_hp_loss":0,"event_name":"Back to Basics","floor":21,"gold_loss":0}],"is_beta":false,"boss_relics":[{"not_picked":["Busted Crown","Fusion Hammer"],"picked":"Empty Cage"}],"items_purged_floors":[],"is_endless":true,"potions_floor_spawned":[7,14,16],"killed_by":"Slavers","ascension_level":0}}