{"host":"3aw8x44rwrumn2g3","time":1608504824,"event":{"mods":["AchievementEnabler","BaseMod","Downfall","Minty Spire (QoL Compilation)","StSLib"],"gold_per_floor":[119,119,22,37,58,58,99,99,99,124,124,124,124,147,147,147,147],"floor_reached":16,"playtime":1117,"items_purged":[],"score":110,"play_id":"2738be3d-8462-40d6-a6b2-061c10b9ef9b","local_time":"20201220175344","is_ascension_mode":true,"campfire_choices":[{"floor":6,"key":"REST"},{"floor":12,"key":"REST"},{"data":"Eruption","floor":15,"key":"SMITH"}],"circlet_count":0,"master_deck":["Strike_P","Strike_P","Strike_P","Defend_P","Defend_P","Defend_P","Defend_P","Eruption+1","Vigilance","FlyingSleeves","expansioncontent:Chronoboost","SandsOfTime","EmptyFist","FlurryOfBlows","Swivel+1","Protect+1"],"relics":["PureWater","Golden Idol","Kunai","Toxic Egg 2","The Courier"],"acts_visited":["Exordium"],"potions_floor_usage":[5,14,16],"damage_taken":[{"damage":0,"enemies":"Cultist","floor":1,"turns":2},{"damage":10,"enemies":"Jaw Worm","floor":4,"turns":4},{"damage":19,"enemies":"Small Slimes","floor":5,"turns":2},{"damage":18,"enemies":"Lagavulin","floor":7,"turns":7},{"damage":2,"enemies":"2 Fungi Beasts","floor":10,"turns":3},{"damage":0,"enemies":"Large Slime","floor":14,"turns":2},{"damage":51,"enemies":"The Guardian","floor":16,"turns":10}],"seed_played":"2059100857548632917","potions_obtained":[{"floor":4,"key":"Fire Potion"},{"floor":7,"key":"PowerPotion"},{"floor":10,"key":"Dexterity Potion"}],"is_trial":false,"path_per_floor":["M","?","$","M","M","R","E","?","T","M","?","R","?","M","R","B"],"character_chosen":"WATCHER","items_purchased":["expansioncontent:Chronoboost"],"campfire_rested":2,"item_purchase_floors":[3],"current_hp_per_floor":[79,60,60,50,31,54,36,36,36,34,34,57,50,50,50,0,0],"gold":147,"neow_bonus":"TEN_PERCENT_HP_BONUS","is_daily":false,"chose_seed":false,"campfire_upgraded":1,"win_rate":0.0,"timestamp":1608504824,"path_taken":["M","?","$","M","M","R","E","?","T","M","?","R","?","M","R","BOSS"],"items_purchased_type":["Card"],"build_version":"2020-12-13","purchased_purges":0,"victory":false,"max_hp_per_floor":[79,79,79,79,79,79,79,79,79,79,79,79,79,79,79,79,79],"card_choices":[{"not_picked":["SashWhip","LikeWater"],"picked":"FlyingSleeves","floor":1},{"not_picked":["CrushJoints","Consecrate"],"picked":"SandsOfTime","floor":4},{"not_picked":["SashWhip","Prostrate"],"picked":"EmptyFist","floor":5},{"not_picked":["SpiritShield","FlyingSleeves"],"picked":"FlurryOfBlows","floor":7},{"not_picked":["Sanctity+1","Evaluate+1"],"picked":"Swivel+1","floor":10},{"not_picked":["FlurryOfBlows","CutThroughFate"],"picked":"Protect+1","floor":14}],"player_experience":79089,"relics_obtained":[{"floor":7,"key":"Kunai"},{"floor":9,"key":"The Courier"}],"event_choices":[{"damage_healed":0,"gold_gain":0,"player_choice":"Take Damage","damage_taken":19,"relics_obtained":["Golden Idol"],"max_hp_gain":0,"max_hp_loss":0,"event_name":"Golden Idol","floor":2,"gold_loss":0},{"damage_healed":0,"gold_gain":0,"player_choice":"Searched \u00271\u0027 times","damage_taken":0,"relics_obtained":["Toxic Egg 2"],"max_hp_gain":0,"max_hp_loss":0,"event_name":"Dead Adventurer","floor":8,"gold_loss":0},{"cards_removed":["Strike_P"],"damage_healed":0,"gold_gain":0,"player_choice":"Forget","damage_taken":0,"max_hp_gain":0,"max_hp_loss":0,"event_name":"Living Wall","floor":11,"gold_loss":0},{"damage_healed":0,"gold_gain":0,"player_choice":"Fled","damage_taken":7,"max_hp_gain":0,"max_hp_loss":0,"event_name":"Scrap Ooze","floor":13,"gold_loss":0}],"is_beta":false,"boss_relics":[],"items_purged_floors":[],"is_endless":false,"potions_floor_spawned":[4,7,10],"killed_by":"The Guardian","ascension_level":2}}