{"host":"2n2g1vowfllvjtvi","time":1608476583,"event":{"mods":["AchievementEnabler","BaseMod","Custom Start","GifTheSpireLib","Keyboard Shortcuts","Minty Spire (QoL Compilation)","Quick Restart","Rare Cards Sparkle","StSLib","SuperFastMode"],"gold_per_floor":[115,40,40,54,74,111,111,150,150,42,84,84,107,126,126,213,213,242,39,39,68,92,92,92,129,129,129,14,42,51,76,76,158,158,170,181,39,59,79,79,79,79,79],"floor_reached":42,"playtime":987,"items_purged":["Strike_B","Strike_B"],"score":842,"play_id":"fa851d01-a863-439e-9300-105688896cad","local_time":"20201221000303","is_ascension_mode":true,"campfire_choices":[{"floor":7.0,"key":"REST"},{"data":"Apotheosis","floor":12.0,"key":"SMITH"},{"floor":15.0,"key":"REST"},{"data":"1","floor":23.0,"key":"LIFT"},{"data":"2","floor":27.0,"key":"LIFT"},{"floor":32.0,"key":"REST"},{"floor":40,"key":"REST"}],"circlet_count":0,"master_deck":["AscendersBane","Strike_B","Strike_B","Defend_B","Defend_B","Defend_B","Defend_B","Zap","Dualcast","Apotheosis+1","Sweeping Beam","Sunder","Self Repair","Conserve Battery","Meteor Strike","Double Energy","Hologram","Loop","Coolheaded","Skim","Electrodynamics","Defragment","Darkness","Redo","Glacier","Stack+1","Echo Form","Echo Form","Loop","Loop","Defragment+1"],"relics":["Cracked Core","Pantograph","CeramicFish","Girya","Bottled Lightning","The Courier","Sozu","Mummified Hand","FaceOfCleric","Ornamental Fan","Blood Vial","Membership Card","Art of War","Fusion Hammer","Anchor"],"acts_visited":["Exordium","TheCity","TheBeyond"],"potions_floor_usage":[],"damage_taken":[{"damage":3.0,"enemies":"2 Louse","floor":1.0,"turns":2.0},{"damage":0.0,"enemies":"Cultist","floor":4.0,"turns":4.0},{"damage":4.0,"enemies":"Jaw Worm","floor":5.0,"turns":4.0},{"damage":8.0,"enemies":"Lagavulin","floor":6.0,"turns":7.0},{"damage":10.0,"enemies":"3 Sentries","floor":8.0,"turns":8.0},{"damage":35.0,"enemies":"Gremlin Nob","floor":11.0,"turns":5.0},{"damage":18.0,"enemies":"Lots of Slimes","floor":13.0,"turns":3.0},{"damage":0.0,"enemies":"3 Louse","floor":14.0,"turns":4.0},{"damage":44.0,"enemies":"Slime Boss","floor":16.0,"turns":11.0},{"damage":4.0,"enemies":"Chosen","floor":18.0,"turns":4.0},{"damage":6.0,"enemies":"Shell Parasite","floor":21.0,"turns":4.0},{"damage":15.0,"enemies":"Centurion and Healer","floor":22.0,"turns":4.0},{"damage":0.0,"enemies":"Gremlin Leader","floor":25.0,"turns":5.0},{"damage":0.0,"enemies":"Chosen and Byrds","floor":29.0,"turns":6.0},{"damage":35.0,"enemies":"Book of Stabbing","floor":31.0,"turns":6.0},{"damage":11.0,"enemies":"Champ","floor":33.0,"turns":10.0},{"damage":11,"enemies":"Orb Walker","floor":35,"turns":4},{"damage":1,"enemies":"3 Shapes","floor":36,"turns":4},{"damage":56,"enemies":"Jaw Worm Horde","floor":38,"turns":5},{"damage":30,"enemies":"Spire Growth","floor":39,"turns":5},{"damage":25,"enemies":"4 Shapes","floor":42,"turns":1}],"seed_played":"4338046030266250369","potions_obtained":[{"floor":1.0,"key":"EntropicBrew"},{"floor":4.0,"key":"Swift Potion"},{"floor":11.0,"key":"PotionOfCapacity"},{"floor":16.0,"key":"Fire Potion"}],"is_trial":false,"path_per_floor":["M","$","?","M","M","E","R","E","T","$","E","R","M","M","R","B",null,"M","$","?","M","M","R","?","E","T","R","$","M","?","E","R","B",null,"M","M","$","M","M","R","?","M"],"character_chosen":"DEFECT","items_purchased":["Double Energy","Hologram","Mummified Hand","Membership Card","Loop","Loop","Anchor"],"campfire_rested":4,"item_purchase_floors":[10,10,19,28,37,37,37],"current_hp_per_floor":[43,43,43,43,39,41,62,62,62,62,37,37,19,29,50,37,63,69,69,69,72,68,68,68,74,74,74,74,75,75,41,63,76,77,77,79,79,34,7,31,19,0,0],"gold":79,"neow_bonus":"RANDOM_COLORLESS_2","is_daily":false,"chose_seed":false,"campfire_upgraded":1,"win_rate":0.0,"timestamp":1608476583,"path_taken":["M","$","?","M","?","E","R","E","T","$","E","R","M","M","R","BOSS","M","$","?","?","M","R","?","E","T","R","$","M","?","E","R","BOSS","BOSS","M","M","$","M","M","R","?","?"],"items_purchased_type":["Card","Card","Relic","Relic","Card","Card","Relic"],"build_version":"2020-12-13","purchased_purges":2,"victory":false,"max_hp_per_floor":[71,71,71,71,71,71,71,71,71,71,71,71,71,71,71,71,71,71,71,71,72,73,73,73,74,74,74,74,75,75,76,76,77,77,78,79,79,80,81,81,81,81,81],"card_choices":[{"not_picked":["Panache","The Bomb"],"picked":"Apotheosis","floor":0.0},{"not_picked":["Streamline","Conserve Battery"],"picked":"Sweeping Beam","floor":1.0},{"not_picked":["Barrage","Compile Driver"],"picked":"Sunder","floor":4.0},{"not_picked":["Conserve Battery","Beam Cell"],"picked":"Self Repair","floor":5.0},{"not_picked":["Go for the Eyes","Ball Lightning"],"picked":"Conserve Battery","floor":6.0},{"not_picked":["Hello World","Heatsinks"],"picked":"Meteor Strike","floor":8.0},{"not_picked":["Compile Driver","Creative AI"],"picked":"Loop","floor":11.0},{"not_picked":["Double Energy","Reinforced Body"],"picked":"Coolheaded","floor":13.0},{"not_picked":["Go for the Eyes","Static Discharge"],"picked":"Skim","floor":14.0},{"not_picked":["Meteor Strike","Thunder Strike"],"picked":"Electrodynamics","floor":16.0},{"not_picked":["Chill","Redo"],"picked":"Defragment","floor":18.0},{"not_picked":["Steam","White Noise"],"picked":"Darkness","floor":21.0},{"not_picked":["Reprogram","Hello World"],"picked":"Redo","floor":22.0},{"not_picked":["Lockon","Consume+1"],"picked":"Glacier","floor":25.0},{"not_picked":["Steam","Self Repair"],"picked":"Stack+1","floor":29.0},{"not_picked":["Skim","Sweeping Beam","Fusion"],"picked":"SKIP","floor":31.0},{"not_picked":["Fission","Biased Cognition"],"picked":"Echo Form","floor":33},{"not_picked":["Barrage","Beam Cell","Ball Lightning"],"picked":"SKIP","floor":35},{"not_picked":["Stack","Conserve Battery","Steam Power"],"picked":"SKIP","floor":36},{"not_picked":["FTL+1","Gash"],"picked":"Defragment+1","floor":38},{"not_picked":["Coolheaded","Beam Cell+1","Conserve Battery"],"picked":"SKIP","floor":39}],"player_experience":437257,"relics_obtained":[{"floor":6.0,"key":"CeramicFish"},{"floor":8.0,"key":"Girya"},{"floor":9.0,"key":"Bottled Lightning"},{"floor":11.0,"key":"The Courier"},{"floor":25.0,"key":"Ornamental Fan"},{"floor":26.0,"key":"Blood Vial"},{"floor":31.0,"key":"Art of War"}],"event_choices":[{"damage_healed":0.0,"max_hp_gain":0.0,"max_hp_loss":0.0,"gold_gain":0.0,"event_name":"WeMeetAgain","player_choice":"Gave Potion","floor":3.0,"gold_loss":0.0,"damage_taken":0.0,"relics_obtained":["Pantograph"]},{"damage_healed":0.0,"max_hp_gain":0.0,"max_hp_loss":0.0,"gold_gain":0.0,"event_name":"FaceTrader","player_choice":"Trade","floor":20.0,"gold_loss":0.0,"damage_taken":0.0,"relics_obtained":["FaceOfCleric"]},{"damage_healed":0.0,"max_hp_gain":0.0,"max_hp_loss":0.0,"gold_gain":0.0,"event_name":"Ghosts","player_choice":"Ignored","floor":24.0,"gold_loss":0.0,"damage_taken":0.0},{"damage_healed":0.0,"max_hp_gain":0.0,"max_hp_loss":0.0,"gold_gain":0.0,"event_name":"The Library","player_choice":"Read","floor":30.0,"gold_loss":0.0,"damage_taken":0.0,"cards_obtained":["Echo Form"]},{"damage_healed":0,"gold_gain":0,"player_choice":"Damaged","damage_taken":12,"max_hp_gain":0,"max_hp_loss":0,"event_name":"Wheel of Change","floor":41,"gold_loss":0}],"is_beta":false,"boss_relics":[{"not_picked":["FrozenCore","SacredBark"],"picked":"Sozu"},{"not_picked":["SlaversCollar","Snecko Eye"],"picked":"Fusion Hammer"}],"items_purged_floors":[2,37],"is_endless":false,"potions_floor_spawned":[1,4,11,16,18,25,29,33,35,38],"killed_by":"4 Shapes","ascension_level":15}}