{"host":"0v07cr0k93jhgkpm","time":1608484544,"event":{"mods":["BaseMod","Colored Map","DeckTracker","Minty Spire (QoL Compilation)","Quick Restart","SuperFastMode"],"gold_per_floor":[119,129,54,64,81,111,111,161,186,219,239,250,280,293,293,369,369,379,397,155,180,95,95,124,136,221,158,185,197,229,253,265,354,366,391,625,662,692,704,716,728,728],"floor_reached":41,"playtime":2323,"items_purged":["Defend_P"],"score":941,"play_id":"4e5cddca-587e-4a57-a5fa-406ed2fe8e7c","local_time":"20201221021544","is_ascension_mode":true,"campfire_choices":[{"floor":7.0,"key":"REST"},{"data":"DevaForm","floor":15.0,"key":"SMITH"},{"floor":23.0,"key":"REST"},{"data":"CrushJoints","floor":25.0,"key":"SMITH"},{"floor":29.0,"key":"REST"},{"data":"Tantrum","floor":32.0,"key":"SMITH"},{"floor":40,"key":"REST"}],"circlet_count":0,"master_deck":["AscendersBane","Strike_P","Strike_P","Defend_P","Eruption+1","Vigilance","FollowUp","CrushJoints+1","Wallop","Protect","Tantrum+1","EmptyFist","Halt","Perseverance","DevaForm+1","EmptyBody","DeusExMachina","FlurryOfBlows+1","ClearTheMind","Writhe","FearNoEvil"],"relics":["PureWater","Dream Catcher","Regal Pillow","Anchor","Empty Cage","Lee\u0027s Waffle","Red Mask","StrikeDummy","MawBank","Darkstone Periapt","Busted Crown","Ginger"],"acts_visited":["Exordium","TheCity","TheBeyond"],"potions_floor_usage":[],"damage_taken":[{"damage":6.0,"enemies":"Small Slimes","floor":1.0,"turns":2.0},{"damage":4.0,"enemies":"Jaw Worm","floor":2.0,"turns":3.0},{"damage":0.0,"enemies":"Cultist","floor":4.0,"turns":2.0},{"damage":5.0,"enemies":"Looter","floor":5.0,"turns":3.0},{"damage":10.0,"enemies":"Gremlin Nob","floor":6.0,"turns":3.0},{"damage":2.0,"enemies":"Lagavulin","floor":10.0,"turns":4.0},{"damage":0.0,"enemies":"3 Louse","floor":11.0,"turns":2.0},{"damage":0.0,"enemies":"2 Fungi Beasts","floor":12.0,"turns":1.0},{"damage":0.0,"enemies":"Gremlin Nob","floor":13.0,"turns":3.0},{"damage":4.0,"enemies":"Exordium Thugs","floor":14.0,"turns":4.0},{"damage":22.0,"enemies":"Slime Boss","floor":16.0,"turns":9.0},{"damage":34.0,"enemies":"Spheric Guardian","floor":18.0,"turns":5.0},{"damage":10.0,"enemies":"Chosen","floor":19.0,"turns":7.0},{"damage":34.0,"enemies":"Masked Bandits","floor":21.0,"turns":4.0},{"damage":7.0,"enemies":"Slavers","floor":24.0,"turns":5.0},{"damage":34.0,"enemies":"Shelled Parasite and Fungi","floor":28.0,"turns":5.0},{"damage":0.0,"enemies":"3 Cultists","floor":30.0,"turns":4.0},{"damage":12.0,"enemies":"Chosen and Byrds","floor":31.0,"turns":5.0},{"damage":61.0,"enemies":"Automaton","floor":33.0,"turns":7.0},{"damage":4,"enemies":"3 Shapes","floor":35,"turns":4},{"damage":0,"enemies":"Mind Bloom Boss Battle","floor":37,"turns":7},{"damage":53,"enemies":"3 Darklings","floor":38,"turns":8},{"damage":74,"enemies":"Reptomancer","floor":41,"turns":3}],"seed_played":"-2901657503877937896","potions_obtained":[{"floor":1.0,"key":"Energy Potion"},{"floor":4.0,"key":"SteroidPotion"},{"floor":6.0,"key":"ColorlessPotion"},{"floor":11.0,"key":"CultistPotion"},{"floor":16.0,"key":"Regen Potion"},{"floor":21.0,"key":"BlessingOfTheForge"},{"floor":24.0,"key":"BlessingOfTheForge"},{"floor":30.0,"key":"Ancient Potion"},{"floor":31.0,"key":"Fruit Juice"},{"floor":38,"key":"BottledMiracle"}],"is_trial":false,"path_per_floor":["M","M","?","M","M","E","R","?","T","E","M","M","E","M","R","B",null,"M","M","$","?","?","R","E","R","T","?","M","R","M","M","R","B",null,"M","?","?","M","?","R","E"],"character_chosen":"WATCHER","items_purchased":["Lee\u0027s Waffle"],"campfire_rested":4,"item_purchase_floors":[20],"current_hp_per_floor":[55,51,51,51,46,36,56,50,50,48,48,48,48,44,44,22,57,23,28,75,41,41,75,68,68,68,68,34,71,71,64,64,3,61,57,57,57,4,26,66,0,0],"gold":728,"neow_bonus":"UPGRADE_CARD","is_daily":false,"chose_seed":false,"campfire_upgraded":3,"win_rate":0.0,"timestamp":1608484544,"path_taken":["M","M","?","M","M","E","R","?","T","E","M","?","E","M","R","BOSS","M","M","$","?","?","R","E","R","T","?","M","R","M","M","R","BOSS","M","?","?","M","?","R","E"],"items_purchased_type":["Relic"],"build_version":"2020-12-13","purchased_purges":1,"victory":false,"max_hp_per_floor":[68,68,68,68,68,68,68,68,68,68,68,68,68,68,68,68,68,68,68,75,75,75,75,75,75,75,75,75,75,75,80,80,80,80,80,80,80,80,86,86,86,86],"card_choices":[{"not_picked":["BattleHymn","ClearTheMind"],"picked":"FollowUp","floor":1.0},{"not_picked":["ReachHeaven","Crescendo"],"picked":"CrushJoints","floor":2.0},{"not_picked":["ClearTheMind","Prostrate"],"picked":"Wallop","floor":4.0},{"not_picked":["FlyingSleeves","CutThroughFate"],"picked":"Protect","floor":5.0},{"not_picked":["CarveReality","EmptyBody"],"picked":"Tantrum","floor":6.0},{"not_picked":["Pray","Evaluate"],"picked":"EmptyFist","floor":7.0},{"not_picked":["LikeWater","Perseverance"],"picked":"Halt","floor":10.0},{"not_picked":["Fasting2","Wireheading","JustLucky"],"picked":"SKIP","floor":11.0},{"not_picked":["ThirdEye","Nirvana","ReachHeaven"],"picked":"SKIP","floor":12.0},{"not_picked":["Weave","CutThroughFate"],"picked":"Perseverance","floor":13.0},{"not_picked":["EmptyBody","Indignation"],"picked":"DevaForm","floor":14.0},{"not_picked":["BowlingBash","CrushJoints"],"picked":"EmptyBody","floor":18.0},{"not_picked":["Protect","Consecrate+1","BattleHymn"],"picked":"SKIP","floor":19.0},{"not_picked":["Halt","Nirvana"],"picked":"DeusExMachina","floor":23.0},{"not_picked":["WheelKick","BattleHymn","ThirdEye"],"picked":"SKIP","floor":24.0},{"not_picked":["Indignation","SandsOfTime"],"picked":"FlurryOfBlows+1","floor":28.0},{"not_picked":["Vengeance","BowlingBash"],"picked":"ClearTheMind","floor":30.0},{"not_picked":["Evaluate+1","Study","Consecrate"],"picked":"SKIP","floor":31.0},{"not_picked":["CutThroughFate"],"picked":"SKIP","floor":35},{"not_picked":["PathToVictory"],"picked":"SKIP","floor":38},{"not_picked":[],"picked":"FearNoEvil","floor":40}],"player_experience":2469525,"relics_obtained":[{"floor":6.0,"key":"Dream Catcher"},{"floor":10.0,"key":"Regal Pillow"},{"floor":13.0,"key":"Anchor"},{"floor":21.0,"key":"Red Mask"},{"floor":24.0,"key":"MawBank"},{"floor":26.0,"key":"Darkstone Periapt"},{"floor":37,"key":"Ginger"}],"event_choices":[{"cards_removed":["Defend_P"],"damage_healed":0.0,"max_hp_gain":0.0,"max_hp_loss":0.0,"gold_gain":0.0,"event_name":"The Cleric","player_choice":"Card Removal","floor":3.0,"gold_loss":75.0,"damage_taken":0.0},{"damage_healed":0.0,"max_hp_gain":0.0,"max_hp_loss":0.0,"gold_gain":50.0,"event_name":"FaceTrader","player_choice":"Touch","floor":8.0,"gold_loss":0.0,"damage_taken":6.0},{"damage_healed":0.0,"max_hp_gain":0.0,"max_hp_loss":0.0,"gold_gain":0.0,"event_name":"Masked Bandits","player_choice":"Fought Bandits","floor":21.0,"gold_loss":0.0,"damage_taken":0.0},{"damage_healed":0.0,"max_hp_gain":0.0,"max_hp_loss":0.0,"gold_gain":0.0,"event_name":"Addict","player_choice":"Obtained Relic","floor":22.0,"gold_loss":85.0,"damage_taken":0.0,"relics_obtained":["StrikeDummy"]},{"cards_removed":["Strike_P"],"damage_healed":0.0,"max_hp_gain":0.0,"max_hp_loss":0.0,"gold_gain":0.0,"event_name":"Beggar","player_choice":"Gave Gold","floor":27.0,"gold_loss":75.0,"damage_taken":0.0},{"damage_healed":0,"gold_gain":222,"player_choice":"Wore Mask","damage_taken":0,"max_hp_gain":0,"max_hp_loss":0,"event_name":"Tomb of Lord Red Mask","floor":36,"gold_loss":0},{"damage_healed":0,"gold_gain":0,"player_choice":"Fight","damage_taken":0,"max_hp_gain":0,"max_hp_loss":0,"event_name":"MindBloom","floor":37,"gold_loss":0},{"damage_healed":16,"gold_gain":0,"player_choice":"Writhe","damage_taken":0,"max_hp_gain":0,"max_hp_loss":0,"event_name":"Winding Halls","floor":39,"gold_loss":0,"cards_obtained":["Writhe"]}],"is_beta":false,"boss_relics":[{"not_picked":["Ectoplasm","Tiny House"],"picked":"Empty Cage"},{"not_picked":["Calling Bell","Velvet Choker"],"picked":"Busted Crown"}],"items_purged_floors":[20],"is_endless":false,"potions_floor_spawned":[1,4,6,11,12,16,21,24,30,31,38],"killed_by":"Reptomancer","ascension_level":20}}