{"host":"eil9x6nly2al6731","time":1608471926,"event":{"mods":["Aspiration","BaseMod","Better Third Choice","Colored Powertips","Conspire","Energized Spire","Friendly Minions","Halation","Hubris","Infinite Spire","Minty Spire (QoL Compilation)","Random Character Button","Replay The Spire","Robot Space Explorer","Shop Mod","StSLib","The Druid","The Factory","The Jungle","The Mystic","The Servant 0.9.4","TheBandit"],"gold_per_floor":[114,114,132,132,152,152,113,133,183,128,241,241,267,295,295,371,371,251,251],"floor_reached":18,"playtime":582,"items_purged":[],"score":374,"play_id":"113ab668-720c-4aee-94a9-533a827465e3","local_time":"20201220214526","is_ascension_mode":true,"campfire_choices":[{"data":"Crystallizer","floor":6,"key":"SMITH"},{"floor":12,"key":"REST"},{"data":"BasicCrystalCard","floor":15,"key":"SMITH"},{"data":"Self Repair","floor":15,"key":"SMITH"}],"circlet_count":0,"master_deck":["AscendersBane","Strike_B","Strike_B","Strike_B","Strike_B","Defend_B","Defend_B","Defend_B","Defend_B","Zap","Dualcast","hubris:DoWhile+1","Conserve Battery","BasicCrystalCard+1","Crystallizer+1","Self Repair+1","Echo Form","Cold Snap","Chill"],"relics":["Cracked Core","hubris:Icosahedron","conspire:TopHat","Replay:Arrowhead","energizedSpire:EnergizedDie","Prayer Wheel"],"acts_visited":["Exordium","TheCity"],"potions_floor_usage":[14],"damage_taken":[{"damage":3,"enemies":"Small Slimes","floor":1,"turns":4},{"damage":19,"enemies":"Jaw Worm","floor":3,"turns":7},{"damage":0,"enemies":"Cultist","floor":5,"turns":3},{"damage":35,"enemies":"Lots of Slimes","floor":7,"turns":5},{"damage":0,"enemies":"3 Louse","floor":8,"turns":1},{"damage":1,"enemies":"Blue Slaver","floor":11,"turns":3},{"damage":0,"enemies":"Gremlin Nob","floor":14,"turns":1},{"damage":49,"enemies":"The Guardian","floor":16,"turns":19},{"damage":77,"enemies":"2 Thieves","floor":18,"turns":3}],"seed_played":"-5075458799534197354","potions_obtained":[{"floor":7,"key":"Block Potion"},{"floor":8,"key":"infinitespire:BlackPotion"},{"floor":14,"key":"Regen Potion"}],"is_trial":false,"path_per_floor":["M","?","M","?","M","R","M","M","T","$","M","R","T","E","R","B",null,"M"],"character_chosen":"DEFECT","items_purchased":["Cold Snap"],"campfire_rested":1,"item_purchase_floors":[10],"current_hp_per_floor":[61,61,42,42,42,42,7,7,7,7,13,34,34,71,71,32,61,0,0],"gold":251,"neow_bonus":"ONE_RANDOM_RARE_CARD","is_daily":false,"chose_seed":false,"campfire_upgraded":3,"win_rate":0.0,"timestamp":1608471926,"path_taken":["M","?","M","?","M","R","M","M","T","$","M","R","?","E","R","BOSS","M"],"items_purchased_type":["Card"],"build_version":"2020-12-13","purchased_purges":0,"victory":false,"max_hp_per_floor":[71,71,71,71,71,71,71,71,71,71,71,71,71,71,71,71,71,71,71],"card_choices":[{"not_picked":["Recycle","Hologram"],"picked":"Conserve Battery","floor":1},{"not_picked":["Barrage","Streamline"],"picked":"BasicCrystalCard","floor":3},{"not_picked":["Redo","Streamline"],"picked":"Crystallizer","floor":5},{"not_picked":["Double Energy","Go for the Eyes"],"picked":"Self Repair","floor":7},{"not_picked":["Steam","conspire:Rain"],"picked":"Echo Form","floor":8},{"not_picked":["ReplayTheSpireMod:Reroute Power","Turbo","Panic Button"],"picked":"SKIP","floor":11},{"not_picked":["Go for the Eyes","Hyperbeam"],"picked":"Chill","floor":14},{"not_picked":["Machine Learning","Core Surge"],"picked":"ReplayTheSpireMod:Fabricate Wheel","floor":16}],"player_experience":1467797,"relics_obtained":[{"floor":13,"key":"conspire:TopHat"},{"floor":14,"key":"Replay:Arrowhead"}],"event_choices":[{"damage_healed":0,"gold_gain":0,"player_choice":"Grow","damage_taken":0,"max_hp_gain":0,"max_hp_loss":0,"event_name":"Living Wall","floor":4,"gold_loss":0,"cards_upgraded":["hubris:DoWhile"]}],"is_beta":false,"boss_relics":[{"not_picked":["energizedSpire:RedRose","ChewingGum"],"picked":"energizedSpire:EnergizedDie"}],"items_purged_floors":[],"is_endless":false,"potions_floor_spawned":[7,8,11,14],"killed_by":"2 Thieves","ascension_level":20}}