{"host":"3jjxuhjpio8e4zkv","time":1608427086,"event":{"mods":["BaseMod","Colored Map","Highlight Path","Minty Spire (QoL Compilation)","Permanent Neow","StSLib"],"gold_per_floor":[115,134,157,157,174,174,188,188,236,247,282,45,79,99,99,176,226,244,264,314,334,334,334],"floor_reached":22,"playtime":967,"items_purged":["Strike_G"],"score":396,"play_id":"96c2842f-6fbb-4817-877f-739e85927f2b","local_time":"20201219201806","is_ascension_mode":true,"campfire_choices":[{"data":"Flying Knee","floor":6,"key":"SMITH"},{"data":"Quick Slash","floor":8,"key":"SMITH"},{"floor":15,"key":"REST"}],"circlet_count":0,"master_deck":["AscendersBane","Strike_G","Strike_G","Strike_G+1","Strike_G","Defend_G","Defend_G","Defend_G","Defend_G","Defend_G","Survivor","Neutralize","Footwork+1","Dodge and Roll","Flying Knee+1","Quick Slash+1","All Out Attack","A Thousand Cuts","Well Laid Plans","Endless Agony","Adrenaline","Terror","Noxious Fumes","Masterful Stab+1","Cloak And Dagger"],"relics":["Ring of the Snake","Bag of Preparation","Toy Ornithopter","Nunchaku","Gremlin Horn","Orichalcum","Shuriken","Tiny House"],"acts_visited":["Exordium","TheCity"],"potions_floor_usage":[13,13,16,19,21],"damage_taken":[{"damage":0,"enemies":"Cultist","floor":1,"turns":3},{"damage":13,"enemies":"Jaw Worm","floor":2,"turns":10},{"damage":7,"enemies":"Small Slimes","floor":5,"turns":5},{"damage":0,"enemies":"Exordium Wildlife","floor":7,"turns":6},{"damage":5,"enemies":"Exordium Thugs","floor":10,"turns":4},{"damage":31,"enemies":"Gremlin Nob","floor":11,"turns":5},{"damage":2,"enemies":"3 Sentries","floor":13,"turns":6},{"damage":0,"enemies":"Lots of Slimes","floor":14,"turns":1},{"damage":2,"enemies":"Slime Boss","floor":16,"turns":9},{"damage":17,"enemies":"Spheric Guardian","floor":18,"turns":5},{"damage":16,"enemies":"Chosen","floor":19,"turns":6},{"damage":21,"enemies":"Sentry and Sphere","floor":21,"turns":6},{"damage":19,"enemies":"Cultist and Chosen","floor":22,"turns":3}],"seed_played":"5546380767071134624","potions_obtained":[{"floor":5,"key":"Explosive Potion"},{"floor":10,"key":"LiquidBronze"},{"floor":13,"key":"Poison Potion"},{"floor":17,"key":"ColorlessPotion"},{"floor":19,"key":"Weak Potion"}],"is_trial":false,"path_per_floor":["M","M","T","?","M","R","M","R","T","M","E","$","E","M","R","B",null,"M","M","?","M","M"],"character_chosen":"THE_SILENT","items_purchased":["Orichalcum"],"campfire_rested":1,"item_purchase_floors":[12],"current_hp_per_floor":[59,46,46,46,39,39,39,39,39,34,3,3,11,11,30,33,63,46,35,35,19,0,0],"gold":334,"neow_bonus":"RANDOM_COMMON_RELIC","is_daily":false,"chose_seed":false,"campfire_upgraded":2,"win_rate":0.0,"timestamp":1608427086,"path_taken":["M","M","?","?","M","R","M","R","T","M","E","$","E","?","R","BOSS","M","M","?","?","M"],"items_purchased_type":["Relic"],"build_version":"2020-12-13","purchased_purges":1,"victory":false,"max_hp_per_floor":[66,66,66,66,66,66,66,66,66,66,66,66,66,66,66,66,71,71,71,71,71,71,71],"card_choices":[{"not_picked":["Sucker Punch","Dodge and Roll"],"picked":"Footwork","floor":1},{"not_picked":["Dagger Throw","Bane"],"picked":"Dodge and Roll","floor":2},{"not_picked":["Footwork","Blur"],"picked":"Flying Knee","floor":5},{"not_picked":["PiercingWail","Slice"],"picked":"Quick Slash","floor":7},{"not_picked":["Accuracy","Bane"],"picked":"All Out Attack","floor":10},{"not_picked":["Tactician","Accuracy"],"picked":"A Thousand Cuts","floor":11},{"not_picked":["Accuracy","Caltrops"],"picked":"Well Laid Plans","floor":13},{"not_picked":["Outmaneuver","Acrobatics"],"picked":"Endless Agony","floor":14},{"not_picked":["A Thousand Cuts","Bullet Time"],"picked":"Adrenaline","floor":16},{"not_picked":["Underhanded Strike","Setup"],"picked":"Terror","floor":17},{"not_picked":["Finisher","Calculated Gamble"],"picked":"Noxious Fumes","floor":18},{"not_picked":["Dagger Throw","Deflect"],"picked":"Masterful Stab+1","floor":19},{"not_picked":["Dash","PiercingWail"],"picked":"Cloak And Dagger","floor":21}],"player_experience":1058673,"relics_obtained":[{"floor":3,"key":"Toy Ornithopter"},{"floor":9,"key":"Nunchaku"},{"floor":11,"key":"Gremlin Horn"},{"floor":13,"key":"Shuriken"}],"event_choices":[{"damage_healed":0,"gold_gain":0,"player_choice":"Forge","damage_taken":0,"max_hp_gain":0,"max_hp_loss":0,"event_name":"Accursed Blacksmith","floor":4,"gold_loss":0,"cards_upgraded":["Footwork"]},{"damage_healed":0,"gold_gain":50,"player_choice":"Pray","damage_taken":0,"max_hp_gain":0,"max_hp_loss":0,"event_name":"Golden Shrine","floor":20,"gold_loss":0}],"is_beta":false,"boss_relics":[{"not_picked":["Snecko Eye","Cursed Key"],"picked":"Tiny House"}],"items_purged_floors":[12],"is_endless":false,"potions_floor_spawned":[5,10,13,19],"killed_by":"Cultist and Chosen","ascension_level":20}}