{"host":"jksa5rawk3m4gilz","time":1608478136,"event":{"mods":["BaseMod","Colored Map","Highlight Path","Minty Spire (QoL Compilation)","Quick Restart"],"gold_per_floor":[109,109,129,140,140,169,185,218,230,242,269,298,326,338,338],"floor_reached":14,"playtime":411,"items_purged":[],"score":172,"play_id":"59a8adc2-38e2-4d32-b6a4-20b9d41d60d4","local_time":"20201220162856","is_ascension_mode":true,"campfire_choices":[{"floor":10,"key":"REST"}],"circlet_count":0,"master_deck":["AscendersBane","Strike_P","Strike_P","Strike_P","Defend_P","Defend_P","Defend_P","Defend_P","Eruption","Vigilance","TalkToTheHand+1","FollowUp","BowlingBash","WaveOfTheHand","Fasting2","ClearTheMind","JustLucky"],"relics":["PureWater","NeowsBlessing","Eternal Feather","MawBank","Blood Vial"],"acts_visited":["Exordium"],"potions_floor_usage":[8],"damage_taken":[{"damage":0,"enemies":"Small Slimes","floor":1,"turns":1},{"damage":0,"enemies":"Cultist","floor":3,"turns":1},{"damage":0,"enemies":"2 Louse","floor":4,"turns":1},{"damage":35,"enemies":"Lagavulin","floor":6,"turns":6},{"damage":2,"enemies":"Gremlin Gang","floor":7,"turns":5},{"damage":18,"enemies":"Gremlin Nob","floor":8,"turns":3},{"damage":9,"enemies":"Looter","floor":11,"turns":4},{"damage":12,"enemies":"Blue Slaver","floor":12,"turns":5},{"damage":8,"enemies":"Red Slaver","floor":13,"turns":5},{"damage":18,"enemies":"Lagavulin","floor":14,"turns":6}],"seed_played":"-1414905593056178424","potions_obtained":[{"floor":1,"key":"AttackPotion"},{"floor":3,"key":"Swift Potion"},{"floor":8,"key":"StancePotion"}],"is_trial":false,"path_per_floor":["M","?","M","M","?","E","M","E","T","R","M","M","M","E"],"character_chosen":"WATCHER","items_purchased":[],"campfire_rested":1,"item_purchase_floors":[],"current_hp_per_floor":[65,65,65,65,65,30,28,10,10,40,33,23,17,1,1],"gold":338,"neow_bonus":"THREE_ENEMY_KILL","is_daily":false,"chose_seed":false,"campfire_upgraded":0,"win_rate":0.0,"timestamp":1608478136,"path_taken":["M","?","?","M","?","E","M","E","T","R","?","M","M","E"],"items_purchased_type":[],"build_version":"2020-12-13","purchased_purges":0,"victory":false,"max_hp_per_floor":[72,72,72,72,72,72,72,72,72,72,72,72,72,72,72],"card_choices":[{"not_picked":["Swivel","Halt"],"picked":"TalkToTheHand","floor":1},{"not_picked":["EmptyFist","Consecrate"],"picked":"FollowUp","floor":3},{"not_picked":["CrushJoints","Collect"],"picked":"BowlingBash","floor":4},{"not_picked":["Protect","Crescendo"],"picked":"WaveOfTheHand","floor":6},{"not_picked":["Weave","FlurryOfBlows"],"picked":"Fasting2","floor":7},{"not_picked":["BattleHymn","FlurryOfBlows"],"picked":"ClearTheMind","floor":8},{"not_picked":["FlyingSleeves","Swivel","Halt"],"picked":"SKIP","floor":11},{"not_picked":["EmptyMind","WaveOfTheHand","EmptyFist"],"picked":"SKIP","floor":12},{"not_picked":["Vengeance","FlyingSleeves"],"picked":"JustLucky","floor":13}],"player_experience":2043619,"relics_obtained":[{"floor":6,"key":"Eternal Feather"},{"floor":8,"key":"MawBank"},{"floor":9,"key":"Blood Vial"}],"event_choices":[{"damage_healed":0,"gold_gain":0,"player_choice":"Forge","damage_taken":0,"max_hp_gain":0,"max_hp_loss":0,"event_name":"Accursed Blacksmith","floor":2,"gold_loss":0,"cards_upgraded":["TalkToTheHand"]},{"cards_removed":["Strike_P"],"damage_healed":0,"gold_gain":0,"player_choice":"Offered Basic","damage_taken":0,"max_hp_gain":0,"max_hp_loss":0,"event_name":"Bonfire Elementals","floor":5,"gold_loss":0}],"is_beta":false,"boss_relics":[],"items_purged_floors":[],"is_endless":false,"potions_floor_spawned":[1,3,8,12,13],"killed_by":"Lagavulin","ascension_level":13}}