{"host":"ruzbe9usp9zhw4m7","time":1608445532,"event":{"mods":["BaseMod","Colored Map","Downfall","Googly Eyes","Hermit","Marisa????????","Minty Spire (QoL Compilation)","Replay The Spire","StSLib","The Bug Knight","The Cursed","The Disciple","The Servant 0.9.4"],"gold_per_floor":[118,16,116,131,149,168,168,183,183,183,34,34,44,70,70,70,70],"floor_reached":16,"playtime":679,"items_purged":["Looming Evil"],"score":102,"play_id":"e1059d2c-f183-415e-b972-d2b77df0f71e","local_time":"20201220002532","is_ascension_mode":false,"campfire_choices":[{"data":"A Thousand Cuts","floor":7,"key":"SMITH"},{"data":"Finisher","floor":10,"key":"SMITH"},{"floor":12,"key":"REST"},{"floor":15,"key":"REST"}],"circlet_count":0,"master_deck":["Strike_G","Strike_G","Strike_G","Strike_G","Strike_G","Defend_G","Defend_G","Defend_G","Defend_G","Defend_G","Survivor","Neutralize","A Thousand Cuts+1","Hidden Blade","Hidden Blade","Finisher+1","Dagger Spray","Outmaneuver","Accuracy"],"relics":["Ring of the Snake","Mummified Hand","Nunchaku","Frozen Egg 2"],"acts_visited":["Exordium"],"potions_floor_usage":[14,16],"damage_taken":[{"damage":1,"enemies":"2 Louse","floor":1,"turns":5},{"damage":1,"enemies":"Cultist","floor":4,"turns":4},{"damage":13,"enemies":"Jaw Worm","floor":5,"turns":5},{"damage":4,"enemies":"2 Fungi Beasts","floor":6,"turns":5},{"damage":16,"enemies":"Blue Slaver","floor":8,"turns":3},{"damage":8,"enemies":"Red Slaver","floor":13,"turns":2},{"damage":14,"enemies":"HollowMod:MossKnight","floor":14,"turns":6},{"damage":55,"enemies":"Hexaghost","floor":16,"turns":11}],"seed_played":"1165661326924482830","potions_obtained":[{"floor":4,"key":"GhostInAJar"},{"floor":6,"key":"LifebloodPotion"}],"is_trial":false,"path_per_floor":["M","$","?","M","M","M","R","M","T","R","$","R","M","E","R","B"],"character_chosen":"THE_SILENT","items_purchased":["Hidden Blade","Nunchaku"],"campfire_rested":2,"item_purchase_floors":[2,11],"current_hp_per_floor":[69,69,69,68,55,51,51,35,35,35,35,56,48,34,55,0,0],"gold":70,"neow_bonus":"THREE_RARE_CARDS","is_daily":false,"chose_seed":false,"campfire_upgraded":2,"win_rate":0.0,"timestamp":1608445532,"path_taken":["M","$","?","?","M","M","R","M","T","R","$","R","M","E","R","BOSS"],"items_purchased_type":["Card","Relic"],"build_version":"2020-12-13","purchased_purges":1,"victory":false,"max_hp_per_floor":[70,70,70,70,70,70,70,70,70,70,70,70,70,70,70,70,70],"card_choices":[{"not_picked":["Glass Knife","Night Terror"],"picked":"A Thousand Cuts","floor":0},{"not_picked":["Cloak And Dagger","Masterful Stab"],"picked":"Hidden Blade","floor":1},{"not_picked":["Skewer","Riddle With Holes"],"picked":"Finisher","floor":4},{"not_picked":["Expertise","Acrobatics"],"picked":"Dagger Spray","floor":5},{"not_picked":["Sucker Punch","Calculated Gamble"],"picked":"Outmaneuver","floor":6},{"not_picked":["Poisoned Stab","Escape Plan","Blur"],"picked":"SKIP","floor":8},{"not_picked":["Flying Knee","Outmaneuver"],"picked":"Accuracy","floor":13},{"not_picked":["Die Die Die","Backflip","Unload"],"picked":"SKIP","floor":14}],"player_experience":661668,"relics_obtained":[{"floor":9,"key":"Mummified Hand"},{"floor":14,"key":"Frozen Egg 2"}],"event_choices":[{"damage_healed":0,"gold_gain":100,"player_choice":"Gold","damage_taken":0,"max_hp_gain":0,"max_hp_loss":0,"event_name":"Wheel of Change","floor":3,"gold_loss":0}],"is_beta":false,"boss_relics":[],"items_purged_floors":[2],"is_endless":false,"potions_floor_spawned":[4,6],"killed_by":"Hexaghost","ascension_level":0}}