{"host":"swphzoo6hmc78epl","time":1608436435,"event":{"mods":["BaseMod","Highlight Path","Minty Spire (QoL Compilation)","Quick Restart"],"gold_per_floor":[112,112,38,38,50,79,79,110,110,134,168,192,217,241,241,241,241],"floor_reached":16,"playtime":527,"items_purged":[],"score":158,"play_id":"8e0c22ea-9b56-4fa0-ace8-4d8167cf94fa","local_time":"20201219225355","is_ascension_mode":true,"campfire_choices":[{"data":"Envenom","floor":15,"key":"SMITH"}],"circlet_count":0,"master_deck":["Strike_G","Strike_G+1","Strike_G","Strike_G","Strike_G","Defend_G","Defend_G","Defend_G","Defend_G","Defend_G","Survivor","Neutralize","Flying Knee","Die Die Die+1","Envenom+1","Sucker Punch","Injury","Cloak And Dagger","Cloak And Dagger","Deadly Poison","Caltrops"],"relics":["Ring of the Snake","NeowsBlessing","Singing Bowl","Whetstone","Golden Idol","Bag of Preparation","Nunchaku","CeramicFish"],"acts_visited":["Exordium"],"potions_floor_usage":[8],"damage_taken":[{"damage":0,"enemies":"2 Louse","floor":1,"turns":1},{"damage":0,"enemies":"Jaw Worm","floor":5,"turns":1},{"damage":0,"enemies":"3 Sentries","floor":6,"turns":1},{"damage":35,"enemies":"Lagavulin","floor":8,"turns":9},{"damage":0,"enemies":"Cultist","floor":11,"turns":2},{"damage":0,"enemies":"Large Slime","floor":12,"turns":3},{"damage":3,"enemies":"Blue Slaver","floor":13,"turns":5},{"damage":5,"enemies":"2 Fungi Beasts","floor":14,"turns":3},{"damage":26,"enemies":"The Guardian","floor":16,"turns":8}],"seed_played":"2920379740660588838","potions_obtained":[{"floor":1,"key":"GamblersBrew"},{"floor":5,"key":"DuplicationPotion"},{"floor":6,"key":"GamblersBrew"}],"is_trial":false,"path_per_floor":["M","?","$","?","M","E","?","E","T","T","M","M","M","M","R","B"],"character_chosen":"THE_SILENT","items_purchased":["Die Die Die"],"campfire_rested":0,"item_purchase_floors":[3],"current_hp_per_floor":[70,67,67,67,67,67,67,34,34,34,34,34,31,26,26,0,0],"gold":241,"neow_bonus":"THREE_ENEMY_KILL","is_daily":false,"chose_seed":false,"campfire_upgraded":1,"win_rate":0.0,"timestamp":1608436435,"path_taken":["M","?","$","?","?","E","?","E","T","?","M","M","M","M","R","BOSS"],"items_purchased_type":["Card"],"build_version":"2020-12-13","purchased_purges":0,"victory":false,"max_hp_per_floor":[70,70,70,70,70,70,70,72,72,72,72,72,72,72,72,72,72],"card_choices":[{"not_picked":["Escape Plan","Outmaneuver"],"picked":"Flying Knee","floor":1},{"not_picked":["Underhanded Strike","Dagger Spray"],"picked":"Envenom","floor":5},{"not_picked":["Dodge and Roll","Tactician"],"picked":"Sucker Punch","floor":6},{"not_picked":["Outmaneuver","Escape Plan","Accuracy"],"picked":"Singing Bowl","floor":8},{"not_picked":["Setup","Deflect"],"picked":"Cloak And Dagger","floor":11},{"not_picked":["Flying Knee","Concentrate"],"picked":"Cloak And Dagger","floor":12},{"not_picked":["Backflip","Acrobatics"],"picked":"Deadly Poison","floor":13},{"not_picked":["Quick Slash","Die Die Die"],"picked":"Caltrops","floor":14}],"player_experience":753401,"relics_obtained":[{"floor":6,"key":"Whetstone"},{"floor":8,"key":"Bag of Preparation"},{"floor":9,"key":"Nunchaku"},{"floor":10,"key":"CeramicFish"}],"event_choices":[{"damage_healed":0,"gold_gain":0,"player_choice":"Success","damage_taken":3,"relics_obtained":["Singing Bowl"],"max_hp_gain":0,"max_hp_loss":0,"event_name":"Scrap Ooze","floor":2,"gold_loss":0},{"damage_healed":0,"gold_gain":0,"player_choice":"0 cards matched","damage_taken":0,"max_hp_gain":0,"max_hp_loss":0,"event_name":"Match and Keep!","floor":4,"gold_loss":0,"cards_obtained":[]},{"damage_healed":0,"gold_gain":0,"player_choice":"Take Wound","damage_taken":0,"relics_obtained":["Golden Idol"],"max_hp_gain":0,"max_hp_loss":0,"event_name":"Golden Idol","floor":7,"gold_loss":0,"cards_obtained":["Injury"]}],"is_beta":false,"boss_relics":[],"items_purged_floors":[],"is_endless":false,"potions_floor_spawned":[1,5,6],"killed_by":"The Guardian","ascension_level":3}}