{"host":"mm0v83pkg2fvsdgl","time":1608475205,"event":{"mods":["2.2 Compatiblity","Alarm Clock","AlwaysNeverKeys","BaseMod","Beaked The Cultist","Bestiary","Better Altar","Better Match","Better Note","Better Sensory Stone","Better Silent Start","Better Third Choice","Clawfect","Displayed Cursed Tome","Energized Spire","Friendly Minions","Highlight Path","Ironclad Rager","Keyboard Shortcuts","Lotus Mark","Marisa????????","Marked Mod","Mimic Mod","Minty Spire (QoL Compilation)","Permanent Neow","Railgun Mod","Remove Card Discount Mod","Shade Mod","Somnambulant","Spicy Shops","StSLib","Swap Starting Deck Mod","The Construct","The Disciple","The Dragon Tamer","The Hierophant","TheHeartMod","TheVacant","Transform Curses","Unceasing Turn Reminder","Wandering Minibosses"],"gold_per_floor":[115,127,137,151,151,151,166,166,193,213,18,51,51,66,66,66,66,66],"floor_reached":16,"playtime":999,"items_purged":["DTMod:MaximumCharge","DTMod:MaximumCharge","DTMod:MaximumCharge","DTMod:MaximumCharge","DTMod:MaximumCharge","DTMod:Training","DTMod:Training","DTMod:Training","DTMod:Training","DTMod:Training","DTMod:BlazingStrike","DTMod:BlazingStrike"],"score":104,"play_id":"2d8ef2ef-515f-41de-9cd1-2e7c70cd77db","local_time":"20201220094005","daily_mods":["Draft","Specialized","Lethality","Uncertain Future"],"is_ascension_mode":false,"metric_token":2643,"campfire_choices":[{"data":"DTMod:CleansingStrike","floor":6,"key":"SMITH"},{"data":"DTMod:MagiciansMark","floor":8,"key":"SMITH"},{"data":"DTMod:OpeningTactic","floor":15,"key":"SMITH"}],"dtmod_dragon_data":[15,50,-1,-1,0,0],"circlet_count":0,"master_deck":["DTMod:CleansingStrike+1","DTMod:CleansingStrike","DTMod:WarmUp","DTMod:MagiciansMark+1","DTMod:CleansingStrike","DTMod:QuickFly","DTMod:QuickFly","DTMod:MasterPlan","DTMod:MagicField","DTMod:StarRain","DTMod:Threaten","DTMod:Coolant","DTMod:OpeningTactic+1","DTMod:InvisibleFlame","DTMod:BalancedStrike","DTMod:Dissolve"],"relics":["DTMod:PactStone","Boot","Dream Catcher"],"acts_visited":["Exordium"],"potions_floor_usage":[16,16],"damage_taken":[{"damage":0,"enemies":"2 Louse","floor":1,"turns":2},{"damage":0,"enemies":"Small Slimes","floor":2,"turns":1},{"damage":0,"enemies":"Cultist","floor":3,"turns":3},{"damage":5,"enemies":"Gremlin Gang","floor":4,"turns":4},{"damage":0,"enemies":"Exordium Wildlife","floor":7,"turns":2},{"damage":0,"enemies":"Red Slaver","floor":10,"turns":2},{"damage":8,"enemies":"Lagavulin","floor":12,"turns":3},{"damage":0,"enemies":"Exordium Thugs","floor":14,"turns":2},{"damage":40,"enemies":"The Guardian","floor":16,"turns":6}],"seed_played":"5226011172873631956","potions_obtained":[{"floor":3,"key":"PowerPotion"},{"floor":4,"key":"ColorlessPotion"},{"floor":10,"key":"FearPotion"}],"is_trial":true,"path_per_floor":["M","M","M","M","?","R","M","R","T","M","$","E","?","M","R","B"],"character_chosen":"THE_DT","items_purchased":["DTMod:InvisibleFlame","DTMod:BalancedStrike"],"campfire_rested":0,"item_purchase_floors":[11,11],"current_hp_per_floor":[45,45,45,40,40,40,40,40,40,40,40,32,32,32,32,0,0,0],"gold":66,"neow_bonus":"","is_daily":false,"chose_seed":false,"campfire_upgraded":3,"win_rate":0.0,"timestamp":1608475205,"path_taken":["M","M","M","M","?","R","M","R","T","M","$","E","?","?","R","BOSS"],"items_purchased_type":["Card","Card"],"build_version":"2020-12-13","purchased_purges":12,"victory":false,"max_hp_per_floor":[45,45,45,45,45,45,45,45,45,45,45,45,45,45,45,45,45,45],"card_choices":[{"not_picked":["DTMod:MagicField","DTMod:MagiciansMark"],"picked":"DTMod:CleansingStrike","floor":0},{"not_picked":["DTMod:MagicField","DTMod:Cover"],"picked":"DTMod:BlazingStrike","floor":0},{"not_picked":["DTMod:BreakAttack","DTMod:Hide"],"picked":"DTMod:CleansingStrike","floor":0},{"not_picked":["DTMod:HeatWave","DTMod:FlameSlash"],"picked":"DTMod:Training","floor":0},{"not_picked":["DTMod:RunningTactic","DTMod:Haste"],"picked":"DTMod:BlazingStrike","floor":0},{"not_picked":["DTMod:HeatWave","DTMod:Conduct"],"picked":"DTMod:WarmUp","floor":0},{"not_picked":["DTMod:DarkBreath","DTMod:DeepFocus"],"picked":"DTMod:Training","floor":0},{"not_picked":["DTMod:Weaken","DTMod:HeatWave"],"picked":"DTMod:MagiciansMark","floor":0},{"not_picked":["DTMod:Threaten","DTMod:RecklessFlurry"],"picked":"DTMod:Training","floor":0},{"not_picked":["DTMod:MasterPlan","DTMod:BizarreTactic"],"picked":"DTMod:CleansingStrike","floor":0},{"not_picked":["DTMod:MagicField","DTMod:RunningTactic"],"picked":"DTMod:Training","floor":0},{"not_picked":["DTMod:SneakAttack","DTMod:MagicField"],"picked":"DTMod:QuickFly","floor":0},{"not_picked":["DTMod:Conduct","DTMod:HeatWave"],"picked":"DTMod:QuickFly","floor":0},{"not_picked":["DTMod:BuildUp","DTMod:RecklessFlurry"],"picked":"DTMod:Weaken","floor":0},{"not_picked":["DTMod:Weaken","DTMod:BreakAttack"],"picked":"DTMod:MasterPlan","floor":0},{"not_picked":["DTMod:ComboAttack","DTMod:CleansingStrike"],"picked":"DTMod:MagicField","floor":1},{"not_picked":["DTMod:Feint","DTMod:Threaten"],"picked":"DTMod:Training","floor":2},{"not_picked":["DTMod:Training","DTMod:BreakAttack","DTMod:BlazingStrike"],"picked":"SKIP","floor":3},{"not_picked":["DTMod:Training","DTMod:RecklessFlurry"],"picked":"DTMod:StarRain","floor":4},{"not_picked":["DTMod:DragonDance","DTMod:Feint"],"picked":"DTMod:Coolant","floor":7},{"not_picked":["DTMod:ComboAttack","DTMod:Cover"],"picked":"DTMod:OpeningTactic","floor":10},{"not_picked":["DTMod:DeepFocus","DTMod:LastStand"],"picked":"DTMod:Dissolve","floor":12},{"not_picked":["DTMod:BizarreTactic","DTMod:DarkBreath","DTMod:QuickFly"],"picked":"SKIP","floor":14},{"not_picked":["DTMod:BizarreTactic","DTMod:DarkBreath","DTMod:QuickFly"],"picked":"SKIP","floor":14}],"player_experience":639735,"relics_obtained":[{"floor":9,"key":"Boot"},{"floor":12,"key":"Dream Catcher"}],"event_choices":[{"damage_healed":0,"gold_gain":0,"cards_transformed":["DTMod:Weaken"],"player_choice":"Change","damage_taken":0,"max_hp_gain":0,"max_hp_loss":0,"event_name":"Living Wall","floor":5,"gold_loss":0,"cards_obtained":["DTMod:Threaten"]},{"damage_healed":0,"gold_gain":0,"player_choice":"Ignored","damage_taken":0,"max_hp_gain":0,"max_hp_loss":0,"event_name":"Purifier","floor":13,"gold_loss":0}],"is_beta":false,"boss_relics":[],"items_purged_floors":[11,11,11,11,11,11,11,11,11,11,11,11],"is_endless":false,"potions_floor_spawned":[3,4,10],"killed_by":"The Guardian","ascension_level":0}}