{"host":"wonp23fsqqcu31ie","time":1608508602,"event":{"mods":["2.2 Compatiblity","AchievementEnabler","Aspiration","BaseMod","Bestiary","Better Altar","Better Match","Better Sensory Stone","Better Skull","Better Third Choice","BetterRewards","Block Reminder","Colored Map","Colored Powertips","Conspire","DeckTracker","Displayed Cursed Tome","Downfall","Hermit","Highlight Path","Hubris","Minty Spire (QoL Compilation)","Permanent Neow","Quick Restart","Rare Cards Sparkle","Relic Stats","Replay The Spire","Shade Mod","Shop Mod","StSLib","SuperFastMode","The Animator","The Cursed","The Dragon Tamer","The Gatherer","The Necromancer","The Runesmith","The Servant 0.9.4"],"gold_per_floor":[115,152,2,2,2,2,22,48,73,73,73,73],"floor_reached":11,"playtime":252,"items_purged":[],"score":76,"play_id":"785619cf-0098-4e34-85f6-55b0079e9ed6","local_time":"20201221105642","is_ascension_mode":true,"campfire_choices":[{"floor":6,"key":"RECALL"},{"floor":10,"key":"REST"}],"circlet_count":0,"master_deck":["Strike_P","Strike_P","Strike_P","Strike_P","Defend_P","Defend_P","Defend_P","Defend_P","Eruption","Vigilance","PathToVictory","PathToVictory","Protect","LikeWater"],"relics":["PureWater","hubris:SlimyHat","Replay:Mystery Machine","Blue Doll","aspiration:BabyByrd","Ginger"],"acts_visited":["Exordium"],"potions_floor_usage":[8],"damage_taken":[{"damage":0,"enemies":"Jaw Worm","floor":1,"turns":3},{"damage":42,"enemies":"conspire:MimicChest","floor":2,"turns":3},{"damage":1,"enemies":"2 Louse","floor":7,"turns":2},{"damage":18,"enemies":"Lagavulin","floor":8,"turns":4},{"damage":32,"enemies":"3 Sentries","floor":11,"turns":18}],"seed_played":"-3498880086855665440","potions_obtained":[{"floor":2,"key":"AttackPotion"}],"is_trial":false,"path_per_floor":["M","?","$","?","$","R","M","E","T","R","E"],"character_chosen":"WATCHER","items_purchased":["Blue Doll"],"campfire_rested":1,"item_purchase_floors":[3],"current_hp_per_floor":[72,30,30,30,30,30,29,11,11,32,0,0],"gold":73,"neow_bonus":"RANDOM_COMMON_RELIC","is_daily":false,"chose_seed":false,"campfire_upgraded":0,"win_rate":0.0,"timestamp":1608508602,"path_taken":["M","?","$","?","$","R","M","E","T","R","E"],"items_purchased_type":["Relic"],"build_version":"2020-12-13","purchased_purges":0,"victory":false,"max_hp_per_floor":[72,72,72,72,72,72,72,72,72,72,72,72],"relic_stats":{"counters":[5,30],"Ginger":[0],"obtain_stats":[{"aspiration:BabyByrd":4,"Blue Doll":3,"hubris:SlimyHat":0,"Ginger":8,"PureWater":0,"Replay:Mystery Machine":2},{"aspiration:BabyByrd":2,"Blue Doll":2,"hubris:SlimyHat":0,"Ginger":4,"PureWater":0,"Replay:Mystery Machine":2},{"aspiration:BabyByrd":6,"Blue Doll":6,"hubris:SlimyHat":0,"Ginger":12,"PureWater":0,"Replay:Mystery Machine":6}]},"card_choices":[{"not_picked":["Wallop","Replay:Anticipation"],"picked":"PathToVictory","floor":1},{"not_picked":["Replay:Battleflow","Conclude"],"picked":"PathToVictory","floor":2},{"not_picked":["Study","CrushJoints"],"picked":"Protect","floor":7},{"not_picked":["Perseverance","Collect"],"picked":"LikeWater","floor":8}],"player_experience":658114,"relics_obtained":[{"floor":2,"key":"Replay:Mystery Machine"},{"floor":8,"key":"Ginger"}],"event_choices":[],"is_beta":false,"boss_relics":[],"items_purged_floors":[],"is_endless":false,"potions_floor_spawned":[2],"killed_by":"3 Sentries","ascension_level":2}}