{"host":"p5nht1vx148lgsp8","time":1608495335,"event":{"mods":["AchievementEnabler","BaseMod","Better Altar","Better Match","Better Note","Better Sensory Stone","Better Skull","Better Third Choice","Colored Map","Colored Powertips","Downfall","Infinite Spire","KinomotoSakuraMod(????)","Marisa????????","Minty Spire (QoL Compilation)","Permanent Neow","Prisma Mod","Replay The Spire","StSLib","The Servant 0.9.4","Waifu the Spire"],"gold_per_floor":[117,117,130,140,159,190,190,190,190,208,221,221,221,232,232,333,333,349,85,0,0,0,29,29,70,96,111,142,28,53,87,87,206,206,206,228,256,56,79,79,118,118,163,205,205,205,217,217,217,241,241],"floor_reached":50,"playtime":2597,"items_purged":["Parasite","Strike_R","Strike_R"],"score":759,"play_id":"d4b5d72e-ce89-4ba0-8105-9e15441098eb","local_time":"20201220121535","is_ascension_mode":true,"campfire_choices":[{"data":"Searing Blow","floor":8,"key":"SMITH"},{"data":"Searing Blow+1","floor":12,"key":"SMITH"},{"data":"Searing Blow+2","floor":15,"key":"SMITH"},{"data":"Searing Blow+3","floor":24,"key":"SMITH"},{"floor":32,"key":"REST"},{"floor":42,"key":"REST"},{"floor":46,"key":"REST"},{"data":"Double Tap","floor":49,"key":"SMITH"}],"circlet_count":0,"master_deck":["Strike_R","Strike_R","Strike_R","Defend_R","Defend_R","Defend_R","Defend_R","Bash","expansioncontent:DonusPower","Searing Blow+4","Rampage","Feed","Pummel","Self Repair+1","Double Tap+1","ReplayTheSpireMod:Corrosion Curse+1","ReplayTheSpireMod:Brewmster","Dual Wield+1","Ghostly Armor","Offering+1","ReplayTheSpireMod:Stacked+1","Fire Breathing+1","Burning Pact","Fire Breathing+1","Parasite","Doubt"],"relics":["Lantern","Pen Nib","Iron Core","infinitespire:Burning Sword","infinitespire:Midas Blood","SacredBark","Shuriken","infinitespire:Lucky Rock","Bronze Scales","Replay:Multitool","Pet Ghost","Ring of Chaos","Akabeko","Strawberry","Boot","ReplayTheSpireMod:Shallot","Chemical X"],"acts_visited":["Exordium","TheCity","TheBeyond"],"potions_floor_usage":[6,14,16,25,25,25,25,25,27,27,30,31,31,33,33,33,33,33,33,33,33,35,36,37,37,39,39,41,41,41,41,41,41,41,44,47,50],"damage_taken":[{"damage":1,"enemies":"Cultist","floor":1,"turns":3},{"damage":0,"enemies":"Small Slimes","floor":3,"turns":3},{"damage":2,"enemies":"2 Louse","floor":4,"turns":2},{"damage":9,"enemies":"Blue Slaver","floor":5,"turns":4},{"damage":15,"enemies":"Gremlin Nob","floor":6,"turns":3},{"damage":11,"enemies":"2 Fungi Beasts","floor":10,"turns":4},{"damage":11,"enemies":"Looter","floor":11,"turns":2},{"damage":0,"enemies":"Gremlin Gang","floor":14,"turns":4},{"damage":55,"enemies":"Slime Boss","floor":16,"turns":12},{"damage":2,"enemies":"Spheric Guardian","floor":18,"turns":2},{"damage":0,"enemies":"Slavers","floor":23,"turns":1},{"damage":46,"enemies":"Nightmare","floor":25,"turns":8},{"damage":13,"enemies":"2 Thieves","floor":27,"turns":2},{"damage":12,"enemies":"Book of Stabbing","floor":28,"turns":2},{"damage":36,"enemies":"Snake Plant","floor":30,"turns":3},{"damage":42,"enemies":"3 Cultists","floor":31,"turns":5},{"damage":59,"enemies":"Automaton","floor":33,"turns":6},{"damage":0,"enemies":"3 Darklings","floor":35,"turns":1},{"damage":11,"enemies":"Orb Walker","floor":36,"turns":2},{"damage":28,"enemies":"Sphere and 2 Shapes","floor":37,"turns":4},{"damage":36,"enemies":"Spire Growth","floor":39,"turns":3},{"damage":30,"enemies":"Giant Head","floor":41,"turns":6},{"damage":63,"enemies":"Reptomancer","floor":44,"turns":5},{"damage":15,"enemies":"Writhing Mass","floor":47,"turns":3},{"damage":107,"enemies":"Awakened One","floor":50,"turns":6}],"seed_played":"-2108985335341214248","potions_obtained":[{"floor":1,"key":"FairyPotion"},{"floor":3,"key":"ElixirPotion"},{"floor":5,"key":"SneckoOil"},{"floor":10,"key":"ColorlessPotion"},{"floor":16,"key":"Weak Potion"},{"floor":25,"key":"AttackPotion"},{"floor":28,"key":"Swift Potion"},{"floor":39,"key":"SteroidPotion"},{"floor":41,"key":"Toxic Potion"},{"floor":44,"key":"Toxic Potion"},{"floor":47,"key":"Flashbang"}],"is_trial":false,"path_per_floor":["M","$","M","M","M","E","?","R","T","M","M","R","?","M","R","B",null,"M","$","?","AVR","?","E","R","NM","T","M","E","?","M","M","R","B",null,"M","M","M","$","M","R","E","R","T","E","AVR","R","M","?","R","B"],"character_chosen":"IRONCLAD","items_purchased":["ReplayTheSpireMod:Brewmster","Fire Breathing+1","Akabeko"],"campfire_rested":3,"item_purchase_floors":[19,38,38],"current_hp_per_floor":[80,80,80,80,77,68,80,80,80,78,73,73,73,86,86,44,89,87,86,86,86,86,86,86,50,50,50,48,48,22,37,63,42,92,92,91,76,76,50,78,65,95,95,42,42,72,67,102,102,0,0],"gold":241,"neow_bonus":"RANDOM_COLORLESS","is_daily":false,"chose_seed":false,"campfire_upgraded":5,"win_rate":0.0,"timestamp":1608495335,"path_taken":["M","$","M","M","?","E","?","R","T","M","M","R","?","M","R","BOSS","M","$","?","AVR","?","E","R","NM","T","M","E","?","M","M","R","BOSS","M","M","M","$","?","R","E","R","T","E","AVR","R","M","?","R","BOSS"],"items_purchased_type":["Card","Card","Relic"],"build_version":"2020-12-13","purchased_purges":3,"victory":false,"max_hp_per_floor":[80,80,80,80,80,80,80,80,80,83,83,83,83,86,86,89,89,89,86,86,86,86,86,86,86,86,89,89,89,89,89,89,92,92,92,92,95,95,95,95,102,102,102,102,102,102,102,102,102,102,102],"card_choices":[{"not_picked":["expansioncontent:BronzeBeam","Jack Of All Trades"],"picked":"expansioncontent:DonusPower","floor":0},{"not_picked":["ReplayTheSpireMod:Muscle Training","Bloodletting"],"picked":"Searing Blow","floor":1},{"not_picked":["Spot Weakness","Body Slam","Cleave"],"picked":"SKIP","floor":3},{"not_picked":["Rage","Cleave","Searing Blow"],"picked":"SKIP","floor":4},{"not_picked":["Flex","Sentinel"],"picked":"Rampage","floor":5},{"not_picked":["Massacre","Shrug It Off"],"picked":"Feed","floor":6},{"not_picked":["ReplayTheSpireMod:LeadingStrike","Heavy Blade","ReplayTheSpireMod:Strike From Hell"],"picked":"SKIP","floor":10},{"not_picked":["Sever Soul","Replay:Undeath\u0027s Touch"],"picked":"Pummel","floor":11},{"not_picked":["Replay:Many Hands","WeaponsOverheat","Iron Wave"],"picked":"SKIP","floor":14},{"not_picked":["Immolate","Impervious"],"picked":"Double Tap","floor":16},{"not_picked":["Armaments","Rage"],"picked":"ReplayTheSpireMod:Corrosion Curse+1","floor":18},{"not_picked":["Anger+1","Shrug It Off","Entrench"],"picked":"SKIP","floor":23},{"not_picked":["Combust+1","True Grit","Cleave"],"picked":"SKIP","floor":25},{"not_picked":["Spot Weakness","Armaments","Headbutt"],"picked":"SKIP","floor":27},{"not_picked":["Headbutt","Evolve"],"picked":"Dual Wield+1","floor":28},{"not_picked":["Havoc","Thunderclap","Evolve"],"picked":"SKIP","floor":30},{"not_picked":["Iron Wave+1","Armaments"],"picked":"Ghostly Armor","floor":31},{"not_picked":["Brutality","Juggernaut"],"picked":"Offering","floor":33},{"not_picked":["ReplayTheSpireMod:Limb From Limb+1","Replay:Undeath\u0027s Touch"],"picked":"ReplayTheSpireMod:Stacked+1","floor":36},{"not_picked":["Warcry","Defy Death+1","Combust+1"],"picked":"SKIP","floor":37},{"not_picked":["Warcry+1","ReplayTheSpireMod:Strike From Hell+1"],"picked":"Burning Pact","floor":39},{"not_picked":["Flame Barrier","Sword Boomerang","ReplayReversal"],"picked":"SKIP","floor":41},{"not_picked":["Impervious","Shrug It Off+1"],"picked":"Fire Breathing+1","floor":44},{"not_picked":["Pommel Strike","Heavy Blade","Clash"],"picked":"SKIP","floor":47}],"player_experience":180344,"relics_obtained":[{"floor":6,"key":"Lantern"},{"floor":9,"key":"Pen Nib"},{"floor":23,"key":"Shuriken"},{"floor":25,"key":"infinitespire:Lucky Rock"},{"floor":26,"key":"Bronze Scales"},{"floor":28,"key":"Replay:Multitool"},{"floor":41,"key":"Strawberry"},{"floor":43,"key":"Boot"},{"floor":44,"key":"ReplayTheSpireMod:Shallot"}],"event_choices":[{"damage_healed":20,"gold_gain":0,"player_choice":"Healed and dodged fight","damage_taken":0,"max_hp_gain":0,"max_hp_loss":0,"event_name":"Mushrooms","floor":7,"gold_loss":0,"cards_obtained":["Parasite"]},{"damage_healed":0,"gold_gain":0,"player_choice":"Obtained Relic","damage_taken":0,"relics_obtained":["infinitespire:Midas Blood"],"max_hp_gain":0,"max_hp_loss":0,"event_name":"Addict","floor":20,"gold_loss":85},{"damage_healed":0,"gold_gain":0,"player_choice":"Ignored","damage_taken":0,"max_hp_gain":0,"max_hp_loss":0,"event_name":"Vampires","floor":22,"gold_loss":0},{"damage_healed":0,"gold_gain":0,"player_choice":"Paid Gold","damage_taken":0,"relics_obtained":["Pet Ghost"],"max_hp_gain":0,"max_hp_loss":0,"event_name":"WeMeetAgain","floor":29,"gold_loss":114},{"damage_healed":35,"gold_gain":0,"player_choice":"Heal","damage_taken":0,"max_hp_gain":0,"max_hp_loss":0,"event_name":"MindBloom","floor":48,"gold_loss":0,"cards_obtained":["Doubt"]}],"is_beta":false,"boss_relics":[{"not_picked":["ReplayTheSpireMod:DimensionalGlitch","Honey Jar"],"picked":"infinitespire:Burning Sword"},{"not_picked":["Cursed Key","Replay:Bronze Core"],"picked":"Ring of Chaos"}],"items_purged_floors":[19,21,45],"is_endless":false,"potions_floor_spawned":[1,3,5,10,16,25,28,30,33,35,39,41,44,47],"killed_by":"Awakened One","ascension_level":4}}