{"host":"m1ntkrf87179kmo6","time":1608479358,"event":{"mods":["BaseMod","Better Third Choice","Minty Spire (QoL Compilation)","Shade Mod","StSLib"],"gold_per_floor":[116,116,116,140,151,151,161,161,161,176,209,209,209,227,227,353,416,435,449,449,462,41,41,41,41,41,16,33,47,61,61,61,165,165,181,181,108,108,119,119,137,153,153,224,238,238,238,252,252,252,252],"floor_reached":50,"playtime":4275,"items_purged":["Injury"],"score":469,"play_id":"37a69377-0117-4c82-8868-0685d483bded","local_time":"20201220104918","is_ascension_mode":false,"campfire_choices":[{"floor":6.0,"key":"REST"},{"floor":8.0,"key":"RECALL"},{"floor":12.0,"key":"REST"},{"data":"Shade:AnimateDead","floor":15.0,"key":"SMITH"},{"floor":23.0,"key":"REST"},{"data":"Shade:Bite_Shade","floor":25.0,"key":"SMITH"},{"floor":32.0,"key":"REST"},{"data":"Shade:TouchOfTheGrave","floor":40,"key":"SMITH"},{"data":"Shade:ExtraLimbs","floor":47,"key":"SMITH"},{"floor":49,"key":"REST"}],"circlet_count":0,"master_deck":["Shade:Strike_Shade","Shade:Strike_Shade","Shade:Defend_Shade","Shade:Defend_Shade+1","Shade:Defend_Shade","Shade:Defend_Shade","Shade:AnimateDead+1","Shade:CarefulCut+1","Shade:Brains+1","Shade:FuneraryArmor","Shade:FleshLikeOak","Shade:ExtraLimbs+1","Shade:FuneraryArmor","Shade:FuneraryJewels","Shade:Bite_Shade+1","Shade:FuneraryArmor","Shade:ClawBack","Shade:FuneraryArmor","Shade:ClawBack+1","Shade:FuneraryArmor","Shade:TouchOfTheGrave+1","Shade:Asphyxiate","Shade:ExtraLimbs+1","Doubt"],"relics":["Shade:YorickSkull","NeowsBlessing","Bag of Marbles","Bronze Scales","Regal Pillow","Bloody Idol","Tiny House","Bottled Flame","Letter Opener","Singing Bowl"],"acts_visited":["Exordium","TheCity","TheBeyond"],"potions_floor_usage":[41,48,50],"damage_taken":[{"damage":0.0,"enemies":"Small Slimes","floor":1.0,"turns":1.0},{"damage":0.0,"enemies":"2 Louse","floor":5.0,"turns":1.0},{"damage":0.0,"enemies":"Jaw Worm","floor":7.0,"turns":1.0},{"damage":13.0,"enemies":"Exordium Wildlife","floor":10.0,"turns":5.0},{"damage":11.0,"enemies":"3 Sentries","floor":11.0,"turns":13.0},{"damage":0.0,"enemies":"2 Fungi Beasts","floor":14.0,"turns":3.0},{"damage":6.0,"enemies":"The Guardian","floor":16.0,"turns":12.0},{"damage":16.0,"enemies":"Shell Parasite","floor":18.0,"turns":6.0},{"damage":0.0,"enemies":"Chosen","floor":19.0,"turns":7.0},{"damage":12.0,"enemies":"Snecko","floor":21.0,"turns":9.0},{"damage":4.0,"enemies":"Snake Plant","floor":28.0,"turns":4.0},{"damage":22.0,"enemies":"3 Cultists","floor":29.0,"turns":7.0},{"damage":12.0,"enemies":"Snecko","floor":30.0,"turns":7.0},{"damage":75.0,"enemies":"Automaton","floor":33.0,"turns":14.0},{"damage":6,"enemies":"3 Shapes","floor":35,"turns":5},{"damage":28,"enemies":"3 Darklings","floor":39,"turns":8},{"damage":18,"enemies":"Jaw Worm Horde","floor":41,"turns":5},{"damage":20,"enemies":"4 Shapes","floor":42,"turns":10},{"damage":19,"enemies":"3 Darklings","floor":45,"turns":6},{"damage":23,"enemies":"Spire Growth","floor":48,"turns":6},{"damage":81,"enemies":"Awakened One","floor":50,"turns":8}],"seed_played":"4120242965702521948","potions_obtained":[{"floor":5.0,"key":"Swift Potion"},{"floor":11.0,"key":"Block Potion"},{"floor":17.0,"key":"FairyPotion"},{"floor":21.0,"key":"BlessingOfTheForge"},{"floor":30.0,"key":"CultistPotion"},{"floor":35,"key":"ColorlessPotion"},{"floor":45,"key":"Energy Potion"},{"floor":48,"key":"Weak Potion"}],"is_trial":false,"path_per_floor":["M","?","?","T","M","R","M","R","T","M","E","R","?","M","R","B",null,"M","M","?","M","$","R","?","R","T","$","M","M","M","?","R","B",null,"M","?","$","?","M","R","M","M","T","T","M","?","R","M","R","B"],"character_chosen":"SHADE","items_purchased":["Bottled Flame","Shade:FuneraryArmor","Block Potion","Shade:ClawBack","Shade:TouchOfTheGrave"],"campfire_rested":5,"item_purchase_floors":[22,22,22,27,37],"current_hp_per_floor":[65,58,45,45,45,64,64,64,64,51,40,65,65,65,65,59,70,54,54,54,48,48,70,70,70,70,70,70,56,58,58,70,26,70,70,70,70,70,53,53,43,34,34,39,30,72,72,56,74,0,0],"gold":252,"neow_bonus":"THREE_ENEMY_KILL","is_daily":false,"chose_seed":false,"campfire_upgraded":4,"win_rate":0.0,"timestamp":1608479358,"path_taken":["M","?","?","?","?","R","M","R","T","M","E","R","?","M","R","BOSS","M","M","?","M","$","R","?","R","T","$","?","M","M","?","R","BOSS","M","?","$","?","M","R","M","M","T","?","?","?","R","M","R","BOSS"],"items_purchased_type":["Relic","Card","Potion","Card","Card"],"build_version":"2020-12-13","purchased_purges":1,"victory":false,"max_hp_per_floor":[65,65,65,65,65,65,65,65,65,65,65,65,65,65,65,65,70,70,70,70,70,70,70,70,70,70,70,70,70,70,70,70,70,70,70,70,70,70,70,70,70,70,70,70,72,72,72,74,74,74,74],"card_choices":[{"not_picked":["Shade:BoneShards","Shade:SpontaneousRitual","Shade:SkeletonHug"],"picked":"SKIP","floor":1.0},{"not_picked":["Shade:FingerOfDeath","Shade:Trample"],"picked":"Shade:Brains","floor":5.0},{"not_picked":["Shade:Bonestorm","Shade:PressTheAttack","Shade:CommandSoldier"],"picked":"SKIP","floor":7.0},{"not_picked":["Shade:Trample","Shade:GraveStillness"],"picked":"Shade:FuneraryArmor","floor":10.0},{"not_picked":["Shade:WallOfFlesh","Shade:GraveStillness"],"picked":"Shade:FleshLikeOak","floor":11.0},{"not_picked":["Shade:Frenzy","Shade:GreyBargain"],"picked":"Shade:ExtraLimbs","floor":14.0},{"not_picked":["Shade:PressTheAttack","Shade:PoundOfFlesh"],"picked":"Shade:FuneraryArmor","floor":17.0},{"not_picked":["Shade:BoneShards+1","Shade:Awaken"],"picked":"Shade:FuneraryJewels","floor":18.0},{"not_picked":["Shade:SanguineRitual","Shade:Patience","Shade:FreshBones"],"picked":"SKIP","floor":19.0},{"not_picked":["Shade:RitualOffering","Shade:Patience","Shade:LyeBath+1"],"picked":"SKIP","floor":21.0},{"not_picked":["Shade:Bonestorm","Shade:BoneShards"],"picked":"Shade:FuneraryArmor","floor":28.0},{"not_picked":["Shade:BoneShards+1","Shade:FleshToFlesh"],"picked":"Shade:ClawBack+1","floor":29.0},{"not_picked":["Shade:OminousRitual","Shade:GraveStillness+1","Shade:Frenzy"],"picked":"SKIP","floor":30.0},{"not_picked":["Shade:SkeletonHug","Shade:BoneShards"],"picked":"Shade:FuneraryArmor","floor":35},{"not_picked":["Shade:BoneShards","Shade:StitchTogether+1","Shade:Awaken+1"],"picked":"SKIP","floor":39},{"not_picked":["Shade:GraveStillness","Shade:Brains"],"picked":"Shade:Asphyxiate","floor":41},{"not_picked":["Shade:ClawBack","Shade:Premonition+1"],"picked":"Shade:ExtraLimbs+1","floor":42},{"not_picked":["Shade:WallOfFlesh","Shade:ScuttlingHand","Shade:FuneraryArmor+1"],"picked":"Singing Bowl","floor":45},{"not_picked":["Shade:BoneShards","Shade:TouchOfTheGrave","Shade:Asphyxiate+1"],"picked":"Singing Bowl","floor":48}],"player_experience":1079770,"relics_obtained":[{"floor":4.0,"key":"Bag of Marbles"},{"floor":9.0,"key":"Bronze Scales"},{"floor":11.0,"key":"Regal Pillow"},{"floor":26.0,"key":"Letter Opener"},{"floor":44,"key":"Singing Bowl"}],"event_choices":[{"cards_removed":["Shade:Strike_Shade"],"damage_healed":0.0,"max_hp_gain":0.0,"max_hp_loss":0.0,"gold_gain":0.0,"event_name":"Golden Wing","player_choice":"Card Removal","floor":2.0,"gold_loss":0.0,"damage_taken":7.0},{"damage_healed":58.0,"max_hp_gain":0.0,"max_hp_loss":65.0,"gold_gain":0.0,"event_name":"betterThird:BetterShining","player_choice":"Upgrade","floor":3.0,"gold_loss":0.0,"damage_taken":13.0,"cards_upgraded":["Shade:CarefulCut","Shade:Defend_Shade"]},{"damage_healed":0.0,"max_hp_gain":0.0,"max_hp_loss":0.0,"gold_gain":0.0,"event_name":"Golden Idol","player_choice":"Take Wound","floor":13.0,"gold_loss":0.0,"damage_taken":0.0,"relics_obtained":["Golden Idol"],"cards_obtained":["Injury"]},{"damage_healed":0.0,"max_hp_gain":0.0,"max_hp_loss":0.0,"gold_gain":0.0,"event_name":"The Library","player_choice":"Read","floor":20.0,"gold_loss":0.0,"damage_taken":0.0,"cards_obtained":["Shade:Bite_Shade"]},{"damage_healed":0.0,"max_hp_gain":0.0,"max_hp_loss":0.0,"gold_gain":0.0,"event_name":"Forgotten Altar","player_choice":"Gave Idol","floor":24.0,"relics_lost":["Golden Idol"],"gold_loss":0.0,"damage_taken":0.0,"relics_obtained":["Bloody Idol"]},{"damage_healed":0.0,"max_hp_gain":0.0,"max_hp_loss":0.0,"gold_gain":0.0,"event_name":"Ghosts","player_choice":"Ignored","floor":31.0,"gold_loss":0.0,"damage_taken":0.0},{"damage_healed":0,"gold_gain":0,"player_choice":"Ignored","damage_taken":0,"max_hp_gain":0,"max_hp_loss":0,"event_name":"Tomb of Lord Red Mask","floor":36,"gold_loss":0},{"cards_removed":["Shade:Strike_Shade"],"damage_healed":0,"gold_gain":0,"player_choice":"Removed Attack","damage_taken":0,"max_hp_gain":0,"max_hp_loss":0,"event_name":"Falling","floor":38,"gold_loss":0},{"damage_healed":42,"gold_gain":0,"player_choice":"Heal","damage_taken":0,"max_hp_gain":0,"max_hp_loss":0,"event_name":"MindBloom","floor":46,"gold_loss":0,"cards_obtained":["Doubt"]}],"is_beta":false,"boss_relics":[{"not_picked":["Astrolabe","Philosopher\u0027s Stone"],"picked":"Tiny House"},{"not_picked":["Sozu","Coffee Dripper","Runic Dome"]}],"items_purged_floors":[22],"is_endless":false,"potions_floor_spawned":[5,11,21,30,35,45,48],"killed_by":"Awakened One","ascension_level":0}}