{"host":"ryuep8ewa00k39z9","time":1608482067,"event":{"mods":["AchievementEnabler","BaseMod","Best Route Mod","Colored Map","Colored Powertips","Displayed Cursed Tome","Highlight Path","Minty Spire (QoL Compilation)","Quick Restart","SuperFastMode"],"gold_per_floor":[115,115,115,75,95,95,125,125,171,183,183,208,508,156,156,235,235,255,275,294,294,121,121,121,121,121,152,152,72,104,128,128,128,128],"floor_reached":33,"playtime":963,"items_purged":["Regret"],"score":577,"play_id":"aa911205-f54e-4362-b26c-d7457f418a67","local_time":"20201220103427","is_ascension_mode":true,"campfire_choices":[{"data":"Searing Blow","floor":6.0,"key":"SMITH"},{"data":"Searing Blow+1","floor":8.0,"key":"SMITH"},{"data":"Searing Blow+2","floor":11.0,"key":"SMITH"},{"data":"Searing Blow+3","floor":15.0,"key":"SMITH"},{"floor":23.0,"key":"REST"},{"data":"Searing Blow+4","floor":25.0,"key":"SMITH"},{"floor":32.0,"key":"REST"}],"circlet_count":0,"master_deck":["AscendersBane","Strike_R","Strike_R","Strike_R","Strike_R","Defend_R","Defend_R","Defend_R","Defend_R","Bash","Spot Weakness","Bludgeon","Shockwave","Searing Blow+5","Limit Break","Flex","Ghostly Armor","Uppercut+1","Blood for Blood+1"],"relics":["Burning Blood","NeowsBlessing","Red Skull","Pen Nib","Lizard Tail","Old Coin","Molten Egg 2","Black Star","Sling","White Beast Statue","Paper Frog","Kunai","Dream Catcher","Self Forming Clay","MealTicket"],"acts_visited":["Exordium","TheCity"],"potions_floor_usage":[33],"damage_taken":[{"damage":0.0,"enemies":"Jaw Worm","floor":1.0,"turns":1.0},{"damage":0.0,"enemies":"Cultist","floor":5.0,"turns":1.0},{"damage":0.0,"enemies":"Gremlin Nob","floor":7.0,"turns":1.0},{"damage":7.0,"enemies":"2 Louse","floor":10.0,"turns":3.0},{"damage":15.0,"enemies":"3 Sentries","floor":12.0,"turns":5.0},{"damage":23.0,"enemies":"Slime Boss","floor":16.0,"turns":7.0},{"damage":23.0,"enemies":"2 Thieves","floor":18.0,"turns":4.0},{"damage":6.0,"enemies":"3 Byrds","floor":19.0,"turns":4.0},{"damage":27.0,"enemies":"Snake Plant","floor":20.0,"turns":4.0},{"damage":38.0,"enemies":"Book of Stabbing","floor":27.0,"turns":4.0},{"damage":48.0,"enemies":"Slavers","floor":30.0,"turns":5.0},{"damage":25,"enemies":"Automaton","floor":33,"turns":6}],"seed_played":"5016675179146129863","potions_obtained":[{"floor":7.0,"key":"SteroidPotion"},{"floor":16.0,"key":"DistilledChaos"},{"floor":18.0,"key":"Fire Potion"},{"floor":19.0,"key":"Block Potion"},{"floor":30.0,"key":"ElixirPotion"}],"is_trial":false,"path_per_floor":["M","?","?","$","M","R","E","R","T","M","R","E","?","$","R","B",null,"M","M","M","?","$","R","?","R","T","E","?","$","E","T","R","B"],"character_chosen":"IRONCLAD","items_purchased":["Searing Blow","Molten Egg 2","Sling","Uppercut+1"],"campfire_rested":2,"item_purchase_floors":[4,14,22,29],"current_hp_per_floor":[74,74,74,74,75,75,75,75,75,74,74,65,65,65,65,48,68,51,51,30,24,24,46,46,46,46,14,29,29,35,35,57,32,32],"gold":128,"neow_bonus":"THREE_ENEMY_KILL","is_daily":false,"chose_seed":false,"campfire_upgraded":5,"win_rate":0.0,"timestamp":1608482067,"path_taken":["M","?","?","$","M","R","E","R","T","?","R","E","?","?","R","BOSS","M","?","M","?","?","R","?","R","T","E","?","$","E","?","R","BOSS"],"items_purchased_type":["Card","Relic","Relic","Card"],"build_version":"2020-12-13","purchased_purges":1,"victory":false,"max_hp_per_floor":[75,75,75,75,75,75,75,75,75,75,75,75,75,75,75,75,75,75,75,75,75,75,75,75,75,75,75,75,75,75,75,75,75,75],"card_choices":[{"not_picked":["Clash","Anger"],"picked":"Spot Weakness","floor":1.0},{"not_picked":["Clash","Pommel Strike","Infernal Blade"],"picked":"SKIP","floor":5.0},{"not_picked":["Burning Pact","Thunderclap","Heavy Blade"],"picked":"SKIP","floor":7.0},{"not_picked":["Iron Wave","Infernal Blade","Flex"],"picked":"SKIP","floor":10.0},{"not_picked":["Carnage","Twin Strike","Wild Strike"],"picked":"SKIP","floor":12.0},{"not_picked":["Exhume","Demon Form"],"picked":"Limit Break","floor":16.0},{"not_picked":["Cleave+1","Twin Strike+1"],"picked":"Flex","floor":18.0},{"not_picked":["Clash+1","Body Slam+1","Intimidate"],"picked":"SKIP","floor":19.0},{"not_picked":["True Grit","Perfected Strike+1","Searing Blow+1"],"picked":"SKIP","floor":20.0},{"not_picked":["Armaments","Body Slam+1"],"picked":"Ghostly Armor","floor":27.0},{"not_picked":["Body Slam+1","Wild Strike+1","Havoc+1"],"picked":"SKIP","floor":30.0},{"not_picked":["Iron Wave+1","Dark Embrace"],"picked":"Blood for Blood+1","floor":32.0}],"player_experience":3365826,"relics_obtained":[{"floor":7.0,"key":"Red Skull"},{"floor":9.0,"key":"Pen Nib"},{"floor":12.0,"key":"Lizard Tail"},{"floor":26.0,"key":"White Beast Statue"},{"floor":27.0,"key":"Paper Frog"},{"floor":27.0,"key":"Kunai"},{"floor":30.0,"key":"Dream Catcher"},{"floor":30.0,"key":"Self Forming Clay"},{"floor":31.0,"key":"MealTicket"}],"event_choices":[{"damage_healed":0.0,"max_hp_gain":0.0,"max_hp_loss":0.0,"gold_gain":0.0,"event_name":"Shining Light","player_choice":"Ignored","floor":2.0,"gold_loss":0.0,"damage_taken":0.0},{"damage_healed":0.0,"max_hp_gain":0.0,"max_hp_loss":0.0,"gold_gain":0.0,"event_name":"Match and Keep!","player_choice":"2 cards matched","floor":3.0,"gold_loss":0.0,"damage_taken":0.0,"cards_obtained":["Bludgeon","Shockwave"]},{"damage_healed":0.0,"max_hp_gain":0.0,"max_hp_loss":0.0,"gold_gain":0.0,"event_name":"Big Fish","player_choice":"Box","floor":13.0,"gold_loss":0.0,"damage_taken":0.0,"relics_obtained":["Old Coin"],"cards_obtained":["Regret"]},{"damage_healed":0.0,"max_hp_gain":0.0,"max_hp_loss":0.0,"gold_gain":0.0,"event_name":"Knowing Skull","player_choice":"","floor":21.0,"potions_obtained":[],"gold_loss":0.0,"damage_taken":6.0,"cards_obtained":[]},{"cards_removed":["Strike_R"],"damage_healed":0.0,"max_hp_gain":0.0,"max_hp_loss":0.0,"gold_gain":0.0,"event_name":"Back to Basics","player_choice":"Elegance","floor":24.0,"gold_loss":0.0,"damage_taken":0.0},{"damage_healed":15.0,"max_hp_gain":0.0,"max_hp_loss":0.0,"gold_gain":0.0,"event_name":"The Library","player_choice":"Heal","floor":28.0,"gold_loss":0.0,"damage_taken":0.0}],"is_beta":false,"boss_relics":[{"not_picked":["Ectoplasm","Velvet Choker"],"picked":"Black Star"}],"items_purged_floors":[14],"is_endless":false,"potions_floor_spawned":[7,16,18,19,30],"killed_by":"Automaton","ascension_level":17}}