{"host":"6pgtslebjnyv5xmi","time":1608470413,"event":{"mods":["AchievementEnabler","BaseMod","Colored Map","Minty Spire (QoL Compilation)","Rare Cards Sparkle","SuperFastMode","everything is the same but u backflip on backflip"],"gold_per_floor":[118,193,193,368,103,103,122,33,79,112,123,123,136,136,136,232,232,245,31,81,101,26,26,38,38,38,38,38,38,54,89,89,187,237,252,252,252],"floor_reached":36,"playtime":1598,"items_purged":["Doubt","Defend_R","Fire Breathing","Havoc"],"score":443,"play_id":"361602b2-e758-43c9-a1c1-47b0a441ed81","local_time":"20201220222013","is_ascension_mode":true,"campfire_choices":[{"data":"Body Slam","floor":6,"key":"SMITH"},{"data":"Armaments","floor":12,"key":"SMITH"},{"data":"Shockwave","floor":15,"key":"SMITH"},{"data":"Limit Break","floor":23,"key":"SMITH"},{"data":"True Grit","floor":25,"key":"SMITH"},{"data":"Shrug It Off","floor":27,"key":"SMITH"},{"data":"Rampage","floor":29,"key":"SMITH"},{"data":"Impervious","floor":32,"key":"SMITH"}],"circlet_count":0,"master_deck":["Bash","Body Slam+1","Impervious+1","Armaments+1","Shockwave+1","Flex","True Grit+1","Disarm","Limit Break+1","Rampage+1","Shrug It Off+1","Barricade","Double Tap+1","Bloodletting"],"relics":["Burning Blood","NeowsBlessing","Membership Card","Tiny Chest","Happy Flower","Akabeko","Pandora\u0027s Box","Omamori","ClockworkSouvenir","Vajra","Pantograph","InkBottle","Sundial","Tiny House"],"acts_visited":["Exordium","TheCity","TheBeyond"],"potions_floor_usage":[16,16,33,33,33,35,35],"damage_taken":[{"damage":0,"enemies":"2 Louse","floor":1,"turns":1},{"damage":0,"enemies":"Small Slimes","floor":7,"turns":1},{"damage":0,"enemies":"Gremlin Nob","floor":10,"turns":1},{"damage":0,"enemies":"Jaw Worm","floor":11,"turns":3},{"damage":1,"enemies":"Red Slaver","floor":13,"turns":2},{"damage":30,"enemies":"Hexaghost","floor":16,"turns":6},{"damage":24,"enemies":"2 Thieves","floor":18,"turns":4},{"damage":3,"enemies":"Shell Parasite","floor":21,"turns":5},{"damage":8,"enemies":"Snecko","floor":24,"turns":5},{"damage":8,"enemies":"Centurion and Healer","floor":30,"turns":4},{"damage":27,"enemies":"Slavers","floor":31,"turns":7},{"damage":12,"enemies":"Collector","floor":33,"turns":6},{"damage":17,"enemies":"Orb Walker","floor":35,"turns":4},{"damage":83,"enemies":"2 Orb Walkers","floor":36,"turns":4}],"seed_played":"7619737844146369079","potions_obtained":[{"floor":10,"key":"Strength Potion"},{"floor":11,"key":"SkillPotion"},{"floor":16,"key":"BlessingOfTheForge"},{"floor":30,"key":"EssenceOfSteel"},{"floor":31,"key":"FearPotion"},{"floor":33,"key":"Block Potion"},{"floor":34,"key":"FearPotion"}],"is_trial":false,"path_per_floor":["M","?","?","?","$","R","M","$","T","E","M","R","M","?","R","B",null,"M","$","T","M","$","R","M","R","T","R","T","R","M","E","R","B",null,"M","?"],"character_chosen":"IRONCLAD","items_purchased":["Membership Card","Tiny Chest","Impervious","Omamori","ClockworkSouvenir"],"campfire_rested":0,"item_purchase_floors":[5,5,8,19,19],"current_hp_per_floor":[80,69,74,74,74,74,80,80,80,85,85,85,85,78,78,54,85,67,67,67,70,70,70,68,68,68,68,68,68,66,45,45,64,90,79,0,0],"gold":252,"neow_bonus":"THREE_ENEMY_KILL","is_daily":false,"chose_seed":false,"campfire_upgraded":8,"win_rate":0.0,"timestamp":1608470413,"path_taken":["M","?","?","?","$","R","M","?","T","E","?","R","M","?","R","BOSS","M","$","?","?","?","R","?","R","T","R","?","R","M","E","R","BOSS","M","?"],"items_purchased_type":["Relic","Relic","Card","Relic","Relic"],"build_version":"2020-12-13","purchased_purges":4,"victory":false,"max_hp_per_floor":[80,80,85,85,85,85,85,85,85,85,85,85,85,85,85,85,85,85,85,85,85,85,85,85,85,85,85,85,85,85,85,85,85,90,90,90,90],"card_choices":[{"not_picked":["Twin Strike","Anger"],"picked":"Body Slam","floor":1},{"not_picked":["Heavy Blade","Blood for Blood","Sword Boomerang"],"picked":"SKIP","floor":7},{"not_picked":["Warcry","Corruption","Flex"],"picked":"SKIP","floor":10},{"not_picked":["Feel No Pain","Headbutt"],"picked":"Armaments","floor":11},{"not_picked":["Heavy Blade","Blood for Blood"],"picked":"Shockwave","floor":13},{"not_picked":["Armaments","Cleave+1"],"picked":"Shrug It Off","floor":18},{"not_picked":["Warcry","Sentinel","Dark Embrace"],"picked":"SKIP","floor":21},{"not_picked":["Metallicize","Wild Strike","Heavy Blade"],"picked":"SKIP","floor":24},{"not_picked":["Searing Blow","Warcry"],"picked":"Barricade","floor":30},{"not_picked":["Blood for Blood","Dark Embrace","Reckless Charge+1"],"picked":"SKIP","floor":31},{"not_picked":["Demon Form","Immolate"],"picked":"Double Tap","floor":33},{"not_picked":["Thunderclap","Twin Strike"],"picked":"Bloodletting","floor":34},{"not_picked":["Thunderclap","Perfected Strike+1","Iron Wave"],"picked":"SKIP","floor":35}],"player_experience":293697,"relics_obtained":[{"floor":9,"key":"Happy Flower"},{"floor":10,"key":"Akabeko"},{"floor":20,"key":"Vajra"},{"floor":26,"key":"Pantograph"},{"floor":28,"key":"InkBottle"},{"floor":31,"key":"Sundial"}],"event_choices":[{"damage_healed":0,"gold_gain":75,"player_choice":"Gather Gold","damage_taken":11,"max_hp_gain":0,"max_hp_loss":0,"event_name":"World of Goop","floor":2,"gold_loss":0},{"damage_healed":0,"gold_gain":0,"player_choice":"Donut","damage_taken":0,"max_hp_gain":5,"max_hp_loss":0,"event_name":"Big Fish","floor":3,"gold_loss":0},{"damage_healed":0,"gold_gain":175,"player_choice":"AGREE","damage_taken":0,"max_hp_gain":0,"max_hp_loss":0,"event_name":"Liars Game","floor":4,"gold_loss":0,"cards_obtained":["Doubt"]},{"cards_removed":["Strike_R"],"damage_healed":0,"gold_gain":0,"player_choice":"Card Removal","damage_taken":7,"max_hp_gain":0,"max_hp_loss":0,"event_name":"Golden Wing","floor":14,"gold_loss":0},{"damage_healed":0,"gold_gain":0,"player_choice":"Fight","damage_taken":0,"max_hp_gain":0,"max_hp_loss":0,"event_name":"Mysterious Sphere","floor":36,"gold_loss":0}],"is_beta":false,"boss_relics":[{"not_picked":["Runic Cube","Black Star"],"picked":"Pandora\u0027s Box"},{"not_picked":["Snecko Eye","Astrolabe"],"picked":"Tiny House"}],"items_purged_floors":[5,8,19,22],"is_endless":false,"potions_floor_spawned":[10,11,16,30,31,33],"killed_by":"2 Orb Walkers","ascension_level":2}}