{"host":"y1gy3vaohdji07z5","time":1608495449,"event":{"mods":["BaseMod","Colored Map","Colored Powertips","Hermit","Minty Spire (QoL Compilation)","Random Character Button","Rare Cards Sparkle","StSLib"],"gold_per_floor":[20,32,47,47,65,65,65,65,65,65,65,99,99,132,132,232,232,245,272,296,296,311,311,334,334,334,334,360,122,122,143,143,250,250,273,273,280,280],"floor_reached":37,"playtime":6450,"items_purged":["hermit:Strike_Hermit"],"score":434,"play_id":"7ea741ae-6d5c-437d-9bad-eb51cfd1fbc9","local_time":"20201220211729","is_ascension_mode":true,"campfire_choices":[{"data":"hermit:CalledShot","floor":6,"key":"SMITH"},{"data":"hermit:Scavenge","floor":11,"key":"SMITH"},{"data":"hermit:Glare","floor":13,"key":"SMITH"},{"data":"hermit:Brawl","floor":15,"key":"SMITH"},{"data":"hermit:Enervate","floor":23,"key":"SMITH"},{"data":"hermit:PistolWhip","floor":25,"key":"SMITH"},{"data":"hermit:Covet","floor":27,"key":"SMITH"},{"data":"hermit:Brawl","floor":30,"key":"SMITH"},{"floor":32,"key":"REST"}],"circlet_count":0,"master_deck":["hermit:Strike_Hermit","hermit:Defend_Hermit","hermit:Defend_Hermit","hermit:Snapshot","hermit:Covet+1","hermit:Glare+1","hermit:CalledShot+1","hermit:Enervate+1","hermit:Scavenge+1","hermit:Brawl+1","hermit:GhostlyPresence+1","Decay","hermit:PistolWhip+1","hermit:Brawl+1","hermit:GhostlyPresence+1","hermit:Enervate","hermit:Gambit+1","CurseOfTheBell","Master of Strategy+1"],"relics":["hermit:ClaspedLocket","Toxic Egg 2","Kunai","Mummified Hand","Smiling Mask","Eternal Feather","Calling Bell","Centennial Puzzle","InkBottle","Calipers"],"acts_visited":["Exordium","TheCity","TheBeyond"],"potions_floor_usage":[10,16,33,35],"damage_taken":[{"damage":0,"enemies":"Small Slimes","floor":1,"turns":2},{"damage":0,"enemies":"2 Louse","floor":2,"turns":2},{"damage":0,"enemies":"Cultist","floor":3,"turns":3},{"damage":0,"enemies":"Blue Slaver","floor":5,"turns":3},{"damage":8,"enemies":"3 Sentries","floor":12,"turns":6},{"damage":4,"enemies":"Lagavulin","floor":14,"turns":3},{"damage":1,"enemies":"Hexaghost","floor":16,"turns":7},{"damage":7,"enemies":"Chosen","floor":18,"turns":4},{"damage":1,"enemies":"Shell Parasite","floor":20,"turns":6},{"damage":5,"enemies":"Centurion and Healer","floor":22,"turns":5},{"damage":21,"enemies":"Shelled Parasite and Fungi","floor":24,"turns":5},{"damage":36,"enemies":"Snecko","floor":28,"turns":6},{"damage":14,"enemies":"Centurion and Healer","floor":31,"turns":4},{"damage":2,"enemies":"Automaton","floor":33,"turns":8},{"damage":23,"enemies":"3 Darklings","floor":35,"turns":6},{"damage":70,"enemies":"2 Orb Walkers","floor":37,"turns":5}],"seed_played":"-6091887160284356223","potions_obtained":[{"floor":1,"key":"Strength Potion"},{"floor":10,"key":"Fruit Juice"},{"floor":10,"key":"Block Potion"},{"floor":10,"key":"Explosive Potion"},{"floor":16,"key":"SkillPotion"}],"is_trial":false,"path_per_floor":["M","M","M","?","M","R","?","?","T","?","R","E","R","E","R","B",null,"M","T","M","?","M","R","M","R","T","R","M","$","R","M","R","B",null,"M","?","?"],"character_chosen":"HERMIT","items_purchased":["hermit:Brawl","hermit:GhostlyPresence+1","hermit:Enervate"],"campfire_rested":1,"item_purchase_floors":[29,29,29],"current_hp_per_floor":[75,75,75,68,68,68,68,68,68,73,73,65,65,61,61,60,80,73,73,72,72,68,68,48,48,48,54,19,19,28,15,48,46,80,57,57,0,0],"gold":280,"neow_bonus":"REMOVE_TWO","is_daily":false,"chose_seed":false,"campfire_upgraded":8,"win_rate":0.0,"timestamp":1608495449,"path_taken":["M","M","M","?","M","R","?","?","T","?","R","E","R","E","R","BOSS","M","?","M","?","M","R","M","R","T","R","M","$","R","?","R","BOSS","M","?","?"],"items_purchased_type":["Card","Card","Card"],"build_version":"2020-12-13","purchased_purges":1,"victory":false,"max_hp_per_floor":[75,75,75,75,75,75,75,75,75,80,80,80,80,80,80,80,80,80,80,80,80,80,80,80,80,80,80,80,80,80,80,80,80,80,80,80,80,80],"card_choices":[{"not_picked":["hermit:Cheat","hermit:BodyArmor"],"picked":"hermit:Glare","floor":1},{"not_picked":["hermit:Headshot","hermit:HoleUp"],"picked":"hermit:CalledShot","floor":2},{"not_picked":["hermit:Horror","hermit:WideOpen"],"picked":"hermit:Enervate","floor":3},{"not_picked":["hermit:LuckOfTheDraw","hermit:HoleUp"],"picked":"hermit:Scavenge","floor":5},{"not_picked":["hermit:Misfire","hermit:Roulette","hermit:HoleUp+1"],"picked":"SKIP","floor":12},{"not_picked":["hermit:Coalescence+1","hermit:DeadOrAlive"],"picked":"hermit:Brawl","floor":14},{"not_picked":["hermit:WideOpen","hermit:Desperado"],"picked":"hermit:GhostlyPresence+1","floor":18},{"not_picked":["hermit:Virtue+1","hermit:Gestalt+1","hermit:Coalescence+1"],"picked":"SKIP","floor":20},{"not_picked":["hermit:Headshot","hermit:ItchyTrigger+1","hermit:Desperado"],"picked":"SKIP","floor":22},{"not_picked":["hermit:Determination+1","hermit:FullyLoaded+1"],"picked":"hermit:PistolWhip","floor":24},{"not_picked":["hermit:TakeCover+1","hermit:HighCaliber","hermit:WideOpen+1"],"picked":"SKIP","floor":28},{"not_picked":["hermit:HighCaliber","hermit:Cheat+1","hermit:BlackWind"],"picked":"SKIP","floor":31},{"not_picked":["hermit:FinalCanter","hermit:RoundhouseKick"],"picked":"hermit:Gambit+1","floor":33},{"not_picked":["hermit:Ricochet","hermit:TrackingShot+1","hermit:SprayPray"],"picked":"SKIP","floor":35},{"not_picked":["Thinking Ahead+1","Dramatic Entrance"],"picked":"Master of Strategy+1","floor":36}],"player_experience":345812,"relics_obtained":[{"floor":9,"key":"Toxic Egg 2"},{"floor":12,"key":"Kunai"},{"floor":14,"key":"Mummified Hand"},{"floor":19,"key":"Smiling Mask"},{"floor":26,"key":"Eternal Feather"},{"floor":34,"key":"Centennial Puzzle"},{"floor":34,"key":"InkBottle"},{"floor":34,"key":"Calipers"}],"event_choices":[{"cards_removed":["hermit:Strike_Hermit"],"damage_healed":0,"gold_gain":0,"player_choice":"Card Removal","damage_taken":7,"max_hp_gain":0,"max_hp_loss":0,"event_name":"Golden Wing","floor":4,"gold_loss":0},{"damage_healed":0,"gold_gain":0,"player_choice":"Ignored","damage_taken":0,"max_hp_gain":0,"max_hp_loss":0,"event_name":"Liars Game","floor":7,"gold_loss":0},{"cards_removed":["hermit:Defend_Hermit"],"damage_healed":0,"gold_gain":0,"player_choice":"Forget","damage_taken":0,"max_hp_gain":0,"max_hp_loss":0,"event_name":"Living Wall","floor":8,"gold_loss":0},{"damage_healed":0,"gold_gain":0,"player_choice":"Got Potions","damage_taken":0,"max_hp_gain":0,"max_hp_loss":0,"event_name":"Lab","floor":10,"gold_loss":0},{"damage_healed":0,"gold_gain":0,"player_choice":"Smashed Altar","damage_taken":0,"max_hp_gain":0,"max_hp_loss":0,"event_name":"Forgotten Altar","floor":21,"gold_loss":0,"cards_obtained":["Decay"]},{"damage_healed":0,"gold_gain":0,"player_choice":"Memory 1","damage_taken":0,"max_hp_gain":0,"max_hp_loss":0,"event_name":"SensoryStone","floor":36,"gold_loss":0},{"damage_healed":0,"gold_gain":0,"player_choice":"Fight","damage_taken":0,"max_hp_gain":0,"max_hp_loss":0,"event_name":"Mysterious Sphere","floor":37,"gold_loss":0}],"is_beta":false,"boss_relics":[{"not_picked":["Ectoplasm","Philosopher\u0027s Stone"],"picked":"hermit:ClaspedLocket"},{"not_picked":["SacredBark","Cursed Key"],"picked":"Calling Bell"}],"items_purged_floors":[29],"is_endless":false,"potions_floor_spawned":[1,12,14,16,18,20,31],"killed_by":"2 Orb Walkers","ascension_level":3}}