{"host":"87fdiiwflhrwsj8a","time":1608483234,"event":{"mods":["Aspiration","BaseMod","Better Match","Better Third Choice","BetterRewards","Colored Map","Downfall","GifTheSpireLib","Infinite Spire","Minty Spire (QoL Compilation)","Relic Sorter","Replay The Spire","Robot Space Explorer","StSLib","Stuff the Spire","The Cursed"],"gold_per_floor":[109,109,129,129,129,129,209,221,221,329,342,342,353,366,366,463,463,474,474,474,347,347,483,494,636,636,636,668,768,780,917,917,1022,1022,1042,1069,843,863,876,989,989,1125,1125,1125,1266,1266,1288,1316,1316,1316,1316,1316,6,115,115],"floor_reached":56,"playtime":2011,"items_purged":[],"score":2792,"play_id":"01299991-c7e4-43ed-8537-f19c13a29015","local_time":"20201220115354","is_ascension_mode":true,"campfire_choices":[{"data":"1","floor":12.0,"key":"LIFT"},{"data":"2","floor":15.0,"key":"LIFT"},{"data":"3","floor":32.0,"key":"LIFT"},{"data":"TheCursedMod:NeowsMight","floor":41.0,"key":"SMITH"},{"data":"TheCursedMod:CursedRelics","floor":44.0,"key":"SMITH"},{"data":"infinitespire:Punishment","floor":46.0,"key":"SMITH"},{"floor":49.0,"key":"RECALL"},{"data":"TheCursedMod:CircleOfAbyss","floor":52.0,"key":"SMITH"}],"circlet_count":0,"master_deck":["AscendersBane","TheCursedMod:Strike_TheCursed","TheCursedMod:Strike_TheCursed","TheCursedMod:Strike_TheCursed","TheCursedMod:Strike_TheCursed","TheCursedMod:Defend_TheCursed","TheCursedMod:Defend_TheCursed","TheCursedMod:Defend_TheCursed","TheCursedMod:CursedWand","TheCursedMod:CleanUpWorkshop","TheCursedMod:Dregs","TheCursedMod:CircleOfFlame+1","TheCursedMod:CircleOfBlood","TheCursedMod:CursedBlade","TheCursedMod:CircleOfAbyss","TheCursedMod:SpitefulStrike","TheCursedMod:CircleOfAbyss+1","TheCursedMod:RapidMovement+1","TheCursedMod:NeowsMight+1","TheCursedMod:CursedShiv","infinitespire:Punishment+1","TheCursedMod:EmpowerCircles+1","TheCursedMod:ParallelWorld","TheCursedMod:CursedRelics+1","TheCursedMod:SurpriseAttack","TheCursedMod:AshesToAshes+1","TheCursedMod:CursedSpellbook","TheCursedMod:CircleOfCorruption","TheCursedMod:ShockAndAwe","TheCursedMod:SpreadPlague+1"],"relics":["TheCursedMod:BlackMagic101","FossilizedHelix","StuffTheSpire:Nightcore","infinitespire:Joker Card","Bag of Preparation","StuffTheSpire:TintedRock","infinitespire:Magic Flask","Membership Card","Girya","Tiny Chest","infinitespire:Golems Mask","aspiration:StickyExplosives_weak","Pen Nib","TheCursedMod:DemonicMark","Unceasing Top","Blue Candle","ChewingGum","HornCleat","MutagenicStrength","InkBottle","infinitespire:ShieldingShard","CeramicFish","Shuriken","Red Mask","Pocketwatch","infinitespire:BottledMercury","StrikeDummy","Painkiller Herb","StuffTheSpire:Gunfinga","StuffTheSpire:GrapeVine","StuffTheSpire:HeavyRock","Strange Spoon","StuffTheSpire:RubySignet","TheCursedMod:SoulVessel","The Courier","infinitespire:Broken Mirror","ClockworkSouvenir","StuffTheSpire:PointBlank","Mercury Hourglass","Happy Flower","Ornamental Fan","StuffTheSpire:SapphireSignet","Quantum Egg","infinitespire:WardingShard","aspiration:HiddenCompartment","StuffTheSpire:Experiment12","infinitespire:FocusingShard","TheCursedMod:Tack","Centennial Puzzle","Gremlin Horn","TheCursedMod:BloodyHarpoon","Gremlin Food"],"acts_visited":["Exordium","TheCity","TheBeyond","TheEnding"],"potions_floor_usage":[55,55],"damage_taken":[{"damage":0.0,"enemies":"Small Slimes","floor":1.0,"turns":2.0},{"damage":0.0,"enemies":"Cultist","floor":3.0,"turns":3.0},{"damage":0.0,"enemies":"2 Louse","floor":8.0,"turns":1.0},{"damage":0.0,"enemies":"3 Sentries","floor":10.0,"turns":6.0},{"damage":0.0,"enemies":"Large Slime","floor":11.0,"turns":4.0},{"damage":0.0,"enemies":"Looter","floor":13.0,"turns":2.0},{"damage":0.0,"enemies":"Blue Slaver","floor":14.0,"turns":2.0},{"damage":31.0,"enemies":"Hexaghost","floor":16.0,"turns":4.0},{"damage":0.0,"enemies":"Shell Parasite","floor":18.0,"turns":3.0},{"damage":0.0,"enemies":"Gremlin Leader","floor":23.0,"turns":4.0},{"damage":0.0,"enemies":"2 Thieves","floor":24.0,"turns":2.0},{"damage":0.0,"enemies":"Nightmare","floor":25.0,"turns":4.0},{"damage":0.0,"enemies":"Masked Bandits","floor":28.0,"turns":2.0},{"damage":0.0,"enemies":"Colosseum Slavers","floor":29.0,"turns":1.0},{"damage":0.0,"enemies":"Colosseum Nobs","floor":29.0,"turns":2.0},{"damage":0.0,"enemies":"Snecko","floor":30.0,"turns":2.0},{"damage":0.0,"enemies":"Slavers","floor":31.0,"turns":1.0},{"damage":0.0,"enemies":"Champ","floor":33.0,"turns":3.0},{"damage":0.0,"enemies":"Orb Walker","floor":35.0,"turns":2.0},{"damage":0.0,"enemies":"3 Darklings","floor":38.0,"turns":2.0},{"damage":0.0,"enemies":"Sphere and 2 Shapes","floor":39.0,"turns":1.0},{"damage":0.0,"enemies":"Reptomancer","floor":40.0,"turns":2.0},{"damage":0.0,"enemies":"Giant Head","floor":42.0,"turns":3.0},{"damage":0.0,"enemies":"Reptomancer","floor":45.0,"turns":1.0},{"damage":0.0,"enemies":"Maw","floor":47.0,"turns":2.0},{"damage":0.0,"enemies":"Writhing Mass","floor":48.0,"turns":1.0},{"damage":0.0,"enemies":"infinitespire:MassOfShapes","floor":50.0,"turns":3.0},{"damage":0,"enemies":"Shield and Spear","floor":54,"turns":2},{"damage":36,"enemies":"The Heart","floor":55,"turns":4}],"seed_played":"1787915820971043702","potions_obtained":[{"floor":1.0,"key":"Fire Potion"},{"floor":10.0,"key":"SneckoOil"},{"floor":11.0,"key":"Slimebound:ThreeZeroPotion"},{"floor":16.0,"key":"Fire Potion"},{"floor":24.0,"key":"sneckomod:MuddlingPotion"},{"floor":30.0,"key":"Adrenaline Potion"},{"floor":47.0,"key":"Flashbang"},{"floor":54,"key":"LiquidBronze"}],"is_trial":false,"path_per_floor":["M","?","M","?","T","?","?","M","T","E","M","R","M","M","R","B",null,"M","T","?","$","?","E","M","NM","T","T","?","?","M","E","R","B",null,"?","T","T","?","?","E","T","E","T","T","E","T","?","?","T","B",null,"T","T","E","B",null],"character_chosen":"THE_CURSED","items_purchased":["TheCursedMod:CircleOfFlame+1","StuffTheSpire:Nightcore","Bag of Preparation","StuffTheSpire:TintedRock","Membership Card","Tiny Chest","aspiration:StickyExplosives_weak","InkBottle","StuffTheSpire:GrapeVine","StuffTheSpire:HeavyRock","Strange Spoon","ClockworkSouvenir","StuffTheSpire:PointBlank","Mercury Hourglass","Happy Flower","Ornamental Fan","StuffTheSpire:SapphireSignet","Quantum Egg","infinitespire:WardingShard","aspiration:HiddenCompartment","StuffTheSpire:Experiment12","infinitespire:FocusingShard","TheCursedMod:Tack","TheCursedMod:ShockAndAwe","Centennial Puzzle","Gremlin Horn","TheCursedMod:BloodyHarpoon"],"campfire_rested":0,"item_purchase_floors":[0,0,0,0,0,0,0,21,37,37,37,53,53,53,53,53,53,53,53,53,53,53,53,53,53,53,53],"current_hp_per_floor":[20,20,20,20,20,45,45,45,45,51,55,55,61,67,67,40,66,66,66,66,66,66,68,75,75,75,75,75,75,75,75,75,75,75,75,75,75,75,75,75,75,75,75,75,75,75,75,75,75,75,75,75,75,75,47],"gold":115,"neow_bonus":"","is_daily":false,"chose_seed":false,"campfire_upgraded":4,"win_rate":0.0,"timestamp":1608483234,"path_taken":["M","?","?","?","?","?","?","?","T","E","M","R","M","M","R","BOSS","M","?","?","$","?","E","?","NM","T","?","?","?","?","E","R","BOSS","?","?","T","?","?","E","T","E","T","T","E","T","?","?","T","BOSS","T","T","E","BOSS"],"items_purchased_type":["Card","Relic","Relic","Relic","Relic","Relic","Relic","Relic","Relic","Relic","Relic","Relic","Relic","Relic","Relic","Relic","Relic","Relic","Relic","Relic","Relic","Relic","Relic","Card","Relic","Relic","Relic"],"build_version":"2020-12-13","purchased_purges":0,"victory":true,"max_hp_per_floor":[75,75,75,75,75,75,75,75,75,75,75,75,75,75,75,75,75,75,75,75,75,75,75,75,75,75,75,75,75,75,75,75,75,75,75,75,75,75,75,75,75,75,75,75,75,75,75,75,75,75,75,75,75,75,75],"card_choices":[{"not_picked":["TheCursedMod:SpitefulStrike","TheCursedMod:WearCloak","TheCursedMod:Wield"],"picked":"SKIP","floor":1.0},{"not_picked":["TheCursedMod:PrepareRite","TheCursedMod:Torture","TheCursedMod:Wield"],"picked":"SKIP","floor":3.0},{"not_picked":["TheCursedMod:WearCloak","TheCursedMod:CursedBlade"],"picked":"TheCursedMod:CircleOfBlood","floor":8.0},{"not_picked":["TheCursedMod:Stigma","TheCursedMod:CircleOfAmplification","TheCursedMod:VitalStrike"],"picked":"SKIP","floor":10.0},{"not_picked":["TheCursedMod:CursedMace","TheCursedMod:FleshFromBone"],"picked":"TheCursedMod:CursedBlade","floor":11.0},{"not_picked":["TheCursedMod:HellfireBreathing","TheCursedMod:Stretching"],"picked":"TheCursedMod:CircleOfAbyss","floor":13.0},{"not_picked":["TheCursedMod:Obscuration","TheCursedMod:Stigma"],"picked":"TheCursedMod:SpitefulStrike","floor":14.0},{"not_picked":["TheCursedMod:ManaCirculation","TheCursedMod:DemonicPact"],"picked":"TheCursedMod:CircleOfAbyss","floor":16.0},{"not_picked":["TheCursedMod:CircleOfCorruption","TheCursedMod:CursedBlade"],"picked":"TheCursedMod:RapidMovement+1","floor":18.0},{"not_picked":["TheCursedMod:CircleOfAmplification","TheCursedMod:BloodBarrier+1"],"picked":"TheCursedMod:NeowsMight","floor":23.0},{"not_picked":["TheCursedMod:SpitefulStrike+1","TheCursedMod:FleshFromBone+1"],"picked":"TheCursedMod:CursedShiv","floor":24.0},{"not_picked":["infinitespire:FinalStrike","infinitespire:Execution"],"picked":"infinitespire:Punishment","floor":25.0},{"not_picked":["TheCursedMod:HellfireBreathing+1","TheCursedMod:Evocation"],"picked":"TheCursedMod:EmpowerCircles+1","floor":25.0},{"not_picked":["TheCursedMod:SpitefulStrike","TheCursedMod:FleshFromBone","TheCursedMod:Wield"],"picked":"SKIP","floor":30.0},{"not_picked":["TheCursedMod:HellfireBreathing","TheCursedMod:WearCloak"],"picked":"TheCursedMod:ParallelWorld","floor":31.0},{"not_picked":["TheCursedMod:StunningStrike","TheCursedMod:AntiAging"],"picked":"TheCursedMod:CursedRelics","floor":33.0},{"not_picked":["TheCursedMod:VitalStrike","TheCursedMod:Evocation+1","TheCursedMod:FleshFromBone"],"picked":"SKIP","floor":35.0},{"not_picked":["TheCursedMod:CircleOfWindfury","TheCursedMod:FleshFromBone+1","TheCursedMod:PrepareRite"],"picked":"SKIP","floor":38.0},{"not_picked":["TheCursedMod:SpitefulPray","TheCursedMod:ReleasedStrength","TheCursedMod:VitalStrike"],"picked":"SKIP","floor":39.0},{"not_picked":["TheCursedMod:SpreadPlague","TheCursedMod:SpitefulPray+1"],"picked":"TheCursedMod:SurpriseAttack","floor":40.0},{"not_picked":["TheCursedMod:Wield","TheCursedMod:CircleOfFlame","TheCursedMod:VitalStrike+1"],"picked":"SKIP","floor":42.0},{"not_picked":["TheCursedMod:CursedMace","TheCursedMod:CircleOfWindfury"],"picked":"TheCursedMod:AshesToAshes+1","floor":45.0},{"not_picked":["TheCursedMod:HellfireBreathing+1","TheCursedMod:SoulReap+1"],"picked":"TheCursedMod:CursedSpellbook","floor":47.0},{"not_picked":["TheCursedMod:CircleOfFocus","TheCursedMod:SpitefulStrike+1"],"picked":"TheCursedMod:CircleOfCorruption","floor":48.0},{"not_picked":["TheCursedMod:CursedArmor+1","TheCursedMod:FuryStrike"],"picked":"TheCursedMod:SpreadPlague+1","floor":54}],"player_experience":2589219,"relics_obtained":[{"floor":5.0,"key":"TheCursedMod:DemonicMark"},{"floor":9.0,"key":"Unceasing Top"},{"floor":10.0,"key":"Blue Candle"},{"floor":19.0,"key":"HornCleat"},{"floor":23.0,"key":"infinitespire:ShieldingShard"},{"floor":25.0,"key":"CeramicFish"},{"floor":27.0,"key":"Shuriken"},{"floor":28.0,"key":"Red Mask"},{"floor":29.0,"key":"Pocketwatch"},{"floor":29.0,"key":"infinitespire:BottledMercury"},{"floor":31.0,"key":"StrikeDummy"},{"floor":36.0,"key":"StuffTheSpire:Gunfinga"},{"floor":40.0,"key":"StuffTheSpire:RubySignet"},{"floor":42.0,"key":"TheCursedMod:SoulVessel"},{"floor":43.0,"key":"The Courier"},{"floor":45.0,"key":"infinitespire:Broken Mirror"},{"floor":54,"key":"Gremlin Food"}],"event_choices":[{"damage_healed":0.0,"max_hp_gain":0.0,"max_hp_loss":0.0,"gold_gain":0.0,"event_name":"WeMeetAgain","player_choice":"Gave Potion","floor":2.0,"gold_loss":0.0,"damage_taken":0.0,"relics_obtained":["Pen Nib"]},{"damage_healed":0.0,"max_hp_gain":0.0,"max_hp_loss":0.0,"gold_gain":0.0,"event_name":"Golden Wing","player_choice":"Ignored","floor":4.0,"gold_loss":0.0,"damage_taken":0.0},{"damage_healed":25.0,"max_hp_gain":0.0,"max_hp_loss":0.0,"gold_gain":0.0,"event_name":"Big Fish","player_choice":"Banana","floor":6.0,"gold_loss":0.0,"damage_taken":0.0},{"damage_healed":0.0,"max_hp_gain":0.0,"max_hp_loss":0.0,"gold_gain":0.0,"event_name":"Drug Dealer","player_choice":"Inject Mutagens","floor":20.0,"gold_loss":0.0,"damage_taken":0.0,"relics_obtained":["MutagenicStrength"]},{"cards_removed":["TheCursedMod:Defend_TheCursed"],"damage_healed":0.0,"max_hp_gain":0.0,"max_hp_loss":0.0,"gold_gain":0.0,"event_name":"Bonfire Elementals","player_choice":"Offered Basic","floor":22.0,"gold_loss":0.0,"damage_taken":0.0},{"damage_healed":0.0,"max_hp_gain":0.0,"max_hp_loss":0.0,"gold_gain":0.0,"event_name":"Masked Bandits","player_choice":"Fought Bandits","floor":28.0,"gold_loss":0.0,"damage_taken":0.0},{"damage_healed":0.0,"max_hp_gain":0.0,"max_hp_loss":0.0,"gold_gain":0.0,"event_name":"Colosseum","player_choice":"Fight","floor":29.0,"gold_loss":0.0,"damage_taken":0.0},{"damage_healed":0.0,"max_hp_gain":0.0,"max_hp_loss":0.0,"gold_gain":0.0,"event_name":"Colosseum","player_choice":"Fought Nobs","floor":29.0,"gold_loss":0.0,"damage_taken":0.0}],"is_beta":false,"boss_relics":[{"not_picked":["ReplayTheSpireMod:DimensionalGlitch","infinitespire:Cupcake"],"picked":"ChewingGum"},{"not_picked":["aspiration:RunicSpoon","Snecko Heart"],"picked":"Painkiller Herb"}],"items_purged_floors":[],"is_endless":false,"potions_floor_spawned":[1,10,11,16,18,24,29,30,31,33,39,42,47,54],"ascension_level":11}}