{"host":"y9jgkjnf95sujozk","time":1608472553,"event":{"mods":["2.2 Compatiblity","AchievementEnabler","BaseMod","Block Reminder","Colored Map","Colored Powertips","Downfall","Friendly Minions","GifTheSpireLib","Hermit","Highlight Path","MarisaÅiñ∂âJÅ@ñÇóùçπÅj","Minty Spire (QoL Compilation)","Random Character Button","Rare Cards Sparkle","Replay The Spire","StSLib","SuperFastMode","The Animator","The Bug Knight","The Cursed","The Servant 0.9.4"],"gold_per_floor":[118,64,64,75,95,95,106,106,132,142,107,107,124,43,43,144,144,161,172,184,195,195,226,151,151,151,171,196,215,215,262,262,391,391,402,402,421,437,450,450,25,69,69,69,0,0,12,12,12,12],"floor_reached":51,"playtime":1714,"items_purged":["Spreading Infection"],"score":981,"play_id":"6cf3f317-4b71-4a8d-929d-ba43f0fc7018","local_time":"20201220145553","is_ascension_mode":false,"campfire_choices":[{"floor":6,"key":"REST"},{"data":"EarthLightRay","floor":12,"key":"SMITH"},{"data":"Replay:Sssssssssshield","floor":15,"key":"SMITH"},{"floor":25,"key":"REST"},{"floor":30,"key":"REST"},{"floor":32,"key":"REST"},{"floor":40,"key":"REST"},{"floor":44,"key":"REST"},{"floor":46,"key":"REST"},{"floor":49,"key":"REST"}],"circlet_count":0,"master_deck":["Strike_MRS+1","Strike_MRS+1","Strike_MRS","Strike_MRS","Defend_MRS","Defend_MRS","Defend_MRS","Defend_MRS","MasterSpark+1","UpSweep","EventHorizon","AsteroidBelt","GasGiant","OortCloud","AsteroidBelt","EarthLightRay+1","Orbital","Replay:Sssssssssshield+1","SatelliteIllusion","LuminesStrike","AsteroidBelt","EarthLightRay","SporeBomb","GremboGang","Parasite","Parasite","MachineGunSpark","MilkyWay","WitchOfGreed","WitchOfGreed","ManaRampage","CurseOfTheBell","NonDirectionalLaser+1","DeepEcoloBomb","BlazeAway+1","Singularity+1","RefractionSpark","WitchOfGreed","ReplayTheSpireMod:Brewmster","Enlightenment","DoubleSpark+1","DragonMeteor+1","WitchOfGreed+1","LuminesStrike","AsteroidBelt"],"relics":["MiniHakkero","Anchor","Oddly Smooth Stone","expansioncontent:StudyCardRelic","ShroomBag","TungstenRod","Whetstone","Mango","Calling Bell","Replay:Baseball","ReplayTheSpireMod:Shallot","Unceasing Top","ReplayTheSpireMod:CursedCoin","Dream Catcher","Kunai","Red Mask","Pear"],"acts_visited":["Exordium","TheCity","TheBeyond"],"potions_floor_usage":[16,16,16,23,23,31,33,33,50,50,50,50,50,50,50,50,50,50,50,50,50,50,50],"damage_taken":[{"damage":0,"enemies":"Cultist","floor":1,"turns":3},{"damage":1,"enemies":"2 Louse","floor":4,"turns":3},{"damage":2,"enemies":"Small Slimes","floor":5,"turns":4},{"damage":3,"enemies":"Blue Slaver","floor":7,"turns":6},{"damage":4,"enemies":"Large Slime","floor":10,"turns":10},{"damage":4,"enemies":"Gremlin Gang","floor":13,"turns":7},{"damage":47,"enemies":"Hexaghost","floor":16,"turns":17},{"damage":0,"enemies":"Spheric Guardian","floor":18,"turns":4},{"damage":5,"enemies":"3 Byrds","floor":19,"turns":5},{"damage":18,"enemies":"Sentry and Sphere","floor":20,"turns":14},{"damage":21,"enemies":"Snake Plant","floor":21,"turns":4},{"damage":24,"enemies":"Slavers","floor":23,"turns":10},{"damage":12,"enemies":"3 Cultists","floor":27,"turns":7},{"damage":0,"enemies":"Chosen and Byrds","floor":29,"turns":5},{"damage":43,"enemies":"Gremlin Leader","floor":31,"turns":9},{"damage":68,"enemies":"Pondfish","floor":33,"turns":18},{"damage":0,"enemies":"Orb Walker","floor":35,"turns":4},{"damage":12,"enemies":"3 Shapes","floor":37,"turns":4},{"damage":26,"enemies":"Sphere and 2 Shapes","floor":38,"turns":8},{"damage":0,"enemies":"Jaw Worm Horde","floor":39,"turns":4},{"damage":65,"enemies":"4 Shapes","floor":42,"turns":12},{"damage":2,"enemies":"Spire Growth","floor":47,"turns":5},{"damage":84,"enemies":"Time Eater","floor":50,"turns":14}],"seed_played":"4560358728741493719","potions_obtained":[{"floor":5,"key":"Reflective Coating"},{"floor":7,"key":"SkillPotion"},{"floor":13,"key":"Weak Potion"},{"floor":18,"key":"DuplicationPotion"},{"floor":19,"key":"CultistPotion"},{"floor":23,"key":"Languid Potion"},{"floor":31,"key":"Energy Potion"},{"floor":33,"key":"champ:CounterPotion"},{"floor":33,"key":"Fruit Juice"},{"floor":33,"key":"AttackPotion"},{"floor":35,"key":"SteroidPotion"}],"is_trial":false,"path_per_floor":["M","$","?","M","M","R","M","?","T","M","?","R","M","$","R","B",null,"M","M","M","M","?","E","?","R","T","M","T","M","R","E","R","B",null,"M","?","M","M","M","R","$","M","T","R","?","R","M","?","R","B",null],"character_chosen":"MARISA","items_purchased":["AsteroidBelt","Replay:Sssssssssshield","ReplayTheSpireMod:CursedCoin","RefractionSpark","WitchOfGreed","ReplayTheSpireMod:Brewmster","Enlightenment","Dream Catcher"],"campfire_rested":8,"item_purchase_floors":[2,14,41,41,41,41,41,41],"current_hp_per_floor":[75,75,75,74,72,75,72,72,72,68,75,75,75,75,75,31,75,75,70,58,47,47,33,33,55,55,55,55,67,75,60,86,29,94,94,94,82,66,72,94,94,39,39,67,67,94,92,102,104,30],"gold":12,"neow_bonus":"RANDOM_COMMON_RELIC","is_daily":false,"chose_seed":false,"campfire_upgraded":2,"win_rate":0.0,"timestamp":1608472553,"path_taken":["M","$","?","M","M","R","M","?","T","M","?","R","M","$","R","BOSS","M","M","M","M","?","E","?","R","T","M","?","M","R","E","R","BOSS","M","?","M","M","?","R","$","M","T","R","?","R","M","?","R","BOSS"],"items_purchased_type":["Card","Card","Relic","Card","Card","Card","Card","Relic"],"build_version":"2020-12-13","purchased_purges":1,"victory":true,"max_hp_per_floor":[75,75,75,75,75,75,75,75,75,75,75,75,75,75,75,75,75,75,75,75,75,75,75,75,75,75,75,75,75,75,89,89,94,94,94,94,94,94,94,94,94,94,94,94,94,94,94,104,104,104],"card_choices":[{"not_picked":["MilkyWay","SprinkleStarSeal"],"picked":"EventHorizon","floor":1},{"not_picked":["NonDirectionalLaser","PowerUp"],"picked":"GasGiant","floor":4},{"not_picked":["EarthLightRay","DoubleSpark"],"picked":"OortCloud","floor":5},{"not_picked":["NonDirectionalLaser","OpenUniverse"],"picked":"AsteroidBelt","floor":7},{"not_picked":["UnstableBomb","GalacticHalo"],"picked":"EarthLightRay","floor":10},{"not_picked":["BigCrunch","MilkyWay"],"picked":"Orbital","floor":13},{"not_picked":["TreasureHunter","SuperNova"],"picked":"SatelliteIllusion","floor":16},{"not_picked":["Occultation","PowerUp"],"picked":"LuminesStrike","floor":18},{"not_picked":["ShootingEcho","6A+1"],"picked":"AsteroidBelt","floor":19},{"not_picked":["DC","SuperPerseids"],"picked":"EarthLightRay","floor":20},{"not_picked":["GasGiant","SuperNova"],"picked":"SporeBomb","floor":21},{"not_picked":["GravityBeat","PowerUp+1"],"picked":"MachineGunSpark","floor":23},{"not_picked":["DoubleSpark+1","DarkMatter"],"picked":"MilkyWay","floor":27},{"not_picked":["MachineGunSpark","DC+1"],"picked":"WitchOfGreed","floor":29},{"not_picked":["Occultation","EarthLightRay"],"picked":"WitchOfGreed","floor":31},{"not_picked":["BigCrunch","EscapeVelocity"],"picked":"ManaRampage","floor":33},{"not_picked":["DarkSpark+1","IllusionStar+1"],"picked":"NonDirectionalLaser","floor":35},{"not_picked":["EnergyFlow","UnstableBomb+1"],"picked":"DeepEcoloBomb","floor":37},{"not_picked":["GalacticHalo+1","NonDirectionalLaser+1"],"picked":"BlazeAway+1","floor":38},{"not_picked":["WitchLeyline","ChargingUp"],"picked":"Singularity+1","floor":39},{"not_picked":["StarBarrage","SuperNova"],"picked":"DoubleSpark+1","floor":42},{"not_picked":["MysteriousBeam+1","UnstableBomb+1"],"picked":"DragonMeteor+1","floor":44},{"not_picked":["MilkyWay+1","GalacticHalo+1"],"picked":"WitchOfGreed+1","floor":46},{"not_picked":["DoubleSpark","ManaConvection+1"],"picked":"LuminesStrike","floor":47},{"not_picked":["MilkyWay+1","SprinkleStarSeal+1"],"picked":"AsteroidBelt","floor":49}],"player_experience":114862,"relics_obtained":[{"floor":9,"key":"Gremlin Food"},{"floor":23,"key":"ShroomBag"},{"floor":26,"key":"TungstenRod"},{"floor":28,"key":"Whetstone"},{"floor":31,"key":"Mango"},{"floor":34,"key":"Replay:Baseball"},{"floor":34,"key":"ReplayTheSpireMod:Shallot"},{"floor":34,"key":"Unceasing Top"},{"floor":43,"key":"Kunai"}],"event_choices":[{"damage_healed":0,"gold_gain":0,"player_choice":"Box","damage_taken":0,"relics_obtained":["Oddly Smooth Stone"],"max_hp_gain":0,"max_hp_loss":0,"event_name":"Big Fish","floor":3,"gold_loss":0,"cards_obtained":["Regret"]},{"damage_healed":18,"gold_gain":0,"player_choice":"Healed","damage_taken":0,"max_hp_gain":0,"max_hp_loss":0,"event_name":"The Cleric","floor":11,"gold_loss":35},{"cards_removed":["Regret"],"damage_healed":0,"gold_gain":0,"player_choice":"Gave Gold","damage_taken":0,"max_hp_gain":0,"max_hp_loss":0,"event_name":"Beggar","floor":24,"gold_loss":75},{"damage_healed":0,"gold_gain":0,"player_choice":"Upgraded","damage_taken":0,"max_hp_gain":0,"max_hp_loss":0,"event_name":"Upgrade Shrine","floor":36,"gold_loss":0,"cards_upgraded":["NonDirectionalLaser"]},{"damage_healed":0,"gold_gain":0,"player_choice":"Paid","damage_taken":0,"relics_obtained":["Red Mask"],"max_hp_gain":0,"max_hp_loss":0,"event_name":"Tomb of Lord Red Mask","floor":45,"gold_loss":69},{"damage_healed":0,"gold_gain":0,"player_choice":"Gave Potion","damage_taken":0,"relics_obtained":["Pear"],"max_hp_gain":0,"max_hp_loss":0,"event_name":"WeMeetAgain","floor":48,"gold_loss":0}],"is_beta":false,"boss_relics":[{"not_picked":["Pandora\u0027s Box","Replay:Drink Me"],"picked":"expansioncontent:StudyCardRelic"},{"not_picked":["Runic Pyramid","Honey Jar"],"picked":"Calling Bell"}],"items_purged_floors":[41],"is_endless":false,"potions_floor_spawned":[5,7,13,18,19,23,33,35,37,39],"ascension_level":0}}