{"host":"g8sjq9ki9zl67elp","time":1608500703,"event":{"mods":["BaseMod","Colored Map","Highlight Path","Hubris","Infinite Spire","Mimic Mod","Minty Spire (QoL Compilation)","Replay The Spire","StSLib","everything is the same but u backflip on backflip"],"gold_per_floor":[112,123,123,123,138,138,138,37,37,55,55,85,97,124,124,228,228,248,248,268,278,292,292,326,326,361,361],"floor_reached":26,"playtime":1406,"items_purged":["Defend_P"],"score":369,"play_id":"1c6460b7-b68a-4aec-8913-030fea0343e7","local_time":"20201220134503","is_ascension_mode":true,"campfire_choices":[{"data":"Eruption","floor":6.0,"key":"SMITH"},{"data":"Vigilance","floor":15.0,"key":"SMITH"},{"data":"PathToVictory","floor":23,"key":"SMITH"},{"data":"EmptyBody","floor":25,"key":"SMITH"}],"circlet_count":0,"master_deck":["Strike_P","Strike_P","Defend_P","Defend_P","Eruption+1","Vigilance+1","EmptyFist+1","Crescendo","ForeignInfluence","FearNoEvil","EmptyBody+1","Replay:AtTheReady","PathToVictory+1","Vault","Fasting2","Conclude+1","EmptyBody+1"],"relics":["PureWater","hubris:Icosahedron","Smiling Mask","Bag of Preparation","Replay:Ringing Soul","hubris:SphereOfDissonance","Painkiller Herb","Mummified Hand","infinitespire:Midas Blood"],"acts_visited":["Exordium","TheCity"],"potions_floor_usage":[21,22,24],"damage_taken":[{"damage":0.0,"enemies":"2 Louse","floor":1.0,"turns":3.0},{"damage":0.0,"enemies":"Small Slimes","floor":2.0,"turns":2.0},{"damage":1.0,"enemies":"Cultist","floor":5.0,"turns":3.0},{"damage":0.0,"enemies":"3 Louse","floor":10.0,"turns":1.0},{"damage":0.0,"enemies":"Gremlin Nob","floor":12.0,"turns":2.0},{"damage":0.0,"enemies":"Exordium Wildlife","floor":13.0,"turns":3.0},{"damage":1.0,"enemies":"3 Sentries","floor":14.0,"turns":5.0},{"damage":0.0,"enemies":"Slime Boss","floor":16.0,"turns":1.0},{"damage":0.0,"enemies":"Shell Parasite","floor":18.0,"turns":3.0},{"damage":11,"enemies":"2 Thieves","floor":20,"turns":4},{"damage":25,"enemies":"Shelled Parasite and Fungi","floor":21,"turns":5},{"damage":0,"enemies":"Chosen and Byrds","floor":22,"turns":3},{"damage":33,"enemies":"Slavers","floor":24,"turns":4},{"damage":12,"enemies":"Centurion and Healer","floor":26,"turns":5}],"seed_played":"-9135118120850789086","potions_obtained":[{"floor":5.0,"key":"Block Potion"},{"floor":10.0,"key":"LiquidMemories"},{"floor":13.0,"key":"ColorlessPotion"},{"floor":14.0,"key":"Fire Potion"},{"floor":20,"key":"Adrenaline Potion"},{"floor":21,"key":"Swift Potion"},{"floor":22,"key":"AttackPotion"}],"is_trial":false,"path_per_floor":["M","M","?","?","M","R","?","$","T","M","?","E","M","E","R","B",null,"?","?","?","?","?","T","E","T","MIM"],"character_chosen":"WATCHER","items_purchased":["EmptyBody"],"campfire_rested":0,"item_purchase_floors":[8],"current_hp_per_floor":[72,72,72,72,71,71,71,71,71,71,71,71,74,73,73,76,78,81,81,70,45,48,48,18,18,6,6],"gold":361,"neow_bonus":"REMOVE_CARD","is_daily":false,"chose_seed":false,"campfire_upgraded":4,"win_rate":0.0,"timestamp":1608500703,"path_taken":["M","M","?","?","M","R","?","$","T","?","?","E","M","E","R","BOSS","?","?","?","?","?","T","E","T","MIM"],"items_purchased_type":["Card"],"build_version":"2020-12-13","purchased_purges":1,"victory":false,"max_hp_per_floor":[72,72,72,72,72,72,72,72,72,72,72,72,75,75,75,78,78,81,81,81,81,84,84,87,87,87,87],"card_choices":[{"not_picked":["WindmillStrike","FlyingSleeves"],"picked":"EmptyFist","floor":1.0},{"not_picked":["Protect","Replay:Vibes"],"picked":"Crescendo","floor":2.0},{"not_picked":["Halt","TalkToTheHand"],"picked":"FearNoEvil","floor":5.0},{"not_picked":["Consecrate","Prostrate"],"picked":"Replay:AtTheReady","floor":10.0},{"not_picked":["Wish","Consecrate","Replay:AtTheReady"],"picked":"SKIP","floor":12.0},{"not_picked":["Wish","Consecrate","Replay:AtTheReady"],"picked":"SKIP","floor":12.0},{"not_picked":["Crescendo","FearNoEvil"],"picked":"PathToVictory","floor":13.0},{"not_picked":["Meditate","SashWhip","Replay:Anticipation"],"picked":"SKIP","floor":14.0},{"not_picked":["Omniscience","Replay:AllIn"],"picked":"Vault","floor":16.0},{"not_picked":["Prostrate","BowlingBash"],"picked":"Fasting2","floor":18.0},{"not_picked":["ThirdEye","Consecrate","BattleHymn+1"],"picked":"SKIP","floor":20},{"not_picked":["Crescendo","Prostrate","CarveReality"],"picked":"SKIP","floor":21},{"not_picked":["DevaForm","Worship"],"picked":"Conclude+1","floor":22},{"not_picked":["SashWhip","ClearTheMind"],"picked":"EmptyBody+1","floor":24}],"player_experience":173451,"relics_obtained":[{"floor":9.0,"key":"Bag of Preparation"},{"floor":12.0,"key":"Replay:Ringing Soul"},{"floor":14.0,"key":"hubris:SphereOfDissonance"},{"floor":24,"key":"Mummified Hand"},{"floor":26,"key":"infinitespire:Midas Blood"}],"event_choices":[{"cards_removed":["Steam"],"damage_healed":0.0,"max_hp_gain":0.0,"max_hp_loss":0.0,"gold_gain":0.0,"event_name":"WeMeetAgain","player_choice":"Gave Card","floor":7.0,"gold_loss":0.0,"damage_taken":0.0,"relics_obtained":["Smiling Mask"]},{"damage_healed":0.0,"max_hp_gain":0.0,"max_hp_loss":0.0,"gold_gain":0.0,"event_name":"Vampires","player_choice":"Ignored","floor":19.0,"gold_loss":0.0,"damage_taken":0.0}],"is_beta":false,"boss_relics":[{"not_picked":["hubris:GrandSneckoEye","Replay:Drink Me"],"picked":"Painkiller Herb"}],"items_purged_floors":[8],"is_endless":false,"potions_floor_spawned":[5,10,13,14,20,21,22],"killed_by":"Centurion and Healer","ascension_level":2}}