{"host":"oy4pyvr762z5n0bb","time":1608423159,"event":{"mods":["AchievementEnabler","BaseMod","Colored Map","Colored Powertips","Googly Eyes","Key Reminder","Minty Spire (QoL Compilation)","Quick Restart","Relic Sorter","StSLib","SuperFastMode","Unceasing Turn Reminder","slay the spire mod where everything is the same but ironclad has a cowboy hat"],"gold_per_floor":[112,39,56,56,56,85,112,124,161,173,201,226,238,279,291,303,303],"floor_reached":16,"playtime":237,"items_purged":[],"score":155,"play_id":"0bfe65ef-24bf-4c4d-bf73-8562f02b9d0c","local_time":"20201219161239","is_ascension_mode":true,"campfire_choices":[{"data":"FlyingSleeves","floor":8,"key":"SMITH"},{"data":"Tantrum","floor":10,"key":"SMITH"},{"floor":13,"key":"REST"},{"data":"ThirdEye","floor":15,"key":"SMITH"}],"circlet_count":0,"master_deck":["Strike_P","Strike_P","Strike_P","Defend_P","Defend_P","Defend_P","Defend_P","Eruption","Vigilance","Tantrum+1","FlyingSleeves","EmptyFist","Evaluate","ClearTheMind","FlyingSleeves+1","FollowUp","ThirdEye+1"],"relics":["PureWater","NeowsBlessing","MawBank","Pen Nib","Toy Ornithopter"],"acts_visited":["Exordium"],"potions_floor_usage":[16],"damage_taken":[{"damage":0,"enemies":"2 Louse","floor":1,"turns":1},{"damage":0,"enemies":"Cultist","floor":3,"turns":1},{"damage":0,"enemies":"3 Sentries","floor":6,"turns":2},{"damage":9,"enemies":"Small Slimes","floor":7,"turns":3},{"damage":4,"enemies":"3 Louse","floor":11,"turns":2},{"damage":11,"enemies":"Looter","floor":12,"turns":3},{"damage":10,"enemies":"Gremlin Nob","floor":14,"turns":3},{"damage":64,"enemies":"Hexaghost","floor":16,"turns":7}],"seed_played":"-7199034571967728842","potions_obtained":[{"floor":1,"key":"Dexterity Potion"},{"floor":6,"key":"PowerPotion"},{"floor":7,"key":"SteroidPotion"}],"is_trial":false,"path_per_floor":["M","$","M","$","?","E","M","R","T","R","M","M","R","E","R","B"],"character_chosen":"WATCHER","items_purchased":["FlyingSleeves","EmptyFist"],"campfire_rested":1,"item_purchase_floors":[2,2],"current_hp_per_floor":[72,72,72,72,72,72,63,63,63,63,59,48,69,59,59,0,0],"gold":303,"neow_bonus":"THREE_ENEMY_KILL","is_daily":false,"chose_seed":false,"campfire_upgraded":3,"win_rate":0.0,"timestamp":1608423159,"path_taken":["M","$","M","$","?","E","M","R","T","R","?","M","R","E","R","BOSS"],"items_purchased_type":["Card","Card"],"build_version":"2020-12-13","purchased_purges":0,"victory":false,"max_hp_per_floor":[72,72,72,72,72,72,72,72,72,72,72,72,72,72,72,72,72],"card_choices":[{"not_picked":["Worship","WaveOfTheHand"],"picked":"Tantrum","floor":1},{"not_picked":["Prostrate","Crescendo"],"picked":"Evaluate","floor":3},{"not_picked":["EmptyMind","Evaluate"],"picked":"ClearTheMind","floor":6},{"not_picked":["Prostrate","Tantrum"],"picked":"FlyingSleeves","floor":7},{"not_picked":["BowlingBash","Pray"],"picked":"FollowUp","floor":11},{"not_picked":["Perseverance","CrushJoints","ThirdEye"],"picked":"SKIP","floor":12},{"not_picked":["Nirvana","LikeWater"],"picked":"ThirdEye","floor":14}],"player_experience":547708,"relics_obtained":[{"floor":6,"key":"MawBank"},{"floor":9,"key":"Pen Nib"},{"floor":14,"key":"Toy Ornithopter"}],"event_choices":[{"cards_removed":["Strike_P"],"damage_healed":0,"gold_gain":0,"player_choice":"Offered Basic","damage_taken":0,"max_hp_gain":0,"max_hp_loss":0,"event_name":"Bonfire Elementals","floor":5,"gold_loss":0}],"is_beta":false,"boss_relics":[],"items_purged_floors":[],"is_endless":false,"potions_floor_spawned":[1,6,7,14],"killed_by":"Hexaghost","ascension_level":3}}