{"host":"3c27c697js19kaoo","time":1608436552,"event":{"mods":["Aspiration","BaseMod","CapriCore","Dota2Spire","Hermit","Minty Spire (QoL Compilation)","Quick Restart","Remilia£®¿Ÿ√◊¿Ú—«£©","Replay The Spire","Robot Space Explorer","Spicy Shops","StSLib","The Alterego","The Cursed","The Runesmith","The Servant 0.9.4","vexMod","°æ“≈ŒÔø®≈∆°øREMEMod"],"gold_per_floor":[116,91,91,91,91,91,116,134,159,159,159,159,177,200,200,320,320,338,338,362,378,303,303,118,118,118,138,138,154,154,189,189,189,189],"floor_reached":33,"playtime":1581,"items_purged":[],"score":288,"play_id":"be2c2376-dff3-4cf7-b7a4-5dbd8532d24e","local_time":"20201220115552","is_ascension_mode":false,"campfire_choices":[{"data":"TricksterDevil","floor":6.0,"key":"SMITH"},{"data":"Runesmith:CraftIncendium","floor":12.0,"key":"SMITH"},{"data":"Runesmith:Attraction","floor":15.0,"key":"SMITH"},{"floor":23,"key":"REST"},{"floor":25,"key":"REST"},{"floor":30,"key":"REST"},{"floor":32,"key":"REST"}],"circlet_count":0,"master_deck":["Runesmith:Strike_RS","Runesmith:Strike_RS","Runesmith:Strike_RS+1","Runesmith:Strike_RS","Runesmith:Defend_RS","Runesmith:Defend_RS","Runesmith:Defend_RS","Runesmith:Defend_RS","Runesmith:CraftFirestone","Runesmith:Fortify","TricksterDevil+1","Runesmith:UnstableHammer","Runesmith:PerfectChisel","Runesmith:Empowerment","Runesmith:CraftIncendium+1","Injury","Runesmith:ChiselStab","Runesmith:Attraction+1","Runesmith:Duplicate","Runesmith:ChargedHammer","Runesmith:Reinforce","Runesmith:EnergizedChisel+1","Magnetism+1","Runesmith:GrandSlam","Runesmith:ArcReactor+1"],"relics":["Runesmith:BrokenRuby","REME_ComplimentaryCards","NeowsBlessing","ReplayTheSpireMod:TigerMarble","Torii","Frozen Egg 2","Golden Idol","vexMod:TanglingVine","Dota2Spire:Butterfly","Dota2Spire:MantaStyle","Nloth\u0027s Gift","vexMod:CardConverter"],"acts_visited":["Exordium","TheCity"],"potions_floor_usage":[29,29,33],"damage_taken":[{"damage":0.0,"enemies":"Small Slimes","floor":1.0,"turns":1.0},{"damage":0.0,"enemies":"Replay:BlueRogue","floor":7.0,"turns":1.0},{"damage":0.0,"enemies":"Jaw Worm","floor":8.0,"turns":1.0},{"damage":13.0,"enemies":"2 Louse","floor":13.0,"turns":4.0},{"damage":2.0,"enemies":"Lots of Slimes","floor":14.0,"turns":2.0},{"damage":14.0,"enemies":"Fading Forest","floor":16.0,"turns":11.0},{"damage":9.0,"enemies":"Chosen","floor":18.0,"turns":5.0},{"damage":31,"enemies":"2 Thieves","floor":20,"turns":4},{"damage":13,"enemies":"Shelled Parasite and Fungi","floor":21,"turns":5},{"damage":22,"enemies":"Snake Plant","floor":27,"turns":4},{"damage":1,"enemies":"Centurion and Healer","floor":29,"turns":5},{"damage":18,"enemies":"REME_1_Revenger","floor":31,"turns":5},{"damage":57,"enemies":"Collector","floor":33,"turns":6}],"seed_played":"-1954223858354623288","potions_obtained":[{"floor":1.0,"key":"BlessingOfTheForge"},{"floor":16.0,"key":"Cursed Concoction"},{"floor":20,"key":"LiquidMemories"},{"floor":21,"key":"ColorlessPotion"},{"floor":31,"key":"Elixir"}],"is_trial":false,"path_per_floor":["M","?","?","?","?","R","E","M","T","?","?","R","M","M","R","B",null,"M","?","M","M","?","R","$","R","T","M","?","M","R","E","R","B"],"character_chosen":"RUNESMITH_CLASS","items_purchased":["Magnetism+1"],"campfire_rested":4,"item_purchase_floors":[24],"current_hp_per_floor":[70,70,63,63,63,63,63,63,63,63,63,63,50,48,48,44,65,56,56,25,12,12,31,31,50,50,28,28,27,46,30,50,0,0],"gold":189,"neow_bonus":"THREE_ENEMY_KILL","is_daily":false,"chose_seed":false,"campfire_upgraded":3,"win_rate":0.0,"timestamp":1608436552,"path_taken":["M","?","?","?","?","R","E","?","T","?","?","R","M","M","R","BOSS","M","?","?","M","?","R","$","R","T","M","?","?","R","E","R","BOSS"],"items_purchased_type":["Card"],"build_version":"2020-12-13","purchased_purges":0,"victory":false,"max_hp_per_floor":[70,70,70,70,70,70,70,70,70,70,65,65,65,65,65,65,65,65,65,65,65,65,65,65,65,65,65,65,65,65,67,67,67,67],"card_choices":[{"not_picked":["Runesmith:EarthShield","Runesmith:Overpower"],"picked":"Runesmith:UnstableHammer","floor":1.0},{"not_picked":["Runesmith:StaticCage","Runesmith:CraftMagma"],"picked":"Runesmith:Empowerment","floor":7.0},{"not_picked":["Runesmith:MakeshiftArmor","Runesmith:Accelerate"],"picked":"Runesmith:CraftIncendium","floor":8.0},{"not_picked":["Runesmith:Firewall","Runesmith:MakeshiftArmor"],"picked":"Runesmith:ChiselStab","floor":13.0},{"not_picked":["Runesmith:BackupBattery","Runesmith:CraftObretio"],"picked":"Runesmith:Attraction","floor":14.0},{"not_picked":["Runesmith:CraftMedicinae","Runesmith:CraftIndustria"],"picked":"Runesmith:Duplicate","floor":16.0},{"not_picked":["Runesmith:Firewall","Runesmith:NanitesCloud"],"picked":"Runesmith:ChargedHammer","floor":18.0},{"not_picked":["Runesmith:Refine","Runesmith:WhiteBalance"],"picked":"Runesmith:Reinforce","floor":20},{"not_picked":["Runesmith:Repurpose","Runesmith:BackupBattery+1"],"picked":"Runesmith:EnergizedChisel+1","floor":21},{"not_picked":["Runesmith:MakeshiftArmor","Runesmith:RunicBlueprint"],"picked":"Runesmith:GrandSlam","floor":27},{"not_picked":["Runesmith:Overpower","Runesmith:HeatedChisel","Runesmith:FieryHammer"],"picked":"SKIP","floor":29},{"not_picked":["Runesmith:HeatExchange","Runesmith:UnstableHammer"],"picked":"Runesmith:ArcReactor+1","floor":31}],"player_experience":143746,"relics_obtained":[{"floor":7.0,"key":"Torii"},{"floor":9.0,"key":"ScarletDevilRocket"},{"floor":26,"key":"Dota2Spire:MantaStyle"},{"floor":31,"key":"vexMod:CardConverter"}],"event_choices":[{"damage_healed":0.0,"max_hp_gain":0.0,"max_hp_loss":0.0,"gold_gain":0.0,"event_name":"Scrap Ooze","player_choice":"Success","floor":3.0,"gold_loss":0.0,"damage_taken":7.0,"relics_obtained":["ReplayTheSpireMod:TigerMarble"]},{"damage_healed":0.0,"max_hp_gain":0.0,"max_hp_loss":0.0,"gold_gain":0.0,"event_name":"Match and Keep!","player_choice":"2 cards matched","floor":5.0,"gold_loss":0.0,"damage_taken":0.0,"cards_obtained":["Runesmith:PerfectChisel","Runesmith:StaticCage"]},{"damage_healed":0.0,"max_hp_gain":0.0,"max_hp_loss":0.0,"gold_gain":0.0,"event_name":"Match and Keep!","player_choice":"2 cards matched","floor":5.0,"gold_loss":0.0,"damage_taken":0.0,"cards_obtained":["Runesmith:PerfectChisel","Runesmith:StaticCage"]},{"damage_healed":0.0,"max_hp_gain":0.0,"max_hp_loss":5.0,"gold_gain":0.0,"event_name":"Golden Idol","player_choice":"Lose Max HP","floor":11.0,"gold_loss":0.0,"damage_taken":0.0,"relics_obtained":["Golden Idol"]},{"damage_healed":0.0,"max_hp_gain":0.0,"max_hp_loss":0.0,"gold_gain":0.0,"event_name":"The Mausoleum","player_choice":"Opened","floor":19.0,"gold_loss":0.0,"damage_taken":0.0,"relics_obtained":["Dota2Spire:Butterfly"]},{"cards_removed":["Runesmith:StaticCage"],"damage_healed":0,"gold_gain":0,"player_choice":"Gave Gold","damage_taken":0,"max_hp_gain":0,"max_hp_loss":0,"event_name":"Beggar","floor":22,"gold_loss":75},{"damage_healed":0,"gold_gain":0,"player_choice":"Traded Relic","damage_taken":0,"relics_obtained":["Nloth\u0027s Gift"],"max_hp_gain":0,"max_hp_loss":0,"event_name":"N\u0027loth","floor":28,"relics_lost":["ScarletDevilRocket"],"gold_loss":0}],"is_beta":false,"boss_relics":[{"not_picked":["SacredBark","Runic Pyramid"],"picked":"vexMod:TanglingVine"}],"items_purged_floors":[],"is_endless":false,"potions_floor_spawned":[1,16,20,21,31],"killed_by":"Collector","ascension_level":0}}