{"host":"a5e2zwd8c2ad7the","time":1608429951,"event":{"mods":["BaseMod","Colored Map","Colored Powertips","Highlight Path","Minty Spire (QoL Compilation)","Quick Restart","Rare Cards Sparkle","Replay The Spire","StSLib"],"gold_per_floor":[117,79,79,97,117,117,117],"floor_reached":6,"playtime":192,"items_purged":[],"score":35,"play_id":"ed99ba63-b4f5-47d3-8352-8e1795884155","local_time":"20201220100551","is_ascension_mode":false,"campfire_choices":[],"circlet_count":0,"master_deck":["Strike_G","Strike_G","Strike_G","Strike_G","Strike_G","Defend_G","Defend_G","Defend_G","Defend_G","Defend_G","Survivor","Neutralize","Hidden Blade","Caltrops","Choke"],"relics":["Ring of the Snake","The Specimen","Spirit Poop"],"acts_visited":["Exordium"],"potions_floor_usage":[6,6],"damage_taken":[{"damage":5,"enemies":"Jaw Worm","floor":1,"turns":5},{"damage":1,"enemies":"Cultist","floor":4,"turns":4},{"damage":6,"enemies":"2 Louse","floor":5,"turns":2},{"damage":28,"enemies":"Lagavulin","floor":6,"turns":5}],"seed_played":"873573831650205102","potions_obtained":[{"floor":1,"key":"SteroidPotion"},{"floor":5,"key":"Swift Potion"}],"is_trial":false,"path_per_floor":["M","$","?","M","M","E"],"character_chosen":"THE_SILENT","items_purchased":["Caltrops"],"campfire_rested":0,"item_purchase_floors":[2],"current_hp_per_floor":[65,65,65,64,58,30,30],"gold":117,"neow_bonus":"RANDOM_EVENT","is_daily":false,"chose_seed":false,"campfire_upgraded":0,"win_rate":0.0,"timestamp":1608429951,"path_taken":["M","$","?","?","M","E"],"items_purchased_type":["Card"],"build_version":"2020-12-13","purchased_purges":0,"victory":false,"max_hp_per_floor":[70,70,70,70,70,70,70],"card_choices":[{"not_picked":["Flechettes","Endless Agony"],"picked":"Hidden Blade","floor":1},{"not_picked":["Flechettes","Deflect","Outmaneuver"],"picked":"SKIP","floor":4},{"not_picked":["Slice","Dagger Spray"],"picked":"Choke","floor":5}],"player_experience":26086,"relics_obtained":[],"event_choices":[{"damage_healed":0,"gold_gain":0,"player_choice":"Box","damage_taken":0,"relics_obtained":["The Specimen"],"max_hp_gain":0,"max_hp_loss":0,"event_name":"Big Fish","floor":0,"gold_loss":0,"cards_obtained":["Regret"]},{"cards_removed":["Regret"],"damage_healed":0,"gold_gain":0,"player_choice":"Offered Curse","damage_taken":0,"relics_obtained":["Spirit Poop"],"max_hp_gain":0,"max_hp_loss":0,"event_name":"Bonfire Elementals","floor":3,"gold_loss":0}],"is_beta":false,"boss_relics":[],"items_purged_floors":[],"is_endless":false,"potions_floor_spawned":[1,5],"killed_by":"Lagavulin","ascension_level":0}}