{"host":"xy5qih4nvxccm4rc","time":1608434421,"event":{"mods":["AchievementEnabler","BaseMod","Downfall","Minty Spire (QoL Compilation)","StSLib"],"gold_per_floor":[99,99,99,130,580,580,580,580,905,905,932,648,648,431,448,549,549,549,549,549,273,292,317,317,336,355,383,16,33,7,7,7],"floor_reached":31,"playtime":1525,"items_purged":["Slimebound:Icky","Slimebound:Icky"],"score":325,"play_id":"002d64a4-749e-49ce-8e5c-772e54611764","local_time":"20201219212021","is_ascension_mode":false,"campfire_choices":[{"data":"Guardian:TwinSlam","floor":1,"key":"SMITH"},{"data":"Guardian:WalkerClaw","floor":8,"key":"SMITH"},{"data":"Guardian:CurlUp","floor":10,"key":"SMITH"},{"data":"Guardian:PrismaticBeam","floor":18,"key":"SMITH"}],"circlet_count":0,"master_deck":["Guardian:Strike_Guardian+1","Guardian:Strike_Guardian+1","Guardian:Strike_Guardian+1","Guardian:Strike_Guardian+1","Guardian:Defend_Guardian+1","Guardian:Defend_Guardian+1","Guardian:Defend_Guardian+1","Guardian:Defend_Guardian+1","Guardian:CurlUp+1","Guardian:TwinSlam+1","Guardian:ShieldCharger","Guardian:WalkerClaw+1","Guardian:DecasProtection","Guardian:RefractedBeam+1","Guardian:VentSteam","Guardian:PrismaticBeam+1","Guardian:PrimingBeam","Guardian:AncientConstruct+1","Guardian:VentSteam+1","Guardian:TimeBomb","Guardian:EvasiveProtocol+1","Guardian:Gem_White","Guardian:GuardianWhirl+1","Decay","Guardian:TimeCapacitor+1","Guardian:GuardianWhirl+1","Guardian:PiercingHide","Guardian:ArmoredProtocol+1","Guardian:PrismaticBeam+1","Guardian:TemporalShield","Guardian:StasisField","Guardian:Gem_Lightblue","Guardian:CrystalBeam+1"],"relics":["Guardian:ModeShifter","downfall:HeartsMalice","Oddly Smooth Stone","Frozen Egg 2","Old Coin","InkBottle","Cursed Key","Lee\u0027s Waffle","Letter Opener","Molten Egg 2","Centennial Puzzle","Guardian:PickAxe","DollysMirror","Mercury Hourglass"],"acts_visited":["Exordium","TheCity"],"potions_floor_usage":[16,23,27,29,30],"damage_taken":[{"damage":0,"enemies":"Small Slimes","floor":3,"turns":1},{"damage":0,"enemies":"Lagavulin","floor":4,"turns":1},{"damage":0,"enemies":"Cultist","floor":6,"turns":1},{"damage":16,"enemies":"Gremlin Nob","floor":9,"turns":4},{"damage":3,"enemies":"downfall:FleeingMerchant","floor":12,"turns":4},{"damage":4,"enemies":"downfall:FleeingMerchant","floor":14,"turns":4},{"damage":9,"enemies":"Jaw Worm","floor":15,"turns":2},{"damage":29,"enemies":"downfall:Ironclad","floor":16,"turns":9},{"damage":10,"enemies":"downfall:FleeingMerchant","floor":21,"turns":4},{"damage":1,"enemies":"Shell Parasite","floor":22,"turns":4},{"damage":12,"enemies":"Book of Stabbing","floor":23,"turns":6},{"damage":29,"enemies":"Snake Plant","floor":25,"turns":4},{"damage":9,"enemies":"Centurion and Healer","floor":26,"turns":8},{"damage":49,"enemies":"Slavers","floor":27,"turns":6},{"damage":12,"enemies":"downfall:FleeingMerchant","floor":28,"turns":4},{"damage":0,"enemies":"Snecko","floor":29,"turns":5},{"damage":0,"enemies":"downfall:FleeingMerchant","floor":30,"turns":4},{"damage":13,"enemies":"Sentry and Sphere","floor":31,"turns":3}],"seed_played":"-7011080560918198645","potions_obtained":[{"floor":9,"key":"SpeedPotion"},{"floor":15,"key":"Explosive Potion"},{"floor":16,"key":"Guardian:BlockOnCardUsePotion"},{"floor":25,"key":"champ:CounterPotion"},{"floor":29,"key":"Fire Potion"}],"is_trial":false,"path_per_floor":["R","?","M","E","?","M","T","R","E","R","T","$","?","$","M","B",null,"R","?","?","$","M","E","T","M","M","E","$","M","$","M"],"character_chosen":"GUARDIAN","items_purchased":["Guardian:Gem_Red","FairyPotion","Guardian:RefractedBeam","Guardian:PrismaticBeam","Guardian:PrimingBeam","Lee\u0027s Waffle","Guardian:TimeBomb","Guardian:EvasiveProtocol+1","Guardian:PickAxe","DollysMirror","Guardian:TemporalShield","Guardian:CrystalBeam+1","Mercury Hourglass","Guardian:DefensiveModePotion","Dexterity Potion"],"campfire_rested":0,"item_purchase_floors":[12,12,12,14,14,21,21,21,28,28,28,30,30,30,30],"current_hp_per_floor":[80,80,80,80,80,80,80,80,64,64,64,61,54,50,41,12,80,80,80,72,87,86,74,74,45,36,20,8,8,8,0,0],"gold":7,"neow_bonus":"THREE_ENEMY_KILL","is_daily":false,"chose_seed":false,"campfire_upgraded":4,"win_rate":0.0,"timestamp":1608434421,"path_taken":["R","?","?","E","?","M","T","R","E","R","?","?","?","$","M","BOSS","R","?","?","$","M","E","T","?","M","E","?","?","$","M"],"items_purchased_type":["Card","Potion","Card","Card","Card","Relic","Card","Card","Relic","Relic","Card","Card","Relic","Potion","Potion"],"build_version":"2020-12-13","purchased_purges":2,"victory":false,"max_hp_per_floor":[80,80,80,80,80,80,80,80,80,80,80,80,80,80,80,80,80,80,80,80,87,87,87,87,87,87,87,87,87,87,87,87],"card_choices":[{"not_picked":["Guardian:CrystalBeam","Guardian:Suspension"],"picked":"Guardian:ShieldCharger","floor":3},{"not_picked":["Guardian:Repulse","Guardian:TemporalStrike"],"picked":"Guardian:WalkerClaw","floor":4},{"not_picked":["Guardian:WalkerClaw","Guardian:TemporalShield"],"picked":"Guardian:Gem_Orange","floor":6},{"not_picked":["Guardian:TimeBomb","Guardian:ShieldSpikes"],"picked":"Guardian:DecasProtection","floor":9},{"not_picked":["Guardian:VentSteam","Guardian:Gem_Lightblue"],"picked":"Guardian:Gem_Crimson","floor":12},{"not_picked":["Guardian:Emergency","Guardian:Recover"],"picked":"Guardian:VentSteam","floor":14},{"not_picked":["Guardian:PrismaticBarrier","Guardian:PrismaticBeam"],"picked":"Guardian:Gem_Green","floor":15},{"not_picked":["Guardian:Gem_Orange","Guardian:TimeSifter+1"],"picked":"Guardian:AncientConstruct+1","floor":16},{"not_picked":["Guardian:RollAttack+1","Guardian:Gem_White"],"picked":"Guardian:VentSteam+1","floor":21},{"not_picked":["Guardian:ShieldCharger","Guardian:Gem_Lightblue"],"picked":"Guardian:Gem_White","floor":22},{"not_picked":["Guardian:ChargeUp","Guardian:ArmoredProtocol+1"],"picked":"Guardian:GuardianWhirl+1","floor":23},{"not_picked":["Guardian:ChargeCore+1","Guardian:TimeBomb"],"picked":"Guardian:TimeCapacitor+1","floor":25},{"not_picked":["Guardian:Suspension","Guardian:PrimingBeam+1"],"picked":"Guardian:GuardianWhirl+1","floor":26},{"not_picked":["Guardian:Planning","Guardian:TemporalShield"],"picked":"Guardian:PiercingHide","floor":27},{"not_picked":["Guardian:PrimingBeam+1","Guardian:Gem_Cyan"],"picked":"Guardian:ArmoredProtocol+1","floor":28},{"not_picked":["Guardian:Preprogram","Guardian:Gem_Green"],"picked":"Guardian:StasisField","floor":29},{"not_picked":["Guardian:Gem_Crimson","Guardian:Planning"],"picked":"Guardian:Gem_Lightblue","floor":30}],"player_experience":313446,"relics_obtained":[{"floor":4,"key":"Oddly Smooth Stone"},{"floor":7,"key":"Frozen Egg 2"},{"floor":9,"key":"Old Coin"},{"floor":23,"key":"Letter Opener"},{"floor":24,"key":"Molten Egg 2"},{"floor":27,"key":"Centennial Puzzle"}],"event_choices":[{"damage_healed":0,"gold_gain":0,"player_choice":"Success","damage_taken":7,"relics_obtained":["InkBottle"],"max_hp_gain":0,"max_hp_loss":0,"event_name":"Scrap Ooze","floor":13,"gold_loss":0},{"damage_healed":0,"gold_gain":0,"player_choice":"Simplicity","damage_taken":0,"max_hp_gain":0,"max_hp_loss":0,"event_name":"Back to Basics","floor":19,"gold_loss":0,"cards_upgraded":["Guardian:Strike_Guardian","Guardian:Strike_Guardian","Guardian:Strike_Guardian","Guardian:Strike_Guardian","Guardian:Defend_Guardian","Guardian:Defend_Guardian","Guardian:Defend_Guardian","Guardian:Defend_Guardian"]}],"is_beta":false,"boss_relics":[{"not_picked":["Pandora\u0027s Box","Philosopher\u0027s Stone"],"picked":"Cursed Key"}],"items_purged_floors":[12,14],"is_endless":false,"potions_floor_spawned":[9,15,16,25,26,29],"killed_by":"Sentry and Sphere","ascension_level":0}}