{"host":"udzsrhbqdxqtlypj","time":1608474429,"event":{"mods":["BaseMod","Minty Spire (QoL Compilation)","Relic Stats"],"gold_per_floor":[111,122,122,134,190,190,190,190],"floor_reached":7,"playtime":323,"items_purged":[],"score":65,"play_id":"6320a0f6-8427-433a-987d-400a49661bfe","local_time":"20201220082709","is_ascension_mode":true,"campfire_choices":[{"data":"Searing Blow","floor":6,"key":"PURGE"}],"circlet_count":0,"master_deck":["AscendersBane","Strike_R","Strike_R","Strike_R","Strike_R","Defend_R","Defend_R","Defend_R","Defend_R","Bash","Dropkick","True Grit"],"relics":["Burning Blood","Peace Pipe"],"acts_visited":["Exordium"],"potions_floor_usage":[5,7,7],"damage_taken":[{"damage":4,"enemies":"2 Louse","floor":1,"turns":3},{"damage":6,"enemies":"Cultist","floor":2,"turns":3},{"damage":9,"enemies":"Jaw Worm","floor":4,"turns":3},{"damage":27,"enemies":"Exordium Thugs","floor":5,"turns":5},{"damage":56,"enemies":"3 Sentries","floor":7,"turns":10}],"seed_played":"7000060618186017060","potions_obtained":[{"floor":1,"key":"SpeedPotion"},{"floor":2,"key":"ColorlessPotion"},{"floor":5,"key":"SpeedPotion"}],"is_trial":false,"path_per_floor":["M","M","?","M","M","R","E"],"character_chosen":"IRONCLAD","items_purchased":[],"campfire_rested":0,"item_purchase_floors":[],"current_hp_per_floor":[72,72,72,69,48,48,0,0],"gold":190,"neow_bonus":"ONE_RARE_RELIC","is_daily":false,"chose_seed":false,"campfire_upgraded":0,"win_rate":0.0,"timestamp":1608474429,"path_taken":["M","M","?","M","?","R","E"],"items_purchased_type":[],"build_version":"2020-12-13","purchased_purges":0,"victory":false,"max_hp_per_floor":[72,72,72,72,72,72,72,72],"relic_stats":{"Peace Pipe":1,"counters":[5,24],"obtain_stats":[{"Peace Pipe":0,"Burning Blood":0},{"Peace Pipe":0,"Burning Blood":0},{"Peace Pipe":0,"Burning Blood":0}],"Burning Blood":22},"card_choices":[{"not_picked":["Evolve","True Grit"],"picked":"Dropkick","floor":1},{"not_picked":["Evolve","Entrench","Clothesline"],"picked":"SKIP","floor":2},{"not_picked":["Ghostly Armor","Flex","Clothesline"],"picked":"SKIP","floor":4},{"not_picked":["Dark Embrace","Havoc"],"picked":"True Grit","floor":5}],"player_experience":2695219,"relics_obtained":[],"event_choices":[{"damage_healed":0,"gold_gain":0,"cards_transformed":["Strike_R"],"player_choice":"Transformed","damage_taken":0,"max_hp_gain":0,"max_hp_loss":0,"event_name":"Transmorgrifier","floor":3,"gold_loss":0,"cards_obtained":["Searing Blow"]}],"is_beta":false,"boss_relics":[],"items_purged_floors":[],"is_endless":false,"potions_floor_spawned":[1,2,5],"killed_by":"3 Sentries","ascension_level":10}}