{"host":"gbop6m4qugddaz18","time":1608502476,"event":{"mods":["2.2 Compatiblity","BaseMod","Better Third Choice","Block Reminder","Downfall","GifTheSpireLib","Highlight Path","Minty Spire (QoL Compilation)","Replay The Spire","StSLib"],"gold_per_floor":[199,218,251,251,6,16,16,16,42,42,53,53,76,76,90,90,90],"floor_reached":16,"playtime":606,"items_purged":[],"score":108,"play_id":"e6d8ac9b-97a9-41cf-b80f-cd1acee0259f","local_time":"20201220171436","is_ascension_mode":false,"campfire_choices":[{"floor":10,"key":"REST"}],"circlet_count":0,"master_deck":["hexamod:Strike","hexamod:Strike","hexamod:Strike","hexamod:Strike","hexamod:Defend","hexamod:Defend","hexamod:Defend","hexamod:Defend","hexamod:Sear","hexamod:Float","hexamod:ChargedBarrage","hexamod:NightmareGuise+1","hexamod:BurningTouch","hexamod:RadiantFlame+1","hexamod:EmpoweredFlame+1","hexamod:GhostShield","hexamod:GhostLash","hexamod:EmpoweredFlame","Regret","hexamod:SpectersWail"],"relics":["hexamod:SpiritBrand","Dead Branch","Sling","Counterbalance","Torii","ReplayTheSpireMod:Ring of Challenge","ReplayTheSpireMod:Ring of Exchange","Replay:Baseball"],"acts_visited":["Exordium"],"potions_floor_usage":[3,16,16],"damage_taken":[{"damage":1,"enemies":"2 Louse","floor":2,"turns":3},{"damage":44,"enemies":"3 Sentries","floor":3,"turns":10},{"damage":0,"enemies":"downfall:FleeingMerchant","floor":5,"turns":4},{"damage":2,"enemies":"Jaw Worm","floor":6,"turns":4},{"damage":0,"enemies":"Cultist","floor":8,"turns":1},{"damage":22,"enemies":"Lagavulin","floor":9,"turns":6},{"damage":11,"enemies":"Exordium Thugs","floor":11,"turns":5},{"damage":2,"enemies":"Red Slaver","floor":15,"turns":6},{"damage":23,"enemies":"downfall:Defect","floor":16,"turns":4}],"seed_played":"-1193783186499104260","potions_obtained":[{"floor":2,"key":"Strength Potion"},{"floor":9,"key":"Regen Potion"},{"floor":11,"key":"DuplicationPotion"},{"floor":15,"key":"LifebloodPotion"}],"is_trial":false,"path_per_floor":["R","M","E","?","$","M","T","M","E","R","M","?","T","?","M","B"],"character_chosen":"THE_SPIRIT","items_purchased":["hexamod:RadiantFlame","Sling"],"campfire_rested":1,"item_purchase_floors":[5,5],"current_hp_per_floor":[70,69,25,25,25,23,23,23,1,22,11,11,11,11,9,0,0],"gold":90,"neow_bonus":"HUNDRED_GOLD","is_daily":false,"chose_seed":false,"campfire_upgraded":0,"win_rate":0.0,"timestamp":1608502476,"path_taken":["R","M","E","?","$","M","T","M","E","R","M","?","?","?","M","BOSS"],"items_purchased_type":["Card","Relic"],"build_version":"2020-12-13","purchased_purges":0,"victory":false,"max_hp_per_floor":[70,70,70,70,70,70,70,70,70,70,70,70,70,70,70,70,70],"card_choices":[{"not_picked":["hexamod:SpectralAdrenaline","hexamod:NightmareStrike"],"picked":"hexamod:ChargedBarrage","floor":2},{"not_picked":["hexamod:SpectralAdrenaline","hexamod:CatchUp"],"picked":"hexamod:NightmareGuise","floor":3},{"not_picked":["hexamod:ApocalypticArmor","hexamod:Hexaguard"],"picked":"hexamod:BurningTouch","floor":5},{"not_picked":["hexamod:PowerFromBeyond","hexamod:BacktrackSmack"],"picked":"hexamod:EmpoweredFlame","floor":6},{"not_picked":["hexamod:SpectersWail","hexamod:ApocalypticArmor"],"picked":"hexamod:GhostShield","floor":8},{"not_picked":["hexamod:Rewind","hexamod:ShieldOfDarkness"],"picked":"hexamod:GhostLash","floor":9},{"not_picked":["hexamod:NightmareStrike","hexamod:RecurringNightmare"],"picked":"hexamod:EmpoweredFlame","floor":11},{"not_picked":["hexamod:SkipABeat","hexamod:RainOfEmbers"],"picked":"hexamod:SpectersWail","floor":15}],"player_experience":507509,"relics_obtained":[{"floor":3,"key":"Dead Branch"},{"floor":7,"key":"Counterbalance"},{"floor":9,"key":"Torii"},{"floor":12,"key":"ReplayTheSpireMod:Ring of Challenge"},{"floor":12,"key":"ReplayTheSpireMod:Ring of Exchange"},{"floor":13,"key":"Replay:Baseball"}],"event_choices":[],"is_beta":false,"boss_relics":[],"items_purged_floors":[],"is_endless":false,"potions_floor_spawned":[2,9,11,15],"killed_by":"downfall:Defect","ascension_level":0}}