{"host":"Jedit","time":1608426517,"event":{"mods":["BaseMod","Minty Spire (QoL Compilation)","Relic Stats","StSLib"],"gold_per_floor":[114,114,64,82,82,109,109,139,139,158,212,11,25,35,35,135,135,148,148,148,75,75,110,110,139,174,101,113,125,167,193,205,317,329,354,366,378,458,470,517,544,556,592,383,394,426,442,475,475,475,475,475,71,99,99,99],"floor_reached":55,"playtime":2755,"items_purged":["Strike_G","Strike_G"],"score":1070,"play_id":"49b04260-d446-480e-86b8-7008d9de6eb4","local_time":"20201220010837","is_ascension_mode":true,"campfire_choices":[{"data":"Endless Agony","floor":7.0,"key":"SMITH"},{"data":"Noxious Fumes","floor":15.0,"key":"SMITH"},{"data":"Wraith Form v2","floor":24.0,"key":"SMITH"},{"floor":29.0,"key":"REST"},{"data":"Crippling Poison","floor":32.0,"key":"SMITH"},{"floor":42.0,"key":"RECALL"},{"floor":49.0,"key":"REST"},{"data":"Noxious Fumes","floor":52.0,"key":"SMITH"}],"circlet_count":0,"master_deck":["Defend_G","Defend_G","Defend_G","Defend_G","Survivor","Neutralize","PiercingWail","Dash","Leg Sweep","Endless Agony+1","Noxious Fumes+1","Adrenaline","Backstab","Noxious Fumes+1","Poisoned Stab","Poisoned Stab","Backflip","Wraith Form v2+1","Backflip","Crippling Poison+1","Well Laid Plans","Venomology","Noxious Fumes","Burst","Blade Dance+1","Deadly Poison","Caltrops","PiercingWail+1","Prepared+1","Catalyst+1","Deadly Poison+1","Caltrops"],"relics":["Ring of the Snake","NeowsBlessing","Blue Candle","StoneCalendar","Busted Crown","Nilry\u0027s Codex","CaptainsWheel","MawBank","Tiny Chest","Pen Nib","Meat on the Bone","Black Star","Shuriken","Juzu Bracelet","Ancient Tea Set","Akabeko","Orichalcum","Toxic Egg 2","FossilizedHelix","Ornamental Fan","White Beast Statue","Oddly Smooth Stone"],"acts_visited":["Exordium","TheCity","TheBeyond","TheEnding"],"potions_floor_usage":[55],"damage_taken":[{"damage":0.0,"enemies":"2 Louse","floor":1.0,"turns":1.0},{"damage":0.0,"enemies":"Small Slimes","floor":4.0,"turns":1.0},{"damage":0.0,"enemies":"Gremlin Nob","floor":6.0,"turns":1.0},{"damage":42.0,"enemies":"Lagavulin","floor":8.0,"turns":11.0},{"damage":1.0,"enemies":"Jaw Worm","floor":10.0,"turns":3.0},{"damage":0.0,"enemies":"Exordium Wildlife","floor":11.0,"turns":5.0},{"damage":0.0,"enemies":"2 Fungi Beasts","floor":13.0,"turns":3.0},{"damage":0.0,"enemies":"Looter","floor":14.0,"turns":3.0},{"damage":0.0,"enemies":"The Guardian","floor":16.0,"turns":7.0},{"damage":0.0,"enemies":"Shell Parasite","floor":18.0,"turns":5.0},{"damage":14.0,"enemies":"Slavers","floor":23.0,"turns":6.0},{"damage":21.0,"enemies":"Book of Stabbing","floor":25.0,"turns":7.0},{"damage":13.0,"enemies":"Gremlin Leader","floor":30.0,"turns":8.0},{"damage":0.0,"enemies":"Spheric Guardian","floor":31.0,"turns":4.0},{"damage":4.0,"enemies":"Automaton","floor":33.0,"turns":9.0},{"damage":12.0,"enemies":"3 Shapes","floor":35.0,"turns":5.0},{"damage":0.0,"enemies":"3 Darklings","floor":39.0,"turns":2.0},{"damage":11.0,"enemies":"Nemesis","floor":40.0,"turns":7.0},{"damage":6.0,"enemies":"Jaw Worm Horde","floor":41.0,"turns":4.0},{"damage":1.0,"enemies":"Spire Growth","floor":45.0,"turns":4.0},{"damage":4.0,"enemies":"Giant Head","floor":46.0,"turns":7.0},{"damage":0.0,"enemies":"Transient","floor":47.0,"turns":5.0},{"damage":0.0,"enemies":"Nemesis","floor":48.0,"turns":7.0},{"damage":37.0,"enemies":"Awakened One","floor":50.0,"turns":15.0},{"damage":46.0,"enemies":"Shield and Spear","floor":54.0,"turns":6.0},{"damage":12,"enemies":"The Heart","floor":55,"turns":5}],"seed_played":"-148234993530382674","potions_obtained":[{"floor":10.0,"key":"ColorlessPotion"},{"floor":11.0,"key":"Dexterity Potion"},{"floor":13.0,"key":"Energy Potion"},{"floor":14.0,"key":"BlessingOfTheForge"},{"floor":16.0,"key":"DistilledChaos"},{"floor":18.0,"key":"Ancient Potion"},{"floor":25.0,"key":"CultistPotion"},{"floor":47.0,"key":"DuplicationPotion"},{"floor":48.0,"key":"SteroidPotion"}],"is_trial":false,"path_per_floor":["M","?","?","M","?","E","R","E","T","M","M","$","M","M","R","B",null,"M","?","?","$","?","E","R","E","T","?","$","R","E","M","R","B",null,"M","?","?","T","M","E","M","R","T","$","M","E","M","E","R","B",null,"R","$","E","B"],"character_chosen":"THE_SILENT","items_purchased":["Noxious Fumes","Poisoned Stab","Noxious Fumes","Deadly Poison","Caltrops","Catalyst+1","Deadly Poison+1","Caltrops","Ornamental Fan"],"campfire_rested":2,"item_purchase_floors":[12,12,21,44,44,53,53,53,53],"current_hp_per_floor":[70,75,75,75,75,75,75,33,33,32,32,32,32,32,32,32,75,75,75,75,75,59,45,45,39,39,39,39,61,48,48,48,44,75,63,63,63,63,63,52,46,46,46,46,45,41,41,41,63,38,75,75,75,41,29,29],"gold":99,"neow_bonus":"THREE_ENEMY_KILL","is_daily":false,"chose_seed":false,"campfire_upgraded":5,"win_rate":0.0,"timestamp":1608426517,"path_taken":["M","?","?","M","?","E","R","E","T","M","M","?","?","M","R","BOSS","M","?","?","$","?","E","R","E","T","?","$","R","E","M","R","BOSS","M","?","?","?","M","E","M","R","T","$","M","E","M","E","R","BOSS","R","$","E","BOSS"],"items_purchased_type":["Card","Card","Card","Card","Card","Card","Card","Card","Relic"],"build_version":"2020-12-18","purchased_purges":2,"victory":false,"max_hp_per_floor":[70,75,75,75,75,75,75,75,75,75,75,75,75,75,75,75,75,75,75,75,75,75,75,75,75,75,75,75,75,75,75,75,75,75,75,75,75,75,75,75,75,75,75,75,75,75,75,75,75,75,75,75,75,75,75,75],"relic_stats":{"counters":[26,141],"Blue Candle":[0],"StoneCalendar":[381],"Pen Nib":[18],"Juzu Bracelet":0,"Orichalcum":[24],"MawBank":228,"Busted Crown":28,"Shuriken":[24],"Ornamental Fan":[12],"Tiny Chest":1,"Black Star":4,"obtain_stats":[{"NeowsBlessing":0,"Nilry\u0027s Codex":22,"Blue Candle":6,"Oddly Smooth Stone":54,"StoneCalendar":8,"Pen Nib":27,"Juzu Bracelet":40,"Orichalcum":46,"MawBank":25,"Ancient Tea Set":43,"Akabeko":46,"White Beast Statue":54,"CaptainsWheel":23,"Busted Crown":17,"Shuriken":40,"Ornamental Fan":53,"Tiny Chest":26,"Black Star":34,"Toxic Egg 2":48,"FossilizedHelix":48,"Ring of the Snake":0,"Meat on the Bone":30},{"NeowsBlessing":0,"Nilry\u0027s Codex":10,"Blue Candle":3,"Oddly Smooth Stone":25,"StoneCalendar":4,"Pen Nib":12,"Juzu Bracelet":18,"Orichalcum":21,"MawBank":12,"Ancient Tea Set":19,"Akabeko":21,"White Beast Statue":25,"CaptainsWheel":11,"Busted Crown":9,"Shuriken":18,"Ornamental Fan":24,"Tiny Chest":12,"Black Star":15,"Toxic Egg 2":23,"FossilizedHelix":23,"Ring of the Snake":0,"Meat on the Bone":13},{"NeowsBlessing":0,"Nilry\u0027s Codex":40,"Blue Candle":3,"Oddly Smooth Stone":136,"StoneCalendar":14,"Pen Nib":53,"Juzu Bracelet":88,"Orichalcum":103,"MawBank":53,"Ancient Tea Set":92,"Akabeko":103,"White Beast Statue":136,"CaptainsWheel":46,"Busted Crown":35,"Shuriken":88,"Ornamental Fan":130,"Tiny Chest":53,"Black Star":74,"Toxic Egg 2":115,"FossilizedHelix":115,"Ring of the Snake":0,"Meat on the Bone":61}],"Ring of the Snake":[54],"Meat on the Bone":24},"card_choices":[{"not_picked":["Slice","Quick Slash"],"picked":"PiercingWail","floor":1.0},{"not_picked":["Outmaneuver","Infinite Blades"],"picked":"Dash","floor":4.0},{"not_picked":["Backflip","Terror"],"picked":"Endless Agony","floor":6.0},{"not_picked":["Distraction","Deflect"],"picked":"Noxious Fumes","floor":8.0},{"not_picked":["Underhanded Strike","Backflip"],"picked":"Adrenaline","floor":10.0},{"not_picked":["Deflect","Underhanded Strike"],"picked":"Backstab","floor":11.0},{"not_picked":["Heel Hook","Grand Finale"],"picked":"Poisoned Stab","floor":13.0},{"not_picked":["Tactician","Dagger Spray"],"picked":"Backflip","floor":14.0},{"not_picked":["After Image","Envenom"],"picked":"Wraith Form v2","floor":16.0},{"not_picked":[],"picked":"Backflip","floor":18.0},{"not_picked":["Bane"],"picked":"SKIP","floor":23.0},{"not_picked":["Flying Knee"],"picked":"SKIP","floor":25.0},{"not_picked":["Slice"],"picked":"SKIP","floor":30.0},{"not_picked":["Slice"],"picked":"SKIP","floor":31.0},{"not_picked":[],"picked":"Burst","floor":33.0},{"not_picked":[],"picked":"Blade Dance+1","floor":35.0},{"not_picked":["Slice"],"picked":"SKIP","floor":40.0},{"not_picked":["Backflip"],"picked":"SKIP","floor":41.0},{"not_picked":[],"picked":"PiercingWail+1","floor":45.0},{"not_picked":["Eviscerate"],"picked":"SKIP","floor":46.0},{"not_picked":["Dagger Spray+1"],"picked":"SKIP","floor":47.0},{"not_picked":[],"picked":"Prepared+1","floor":48.0},{"not_picked":["Poisoned Stab"],"picked":"SKIP","floor":54.0}],"player_experience":3383119,"relics_obtained":[{"floor":6.0,"key":"Blue Candle"},{"floor":8.0,"key":"StoneCalendar"},{"floor":22.0,"key":"Nilry\u0027s Codex"},{"floor":23.0,"key":"CaptainsWheel"},{"floor":25.0,"key":"MawBank"},{"floor":26.0,"key":"Tiny Chest"},{"floor":30.0,"key":"Meat on the Bone"},{"floor":40.0,"key":"Shuriken"},{"floor":40.0,"key":"Juzu Bracelet"},{"floor":43.0,"key":"Ancient Tea Set"},{"floor":46.0,"key":"Akabeko"},{"floor":46.0,"key":"Orichalcum"},{"floor":48.0,"key":"Toxic Egg 2"},{"floor":48.0,"key":"FossilizedHelix"},{"floor":54.0,"key":"White Beast Statue"},{"floor":54.0,"key":"Oddly Smooth Stone"}],"event_choices":[{"damage_healed":0.0,"max_hp_gain":5.0,"max_hp_loss":0.0,"gold_gain":0.0,"event_name":"Big Fish","player_choice":"Donut","floor":2.0,"gold_loss":0.0,"damage_taken":0.0},{"cards_removed":["Defend_G"],"damage_healed":0.0,"max_hp_gain":0.0,"max_hp_loss":0.0,"gold_gain":0.0,"event_name":"The Cleric","player_choice":"Card Removal","floor":3.0,"gold_loss":50.0,"damage_taken":0.0},{"damage_healed":0.0,"max_hp_gain":0.0,"max_hp_loss":0.0,"gold_gain":0.0,"cards_transformed":["Strike_G"],"event_name":"Living Wall","player_choice":"Change","floor":5.0,"gold_loss":0.0,"damage_taken":0.0,"cards_obtained":["Leg Sweep"]},{"damage_healed":0.0,"max_hp_gain":0.0,"max_hp_loss":0.0,"gold_gain":0.0,"event_name":"The Library","player_choice":"Read","floor":19.0,"gold_loss":0.0,"damage_taken":0.0,"cards_obtained":["Crippling Poison"]},{"damage_healed":0.0,"max_hp_gain":0.0,"max_hp_loss":0.0,"gold_gain":0.0,"cards_transformed":["Strike_G","Strike_G"],"event_name":"Drug Dealer","player_choice":"Became Test Subject","floor":20.0,"gold_loss":0.0,"damage_taken":0.0,"cards_obtained":["Well Laid Plans","Venomology"]},{"damage_healed":0.0,"max_hp_gain":0.0,"max_hp_loss":0.0,"gold_gain":0.0,"event_name":"Cursed Tome","player_choice":"Obtained Book","floor":22.0,"gold_loss":0.0,"damage_taken":16.0},{"damage_healed":0.0,"max_hp_gain":0.0,"max_hp_loss":0.0,"gold_gain":0.0,"event_name":"Addict","player_choice":"Obtained Relic","floor":27.0,"gold_loss":85.0,"damage_taken":0.0,"relics_obtained":["Pen Nib"]},{"damage_healed":0.0,"max_hp_gain":0.0,"max_hp_loss":0.0,"gold_gain":0.0,"event_name":"Mysterious Sphere","player_choice":"Ignored","floor":36.0,"gold_loss":0.0,"damage_taken":0.0},{"damage_healed":0.0,"max_hp_gain":0.0,"max_hp_loss":0.0,"gold_gain":0.0,"event_name":"Tomb of Lord Red Mask","player_choice":"Ignored","floor":37.0,"gold_loss":0.0,"damage_taken":0.0}],"is_beta":true,"boss_relics":[{"not_picked":["Tiny House","SlaversCollar"],"picked":"Busted Crown"},{"not_picked":["Snecko Eye","Coffee Dripper"],"picked":"Black Star"}],"items_purged_floors":[12,44],"is_endless":false,"potions_floor_spawned":[10,11,13,14,16,18,25,39,45,47,48],"killed_by":"The Heart","ascension_level":4}}