{"host":"ohkiwbq44sungglx","time":1608483130,"event":{"mods":["BaseMod","BetterRewards","Minty Spire (QoL Compilation)","StSLib"],"gold_per_floor":[119,138,158,42,42,42,70,70,97,124,124,141,141,66,66,166,166,181,13,23,34,54,54,54,54],"floor_reached":24,"playtime":1234,"items_purged":["Defend_G","Strike_G"],"score":269,"play_id":"2889db74-ea0d-454e-8fa7-73b4ef781030","local_time":"20201220115210","is_ascension_mode":true,"campfire_choices":[{"data":"Neutralize","floor":6,"key":"SMITH"},{"data":"Accuracy","floor":8,"key":"SMITH"},{"floor":11,"key":"REST"},{"floor":15,"key":"REST"},{"floor":23,"key":"REST"}],"circlet_count":0,"master_deck":["Strike_G","Strike_G","Strike_G","Defend_G","Defend_G","Defend_G","Defend_G","Survivor","Neutralize+1","Acrobatics","Underhanded Strike","Flying Knee","Cloak And Dagger","Accuracy+1","Blade Dance","Acrobatics","Dagger Spray","After Image","Acrobatics+1","Infinite Blades","Caltrops","Blade Dance"],"relics":["Ring of the Serpent","NeowsBlessing","Boot","Centennial Puzzle"],"acts_visited":["Exordium","TheCity"],"potions_floor_usage":[],"damage_taken":[{"damage":0,"enemies":"Jaw Worm","floor":1,"turns":1},{"damage":0,"enemies":"Small Slimes","floor":2,"turns":1},{"damage":0,"enemies":"Cultist","floor":3,"turns":1},{"damage":14,"enemies":"3 Sentries","floor":7,"turns":9},{"damage":52,"enemies":"Gremlin Nob","floor":10,"turns":6},{"damage":2,"enemies":"Looter","floor":12,"turns":2},{"damage":0,"enemies":"Slime Boss","floor":16,"turns":8},{"damage":20,"enemies":"2 Thieves","floor":18,"turns":5},{"damage":13,"enemies":"Spheric Guardian","floor":20,"turns":4},{"damage":9,"enemies":"Centurion and Healer","floor":21,"turns":6},{"damage":24,"enemies":"Shelled Parasite and Fungi","floor":22,"turns":5},{"damage":23,"enemies":"Slavers","floor":24,"turns":2}],"seed_played":"7872661115359304870","potions_obtained":[{"floor":7,"key":"FearPotion"},{"floor":10,"key":"Swift Potion"},{"floor":12,"key":"Ancient Potion"},{"floor":21,"key":"Strength Potion"}],"is_trial":false,"path_per_floor":["M","M","M","$","?","R","E","R","T","E","R","M","?","$","R","B",null,"M","$","M","M","M","R","E"],"character_chosen":"THE_SILENT","items_purchased":["Cloak And Dagger","Accuracy","Infinite Blades"],"campfire_rested":3,"item_purchase_floors":[4,4,19],"current_hp_per_floor":[70,70,70,70,75,75,61,61,61,9,31,29,22,22,44,44,75,55,55,42,33,9,31,8,8],"gold":54,"neow_bonus":"THREE_ENEMY_KILL","is_daily":false,"chose_seed":false,"campfire_upgraded":2,"win_rate":0.0,"timestamp":1608483130,"path_taken":["M","M","M","$","?","R","E","R","T","E","R","M","?","?","R","BOSS","M","$","M","M","M","R","E"],"items_purchased_type":["Card","Card","Card"],"build_version":"2020-12-13","purchased_purges":2,"victory":false,"max_hp_per_floor":[70,70,70,70,75,75,75,75,75,75,75,75,75,75,75,75,75,75,75,75,75,75,75,75,75],"card_choices":[{"not_picked":["Dodge and Roll","Skewer"],"picked":"Acrobatics","floor":1},{"not_picked":["Dash","Dodge and Roll"],"picked":"Underhanded Strike","floor":2},{"not_picked":["Sucker Punch","Dagger Spray"],"picked":"Flying Knee","floor":3},{"not_picked":["Bouncing Flask","All Out Attack"],"picked":"Blade Dance","floor":7},{"not_picked":["All Out Attack","Envenom"],"picked":"Acrobatics","floor":10},{"not_picked":["Crippling Poison","Eviscerate"],"picked":"Dagger Spray","floor":12},{"not_picked":["Malaise","Venomology"],"picked":"After Image","floor":16},{"not_picked":["Deflect","Catalyst"],"picked":"Acrobatics+1","floor":18},{"not_picked":["Outmaneuver","Flying Knee+1"],"picked":"Caltrops","floor":20},{"not_picked":["Bane","Dagger Throw","Flying Knee"],"picked":"SKIP","floor":21},{"not_picked":["Dagger Spray+1","Dagger Throw+1"],"picked":"Blade Dance","floor":22}],"player_experience":83062,"relics_obtained":[{"floor":7,"key":"Boot"},{"floor":10,"key":"Centennial Puzzle"}],"event_choices":[{"damage_healed":0,"gold_gain":0,"player_choice":"Donut","damage_taken":0,"max_hp_gain":5,"max_hp_loss":0,"event_name":"Big Fish","floor":5,"gold_loss":0},{"cards_removed":["Strike_G"],"damage_healed":0,"gold_gain":0,"player_choice":"Card Removal","damage_taken":7,"max_hp_gain":0,"max_hp_loss":0,"event_name":"Golden Wing","floor":13,"gold_loss":0}],"is_beta":false,"boss_relics":[{"not_picked":["Sozu","Empty Cage"],"picked":"Ring of the Serpent"}],"items_purged_floors":[14,19],"is_endless":false,"potions_floor_spawned":[7,10,12,20,21],"killed_by":"Slavers","ascension_level":1}}