{"host":"awdxtfsmljuu2ylb","time":1608437962,"event":{"mods":["AchievementEnabler","BaseMod","Better Third Choice","Downfall","Hermit","Marisa????????","Minty Spire (QoL Compilation)","Replay The Spire","StSLib","The Cursed","The Disciple","The Necromancer"],"gold_per_floor":[118,198,214,214,214,240,240,253,253,253,110,121,121,132,132,232,232,246,264,264,118,201,201,201,201,201,201,201,220,236,247,247,247,247],"floor_reached":33,"playtime":1305,"items_purged":[],"score":290,"play_id":"3a5c3537-8ca7-4200-94f0-5c5ce78c5417","local_time":"20201219231922","is_ascension_mode":false,"campfire_choices":[{"data":"GrandCross","floor":7,"key":"SMITH"},{"floor":15,"key":"DIG"},{"floor":28,"key":"REST"},{"floor":32,"key":"REST"}],"circlet_count":0,"master_deck":["Strike_MRS","Strike_MRS","Strike_MRS","Strike_MRS","Defend_MRS","Defend_MRS","Defend_MRS","Defend_MRS","MasterSpark+1","UpSweep","GrandCross+1","FairyDestructionRay+1","FinalSpark+1","GrandCross","ShootingEcho","Burn","GasGiant","UltimateShortwave","LuminesStrike","EnergyFlow","SporeBomb+1","6A","Decay","AsteroidBelt","LuminesStrike+1","BinaryStars"],"relics":["MiniHakkero","Snack Pack","Matryoshka","Guide Book","Pondfish Scales","Runic Pyramid","Nloth\u0027s Gift","Juzu Bracelet","Bottled Tornado","Gremlin Horn","Bag of Marbles"],"acts_visited":["Exordium","TheCity"],"potions_floor_usage":[16,16,16,16,16,19,23,30,33,33],"damage_taken":[{"damage":0,"enemies":"Small Slimes","floor":1,"turns":1},{"damage":0,"enemies":"2 Louse","floor":3,"turns":1},{"damage":0,"enemies":"3 Sentries","floor":6,"turns":1},{"damage":6,"enemies":"Cultist","floor":8,"turns":3},{"damage":14,"enemies":"Blue Slaver","floor":12,"turns":3},{"damage":8,"enemies":"Large Slime","floor":14,"turns":3},{"damage":51,"enemies":"The Guardian","floor":16,"turns":9},{"damage":28,"enemies":"2 Thieves","floor":18,"turns":4},{"damage":7,"enemies":"3 Byrds","floor":19,"turns":2},{"damage":0,"enemies":"Gremlin Leader","floor":23,"turns":1},{"damage":27,"enemies":"Snake Plant","floor":29,"turns":4},{"damage":2,"enemies":"Cultist and Chosen","floor":30,"turns":6},{"damage":8,"enemies":"Shelled Parasite and Fungi","floor":31,"turns":4},{"damage":46,"enemies":"Automaton","floor":33,"turns":6}],"seed_played":"4286171286791865598","potions_obtained":[{"floor":8,"key":"Guardian:BlockOnCardUsePotion"},{"floor":10,"key":"Ancient Potion"},{"floor":10,"key":"EntropicBrew"},{"floor":16,"key":"Cursed Concoction"},{"floor":18,"key":"sneckomod:MuddlingPotion"},{"floor":22,"key":"LiquidMemories"},{"floor":22,"key":"SmokeBomb"},{"floor":22,"key":"DuplicationPotion"},{"floor":31,"key":"Block Potion"}],"is_trial":false,"path_per_floor":["M","?","M","?","?","E","R","M","T","?","$","M","?","M","R","B",null,"M","M","?","$","?","E","?","?","T","?","R","M","M","M","R","B"],"character_chosen":"MARISA","items_purchased":["Guide Book","Juzu Bracelet"],"campfire_rested":2,"item_purchase_floors":[11,21],"current_hp_per_floor":[75,75,75,80,80,80,80,74,74,74,74,60,60,54,54,11,80,54,47,47,47,15,15,15,15,15,15,39,14,14,10,34,0,0],"gold":247,"neow_bonus":"THREE_ENEMY_KILL","is_daily":false,"chose_seed":false,"campfire_upgraded":1,"win_rate":0.0,"timestamp":1608437962,"path_taken":["M","?","M","?","?","E","R","M","T","?","$","?","?","M","R","BOSS","M","M","?","?","?","E","?","?","T","?","R","M","M","M","R","BOSS"],"items_purchased_type":["Relic","Relic"],"build_version":"2020-12-13","purchased_purges":0,"victory":false,"max_hp_per_floor":[75,75,75,80,80,80,80,80,80,80,80,80,80,80,80,80,80,80,80,80,80,80,80,80,80,80,80,80,80,80,80,80,80,80],"card_choices":[{"not_picked":["Acceleration","ShootingEcho"],"picked":"GrandCross","floor":1},{"not_picked":["6A","OrrerysSun"],"picked":"FairyDestructionRay","floor":3},{"not_picked":["DragonMeteor","Singularity"],"picked":"FinalSpark","floor":6},{"not_picked":["ShootTheMoon","StarlightTyphoon"],"picked":"GrandCross","floor":8},{"not_picked":["EarthLightRay","PowerUp"],"picked":"ShootingEcho","floor":12},{"not_picked":["6A","AlicesGift"],"picked":"GasGiant","floor":14},{"not_picked":["TreasureHunter","BinaryStars"],"picked":"UltimateShortwave","floor":16},{"not_picked":["ManaConvection+1","ChargingUp"],"picked":"LuminesStrike","floor":18},{"not_picked":["GravityBeat+1","ShootingEcho"],"picked":"EnergyFlow","floor":19},{"not_picked":["GalacticHalo","Occultation+1"],"picked":"SporeBomb+1","floor":22},{"not_picked":["UnstableBomb","StarBarrage"],"picked":"6A","floor":22},{"not_picked":["ShootingEcho","SporeBomb+1"],"picked":"AsteroidBelt","floor":29},{"not_picked":["ManaConvection+1","FairyDestructionRay"],"picked":"LuminesStrike+1","floor":30},{"not_picked":["SporeBomb","Acceleration"],"picked":"BinaryStars","floor":31}],"player_experience":74113,"relics_obtained":[{"floor":6,"key":"Snack Pack"},{"floor":9,"key":"Matryoshka"},{"floor":15,"key":"Pondfish Scales"},{"floor":22,"key":"Bottled Tornado"},{"floor":26,"key":"Gremlin Horn"},{"floor":26,"key":"Bag of Marbles"}],"event_choices":[{"damage_healed":0,"gold_gain":80,"player_choice":"Gained Gold","damage_taken":0,"max_hp_gain":0,"max_hp_loss":0,"event_name":"Golden Wing","floor":2,"gold_loss":0},{"damage_healed":0,"gold_gain":0,"player_choice":"Donut","damage_taken":0,"max_hp_gain":5,"max_hp_loss":0,"event_name":"Big Fish","floor":4,"gold_loss":0},{"damage_healed":0,"gold_gain":0,"player_choice":"Leave","damage_taken":0,"max_hp_gain":0,"max_hp_loss":0,"event_name":"The Cleric","floor":5,"gold_loss":0},{"damage_healed":0,"gold_gain":0,"player_choice":"Got Potions","damage_taken":0,"max_hp_gain":0,"max_hp_loss":0,"event_name":"Lab","floor":10,"gold_loss":0},{"damage_healed":60,"gold_gain":0,"player_choice":"Embrace Burn","damage_taken":0,"max_hp_gain":0,"max_hp_loss":80,"event_name":"betterThird:BetterShining","floor":13,"gold_loss":0},{"damage_healed":0,"gold_gain":0,"player_choice":"Traded Relic","damage_taken":0,"relics_obtained":["Nloth\u0027s Gift"],"max_hp_gain":0,"max_hp_loss":0,"event_name":"N\u0027loth","floor":20,"relics_lost":["NeowsBlessing"],"gold_loss":0},{"damage_healed":0,"gold_gain":0,"player_choice":"Smashed Altar","damage_taken":0,"max_hp_gain":0,"max_hp_loss":0,"event_name":"Forgotten Altar","floor":24,"gold_loss":0,"cards_obtained":["Decay"]},{"damage_healed":0,"gold_gain":0,"player_choice":"Upgraded","damage_taken":0,"max_hp_gain":0,"max_hp_loss":0,"event_name":"Upgrade Shrine","floor":25,"gold_loss":0,"cards_upgraded":["MasterSpark"]},{"damage_healed":0,"gold_gain":0,"player_choice":"Ignored","damage_taken":0,"max_hp_gain":0,"max_hp_loss":0,"event_name":"NoteForYourself","floor":27,"gold_loss":0}],"is_beta":false,"boss_relics":[{"not_picked":["Busted Crown","Honey Jar"],"picked":"Runic Pyramid"}],"items_purged_floors":[],"is_endless":false,"potions_floor_spawned":[8,16,18,31],"killed_by":"Automaton","ascension_level":0}}