{"host":"5gc11emcm5chfr5t","time":1608504692,"event":{"mods":["2.2 Compatiblity","AchievementEnabler","BaseMod","Bestiary","Better Note","Colored Map","Colored Powertips","Downfall","Googly Eyes","Minty Spire (QoL Compilation)","Rare Cards Sparkle","StSLib"],"gold_per_floor":[99,160,310,235,253,253,253,283,295,295,295],"floor_reached":10,"playtime":571,"items_purged":[],"score":128,"play_id":"f5cd2cd6-2b15-4dd1-a571-fc6460522ad9","local_time":"20201220175132","is_ascension_mode":true,"campfire_choices":[{"floor":1,"key":"RECALL"},{"floor":4,"key":"REST"},{"floor":6,"key":"REST"}],"circlet_count":0,"master_deck":["AscendersBane","sneckomod:Strike","sneckomod:Strike","sneckomod:Strike","sneckomod:Defend","sneckomod:Defend","sneckomod:Defend","sneckomod:TailWhip","sneckomod:SnekBite","sneckomod:Unknown","sneckomod:Unknown","sneckomod:Nope","Doubt","sneckomod:SnakeSap","sneckomod:Unknown2Cost","sneckomod:QuickMove"],"relics":["Fusion Hammer","Gremlin Horn","downfall:HeartBlessingRed","Orichalcum","MealTicket"],"acts_visited":["Exordium"],"potions_floor_usage":[9,10],"damage_taken":[{"damage":56,"enemies":"Gremlin Nob","floor":2,"turns":5},{"damage":0,"enemies":"2 Louse","floor":5,"turns":4},{"damage":40,"enemies":"3 Sentries","floor":8,"turns":12},{"damage":0,"enemies":"Jaw Worm","floor":9,"turns":3},{"damage":35,"enemies":"Lagavulin","floor":10,"turns":6}],"seed_played":"5437197259441939912","potions_obtained":[{"floor":5,"key":"Weak Potion"},{"floor":8,"key":"ColorlessPotion"}],"is_trial":false,"path_per_floor":["R","?","?","R","M","R","T","E","M","E"],"character_chosen":"THE_SNECKO","items_purchased":[],"campfire_rested":2,"item_purchase_floors":[],"current_hp_per_floor":[75,19,19,43,50,74,74,34,34,0,0],"gold":295,"neow_bonus":"BOSS_RELIC","is_daily":false,"chose_seed":false,"campfire_upgraded":0,"win_rate":0.0,"timestamp":1608504692,"path_taken":["R","?","?","R","M","R","T","E","M","E"],"items_purchased_type":[],"build_version":"2020-12-13","purchased_purges":0,"victory":false,"max_hp_per_floor":[83,83,83,83,83,83,83,83,83,83,83],"card_choices":[{"not_picked":["sneckomod:UnknownX","sneckomod:MixItUp"],"picked":"sneckomod:Nope","floor":2},{"not_picked":["sneckomod:UnknownCommonAttack","sneckomod:RainOfDice"],"picked":"sneckomod:SnakeSap","floor":5},{"not_picked":["sneckomod:Rotation","sneckomod:UnknownClassSLIMEBOUND"],"picked":"sneckomod:Unknown2Cost","floor":8},{"not_picked":["sneckomod:Unknown0Cost","sneckomod:QuickBite"],"picked":"sneckomod:QuickMove","floor":9}],"player_experience":459933,"relics_obtained":[{"floor":2,"key":"Gremlin Horn"},{"floor":7,"key":"Orichalcum"},{"floor":8,"key":"MealTicket"}],"event_choices":[],"is_beta":false,"boss_relics":[],"items_purged_floors":[],"is_endless":false,"potions_floor_spawned":[5,8],"killed_by":"Lagavulin","ascension_level":20}}