{"host":"6azrrw3tf7wb0f4b","time":1608482395,"event":{"mods":["BaseMod","DeckTracker","Minty Spire (QoL Compilation)","SuperFastMode"],"gold_per_floor":[111,111,132,150,173,173,248,264,264,277,316,316,341,356,356,484,484,499,598,598,598,698,698,739,762,835,835,835,465,481,481,481],"floor_reached":31,"playtime":759,"items_purged":["Strike_B"],"score":344,"play_id":"741b4cad-612f-4ff3-b212-9b55ce379c2e","local_time":"20201221013955","is_ascension_mode":true,"campfire_choices":[{"data":"Glacier","floor":6.0,"key":"SMITH"},{"data":"Darkness","floor":12.0,"key":"SMITH"},{"data":"Dualcast","floor":15.0,"key":"SMITH"},{"floor":23.0,"key":"REST"},{"floor":28,"key":"REST"}],"circlet_count":0,"master_deck":["Strike_B","Strike_B","Strike_B","Defend_B","Defend_B","Defend_B","Defend_B","Zap","Dualcast+1","Glacier+1","Turbo","Undo","Cold Snap","Conserve Battery","Doom and Gloom","Darkness+1","Buffer","Hologram","Leap+1","Enlightenment+1","Biased Cognition","Skim+1","Leap+1","Redo+1","Double Energy+1","Loop+1"],"relics":["Cracked Core","Golden Idol","HornCleat","Pear","Bag of Preparation","Fusion Hammer","Blue Candle","DataDisk","Toxic Egg 2","Orrery"],"acts_visited":["Exordium","TheCity"],"potions_floor_usage":[],"damage_taken":[{"damage":7.0,"enemies":"Jaw Worm","floor":1.0,"turns":4.0},{"damage":0.0,"enemies":"2 Louse","floor":3.0,"turns":4.0},{"damage":0.0,"enemies":"Small Slimes","floor":4.0,"turns":3.0},{"damage":1.0,"enemies":"2 Fungi Beasts","floor":5.0,"turns":5.0},{"damage":0.0,"enemies":"Large Slime","floor":8.0,"turns":7.0},{"damage":11.0,"enemies":"Gremlin Gang","floor":10.0,"turns":5.0},{"damage":12.0,"enemies":"3 Sentries","floor":11.0,"turns":8.0},{"damage":0.0,"enemies":"2 Fungi Beasts","floor":14.0,"turns":3.0},{"damage":33.0,"enemies":"Hexaghost","floor":16.0,"turns":10.0},{"damage":0.0,"enemies":"Chosen","floor":18.0,"turns":5.0},{"damage":56.0,"enemies":"Book of Stabbing","floor":24.0,"turns":7.0},{"damage":0,"enemies":"Shell Parasite","floor":25,"turns":6},{"damage":4,"enemies":"Snake Plant","floor":30,"turns":3},{"damage":54,"enemies":"Gremlin Leader","floor":31,"turns":10}],"seed_played":"4205619011282370360","potions_obtained":[{"floor":3.0,"key":"FearPotion"},{"floor":5.0,"key":"SkillPotion"},{"floor":10.0,"key":"EssenceOfSteel"},{"floor":11.0,"key":"Weak Potion"},{"floor":25,"key":"SpeedPotion"}],"is_trial":false,"path_per_floor":["M","?","M","M","M","R","?","M","T","M","E","R","T","M","R","B",null,"M","?","?","?","?","R","E","M","T","?","R","$","M","E"],"character_chosen":"DEFECT","items_purchased":["Leap+1","Enlightenment+1","Orrery"],"campfire_rested":2,"item_purchase_floors":[29,29,29],"current_hp_per_floor":[61,61,61,61,60,60,49,49,49,38,36,36,36,36,36,3,60,60,60,60,60,60,79,23,23,23,23,46,46,42,0,0],"gold":481,"neow_bonus":"THREE_CARDS","is_daily":false,"chose_seed":false,"campfire_upgraded":3,"win_rate":0.0,"timestamp":1608482395,"path_taken":["M","?","M","M","M","R","?","M","T","M","E","R","?","M","R","BOSS","M","?","?","?","?","R","E","?","T","?","R","$","M","E"],"items_purchased_type":["Card","Card","Relic"],"build_version":"2020-12-13","purchased_purges":1,"victory":false,"max_hp_per_floor":[75,69,69,69,69,69,69,69,69,69,79,79,79,79,79,79,79,79,79,79,79,79,79,79,79,79,79,79,79,79,79,79],"card_choices":[{"not_picked":["Hologram","Turbo"],"picked":"Glacier","floor":0.0},{"not_picked":["Chaos","Streamline"],"picked":"Turbo","floor":1.0},{"not_picked":["Lockon","Compile Driver"],"picked":"Undo","floor":3.0},{"not_picked":["Conserve Battery","Hologram"],"picked":"Cold Snap","floor":4.0},{"not_picked":["Hello World","Cold Snap","Gash"],"picked":"SKIP","floor":5.0},{"not_picked":["Capacitor","Self Repair"],"picked":"Conserve Battery","floor":8.0},{"not_picked":["Compile Driver","Lockon"],"picked":"Doom and Gloom","floor":10.0},{"not_picked":["Barrage","Force Field"],"picked":"Darkness","floor":11.0},{"not_picked":["Barrage","Beam Cell","Turbo"],"picked":"SKIP","floor":14.0},{"not_picked":["Hyperbeam","Meteor Strike"],"picked":"Buffer","floor":16.0},{"not_picked":["Darkness","Glacier","Lockon"],"picked":"SKIP","floor":18.0},{"not_picked":["Steam","Gash","Fission"],"picked":"SKIP","floor":24.0},{"not_picked":["Static Discharge","Go for the Eyes"],"picked":"Hologram","floor":25},{"not_picked":["Sweeping Beam","Compile Driver"],"picked":"Biased Cognition","floor":29},{"not_picked":["Capacitor","Turbo+1"],"picked":"Skim+1","floor":29},{"not_picked":["Tempest+1","Compile Driver"],"picked":"Leap+1","floor":29},{"not_picked":["Gash+1","Rebound"],"picked":"Redo+1","floor":29},{"not_picked":["Compile Driver","Gash"],"picked":"Double Energy+1","floor":29},{"not_picked":["Turbo+1","Blizzard"],"picked":"Loop+1","floor":30}],"player_experience":637536,"relics_obtained":[{"floor":9.0,"key":"HornCleat"},{"floor":11.0,"key":"Pear"},{"floor":13.0,"key":"Bag of Preparation"},{"floor":24.0,"key":"DataDisk"},{"floor":26,"key":"Toxic Egg 2"}],"event_choices":[{"damage_healed":0.0,"max_hp_gain":0.0,"max_hp_loss":6.0,"gold_gain":0.0,"event_name":"Golden Idol","player_choice":"Lose Max HP","floor":2.0,"gold_loss":0.0,"damage_taken":0.0,"relics_obtained":["Golden Idol"]},{"damage_healed":0.0,"max_hp_gain":0.0,"max_hp_loss":0.0,"gold_gain":75.0,"event_name":"World of Goop","player_choice":"Gather Gold","floor":7.0,"gold_loss":0.0,"damage_taken":11.0},{"damage_healed":0.0,"max_hp_gain":0.0,"max_hp_loss":0.0,"gold_gain":99.0,"event_name":"Nest","player_choice":"Stole From Cult","floor":19.0,"gold_loss":0.0,"damage_taken":0.0},{"damage_healed":0.0,"max_hp_gain":0.0,"max_hp_loss":0.0,"gold_gain":0.0,"event_name":"The Mausoleum","player_choice":"Opened","floor":20.0,"gold_loss":0.0,"damage_taken":0.0,"relics_obtained":["Blue Candle"]},{"damage_healed":0.0,"max_hp_gain":0.0,"max_hp_loss":0.0,"gold_gain":0.0,"event_name":"Vampires","player_choice":"Ignored","floor":21.0,"gold_loss":0.0,"damage_taken":0.0},{"damage_healed":0.0,"max_hp_gain":0.0,"max_hp_loss":0.0,"gold_gain":100.0,"event_name":"Golden Shrine","player_choice":"Pray","floor":22.0,"gold_loss":0.0,"damage_taken":0.0},{"damage_healed":0,"gold_gain":0,"player_choice":"Ignored","damage_taken":0,"max_hp_gain":0,"max_hp_loss":0,"event_name":"Cursed Tome","floor":27,"gold_loss":0}],"is_beta":false,"boss_relics":[{"not_picked":["Busted Crown","FrozenCore"],"picked":"Fusion Hammer"}],"items_purged_floors":[29],"is_endless":false,"potions_floor_spawned":[3,5,10,11,25],"killed_by":"Gremlin Leader","ascension_level":7}}