{"host":"oy4pyvr762z5n0bb","time":1608422921,"event":{"mods":["AchievementEnabler","BaseMod","Colored Map","Colored Powertips","Googly Eyes","Key Reminder","Minty Spire (QoL Compilation)","Quick Restart","Relic Sorter","StSLib","SuperFastMode","Unceasing Turn Reminder","slay the spire mod where everything is the same but ironclad has a cowboy hat"],"gold_per_floor":[112,112,132,150,150,175,175,175,175,175,175],"floor_reached":10,"playtime":138,"items_purged":[],"score":76,"play_id":"e65cf2c4-7b49-49a8-80b6-da07f873a6f9","local_time":"20201219160841","is_ascension_mode":true,"campfire_choices":[{"data":"Vault","floor":8,"key":"SMITH"}],"circlet_count":0,"master_deck":["Strike_P","Strike_P","Strike_P","Strike_P","Defend_P","Defend_P","Defend_P","Defend_P","Eruption","Vigilance","FlyingSleeves","Regret","ReachHeaven+1","Pray","Vault+1"],"relics":["PureWater","NeowsBlessing","Pear","WingedGreaves","SsserpentHead","CeramicFish"],"acts_visited":["Exordium"],"potions_floor_usage":[6],"damage_taken":[{"damage":0,"enemies":"Jaw Worm","floor":1,"turns":1},{"damage":0,"enemies":"2 Louse","floor":3,"turns":1},{"damage":0,"enemies":"Small Slimes","floor":4,"turns":1},{"damage":41,"enemies":"Gremlin Nob","floor":6,"turns":4},{"damage":25,"enemies":"3 Sentries","floor":10,"turns":5}],"seed_played":"7512511447850881937","potions_obtained":[{"floor":3,"key":"FearPotion"}],"is_trial":false,"path_per_floor":["M","?","M","M","?","E","?","R","T","E"],"character_chosen":"WATCHER","items_purchased":[],"campfire_rested":0,"item_purchase_floors":[],"current_hp_per_floor":[72,82,82,82,82,41,41,41,41,16,16],"gold":175,"neow_bonus":"THREE_ENEMY_KILL","is_daily":false,"chose_seed":false,"campfire_upgraded":1,"win_rate":0.0,"timestamp":1608422921,"path_taken":["M","?","M","M","?","E","?","R","T","E"],"items_purchased_type":[],"build_version":"2020-12-13","purchased_purges":0,"victory":false,"max_hp_per_floor":[72,82,82,82,82,82,82,82,82,82,82],"card_choices":[{"not_picked":["Crescendo","Wireheading"],"picked":"FlyingSleeves","floor":1},{"not_picked":["WindmillStrike","MentalFortress"],"picked":"ReachHeaven","floor":3},{"not_picked":["Collect","Prostrate"],"picked":"Pray","floor":4},{"not_picked":["Evaluate","Pray"],"picked":"Vault","floor":6}],"player_experience":547708,"relics_obtained":[{"floor":6,"key":"WingedGreaves"},{"floor":9,"key":"CeramicFish"}],"event_choices":[{"damage_healed":0,"gold_gain":0,"player_choice":"Box","damage_taken":0,"relics_obtained":["Pear"],"max_hp_gain":0,"max_hp_loss":0,"event_name":"Big Fish","floor":2,"gold_loss":0,"cards_obtained":["Regret"]},{"damage_healed":0,"gold_gain":0,"player_choice":"Grow","damage_taken":0,"max_hp_gain":0,"max_hp_loss":0,"event_name":"Living Wall","floor":5,"gold_loss":0,"cards_upgraded":["ReachHeaven"]},{"damage_healed":0,"gold_gain":0,"player_choice":"Trade","damage_taken":0,"relics_obtained":["SsserpentHead"],"max_hp_gain":0,"max_hp_loss":0,"event_name":"FaceTrader","floor":7,"gold_loss":0}],"is_beta":false,"boss_relics":[],"items_purged_floors":[],"is_endless":false,"potions_floor_spawned":[3],"killed_by":"3 Sentries","ascension_level":3}}