{"host":"27cnk69rbdk9vsnt","time":1608501479,"event":{"mods":["BaseMod","CatGirl Mod","Ekko","Energized Spire","JesterMod","Mimic Mod","Minty Spire (QoL Compilation)","Shade Mod","Shop Mod","StSLib","The Spell Scribe","Thieving Mod"],"gold_per_floor":[14,34,47,57,7,42,42,53,93,93,93,93,120,133,133,232,232,251,29,42,42,55,55,72,72,126,126,161,5,5,405,405,503,503,519,120,168,128,144,144,176,188,188,208,208,225,225,238,238,238,238,238,6,32,32,32],"floor_reached":55,"playtime":3287,"items_purged":["Shade:Defend_Shade","Shade:Defend_Shade","Shade:Defend_Shade"],"score":777,"play_id":"f777ee53-f08f-47fd-b688-27fd76f723c4","local_time":"20201220225759","is_ascension_mode":false,"campfire_choices":[{"data":"Shade:Brains","floor":7,"key":"SMITH"},{"data":"Shade:AuraOfUnlife","floor":10,"key":"SMITH"},{"data":"Shade:AnimateDead","floor":12,"key":"SMITH"},{"data":"Shade:Trample","floor":15,"key":"SMITH"},{"data":"Shade:FleshToFlesh","floor":23,"key":"SMITH"},{"data":"Shade:AblativeArmor","floor":25,"key":"SMITH"},{"data":"Shade:Trample","floor":30,"key":"SMITH"},{"floor":32,"key":"RECALL"},{"data":"Shade:LichForm","floor":40,"key":"SMITH"},{"data":"Shade:LichForm","floor":45,"key":"SMITH"},{"data":"Shade:ScuttlingHand","floor":47,"key":"SMITH"},{"data":"Shade:SelfBurial","floor":49,"key":"SMITH"},{"data":"Shade:Consume","floor":52,"key":"SMITH"}],"circlet_count":0,"master_deck":["Shade:Defend_Shade","Shade:AnimateDead+1","Shade:CarefulCut","Shade:WallOfFlesh","Shade:AblativeArmor+1","Shade:Excise","Shade:Brains+1","Shade:AuraOfUnlife+1","Shade:ScuttlingHand+1","Shade:FleshToFlesh+1","Shade:Trample+1","Shade:SelfBurial+1","Shade:FleshOffering","Shade:FleshOffering","Shade:GraveStillness+1","Bite","Bite","Bite","Bite","Bite","Shade:Trample+1","Shade:Brains+1","Shade:LichForm+1","Shade:FingerOfDeath","Shade:FeralStrike","Shade:Frenzy","Shade:Consume+1","Shade:Coordination","Shade:Excise","Shade:GreyBargain","Shade:SensePrey","Shade:Trample+1","Shade:WallOfFlesh+1","Shade:PressTheAttack+1","Shade:SanguineRitual+1","Shade:LichForm+1","Shade:AuraOfUnlife","Shade:FreshBones"],"relics":["Shade:YorickSkull","Shade:Thing","Singing Bowl","Potion Belt","Mango","energizedSpire:DeadBattery","Ancient Tea Set","Bag of Preparation","Gremlin Horn","Medical Kit","Old Coin","Blue Candle","energizedSpire:StickyHand","Membership Card","Ginger","Centennial Puzzle","Bottled Tornado","Shuriken","Nunchaku"],"acts_visited":["Exordium","TheCity","TheBeyond","TheEnding"],"potions_floor_usage":[6,16,31,31,31,33,33,50,50,55,55,55],"damage_taken":[{"damage":0,"enemies":"Small Slimes","floor":1,"turns":3},{"damage":0,"enemies":"2 Louse","floor":2,"turns":4},{"damage":0,"enemies":"Jaw Worm","floor":3,"turns":4},{"damage":4,"enemies":"Blue Slaver","floor":4,"turns":5},{"damage":17,"enemies":"3 Sentries","floor":6,"turns":15},{"damage":0,"enemies":"Red Slaver","floor":8,"turns":8},{"damage":0,"enemies":"Large Slime","floor":9,"turns":16},{"damage":1,"enemies":"Lagavulin","floor":13,"turns":17},{"damage":0,"enemies":"Large Slime","floor":14,"turns":14},{"damage":11,"enemies":"Hexaghost","floor":16,"turns":18},{"damage":13,"enemies":"Chosen","floor":18,"turns":9},{"damage":0,"enemies":"3 Byrds","floor":20,"turns":8},{"damage":0,"enemies":"Centurion and Healer","floor":22,"turns":6},{"damage":0,"enemies":"Cultist and Chosen","floor":24,"turns":7},{"damage":5,"enemies":"Slavers","floor":28,"turns":6},{"damage":0,"enemies":"Colosseum Slavers","floor":31,"turns":4},{"damage":0,"enemies":"Colosseum Nobs","floor":31,"turns":5},{"damage":8,"enemies":"Automaton","floor":33,"turns":11},{"damage":0,"enemies":"3 Shapes","floor":35,"turns":4},{"damage":15,"enemies":"2 Orb Walkers","floor":37,"turns":4},{"damage":0,"enemies":"Orb Walker","floor":39,"turns":4},{"damage":0,"enemies":"Reptomancer","floor":41,"turns":4},{"damage":2,"enemies":"Jaw Worm Horde","floor":42,"turns":3},{"damage":34,"enemies":"Writhing Mass","floor":44,"turns":4},{"damage":8,"enemies":"Spire Growth","floor":46,"turns":4},{"damage":0,"enemies":"Sphere and 2 Shapes","floor":48,"turns":3},{"damage":10,"enemies":"Donu and Deca","floor":50,"turns":6},{"damage":10,"enemies":"Shield and Spear","floor":54,"turns":4},{"damage":70,"enemies":"The Heart","floor":55,"turns":6}],"seed_played":"4404035617283780762","potions_obtained":[{"floor":3,"key":"LiquidBronze"},{"floor":6,"key":"Fire Potion"},{"floor":13,"key":"DuplicationPotion"},{"floor":16,"key":"CultistPotion"},{"floor":24,"key":"Regen Potion"},{"floor":28,"key":"Explosive Potion"},{"floor":31,"key":"DuplicationPotion"},{"floor":38,"key":"Ancient Potion"},{"floor":38,"key":"Swift Potion"},{"floor":38,"key":"BlessingOfTheForge"},{"floor":42,"key":"SpeedPotion"},{"floor":44,"key":"LiquidBronze"},{"floor":48,"key":"BlessingOfTheForge"}],"is_trial":false,"path_per_floor":["M","M","M","M","?","E","R","M","MIM","R","?","R","E","M","R","B",null,"M","$","M","?","M","R","M","R","T","?","E","$","R","?","R","B",null,"M","$","?","?","M","R","E","M","T","M","R","M","R","M","R","B",null,"R","$","E","B"],"character_chosen":"SHADE","items_purchased":["Ancient Tea Set","Medical Kit","Membership Card","Shade:Consume","Shade:Coordination","Shade:Excise","Shade:GreyBargain","Shuriken","Shade:AuraOfUnlife","Shade:FreshBones"],"campfire_rested":0,"item_purchase_floors":[19,29,36,36,36,36,36,53,53,53],"current_hp_per_floor":[65,65,65,61,61,46,46,46,46,46,21,21,34,34,34,23,81,70,70,70,70,70,70,70,70,70,58,53,53,53,58,58,52,58,58,58,47,47,47,47,51,51,51,23,23,19,19,23,23,20,68,68,68,64,0,0],"gold":32,"neow_bonus":"ONE_RARE_RELIC","is_daily":false,"chose_seed":false,"campfire_upgraded":12,"win_rate":0.0,"timestamp":1608501479,"path_taken":["M","M","M","M","?","E","R","M","MIM","R","?","R","E","M","R","BOSS","M","$","M","?","M","R","M","R","T","?","E","$","R","?","R","BOSS","M","$","?","?","M","R","E","M","T","M","R","M","R","M","R","BOSS","R","$","E","BOSS"],"items_purchased_type":["Relic","Relic","Relic","Card","Card","Card","Card","Relic","Card","Card"],"build_version":"2020-12-13","purchased_purges":3,"victory":false,"max_hp_per_floor":[65,65,65,65,65,67,67,67,67,67,67,67,81,81,81,81,81,83,83,83,83,83,83,83,83,83,58,58,58,58,58,58,58,58,58,58,60,60,60,60,60,62,62,64,64,66,66,68,68,68,68,68,68,70,70,70],"card_choices":[{"not_picked":["Shade:Patience","Shade:FeralStrike"],"picked":"Shade:WallOfFlesh","floor":1},{"not_picked":["Shade:FleshToFlesh","Shade:CallOfTheGrave"],"picked":"Shade:AblativeArmor","floor":2},{"not_picked":["Shade:GreyBargain","Shade:RitualOffering"],"picked":"Shade:Excise","floor":3},{"not_picked":["Shade:CommandSoldier","Shade:CoffinDance"],"picked":"Shade:Brains","floor":4},{"not_picked":["Shade:BoneShards","Shade:FingerOfDeath","Shade:MadHubris"],"picked":"Singing Bowl","floor":6},{"not_picked":["Shade:BoneShards","Shade:Bonestorm"],"picked":"Shade:AuraOfUnlife","floor":8},{"not_picked":["Shade:LyeBath","Shade:Patience"],"picked":"Shade:ScuttlingHand","floor":9},{"not_picked":["Shade:BoneShards","Shade:CommandSoldier"],"picked":"Shade:FleshToFlesh","floor":13},{"not_picked":["Shade:ClawBack","Shade:GraveStillness"],"picked":"Shade:Trample","floor":14},{"not_picked":["Shade:Tombstone","Shade:LichForm"],"picked":"Shade:SelfBurial","floor":16},{"not_picked":["Shade:SensePrey+1","Shade:CommandSoldier","Shade:StitchTogether+1"],"picked":"Singing Bowl","floor":18},{"not_picked":["Shade:Frenzy","Shade:FuneraryArmor"],"picked":"Shade:FleshOffering","floor":20},{"not_picked":["Shade:FleshLikeOak+1","Shade:CallOfTheGrave"],"picked":"Shade:FleshOffering","floor":22},{"not_picked":["Shade:StitchTogether","Shade:Bonestorm+1"],"picked":"Shade:GraveStillness+1","floor":24},{"not_picked":["Shade:WallOfFlesh","Shade:FleshToFlesh"],"picked":"Shade:Trample","floor":28},{"not_picked":["Shade:Patience","Shade:Frenzy"],"picked":"Shade:Brains+1","floor":31},{"not_picked":["Shade:Tombstone","Shade:GreaterAnimation"],"picked":"Shade:LichForm","floor":33},{"not_picked":["Shade:FingerOfDeath","Shade:FeralStrike"],"picked":"Shade:Frenzy","floor":35},{"not_picked":["Shade:Brains+1","Shade:FuneraryArmor","Shade:Premonition"],"picked":"Singing Bowl","floor":37},{"not_picked":["Shade:SensePrey","Shade:WallOfFlesh+1"],"picked":"Shade:Trample+1","floor":39},{"not_picked":["Shade:PressTheAttack+1","Shade:SanguineRitual+1"],"picked":"Shade:LichForm","floor":41},{"not_picked":["Shade:Brains","Shade:FreshBones+1","Shade:SpontaneousRitual"],"picked":"Singing Bowl","floor":42},{"not_picked":["Shade:SpectralStrikes+1","Shade:CommandSoldier+1","Shade:ClawBack"],"picked":"Singing Bowl","floor":44},{"not_picked":["Shade:Brains","Shade:OpenGraves","Shade:Asphyxiate"],"picked":"Singing Bowl","floor":46},{"not_picked":["Shade:SkeletonArmy+1","Shade:AncientSpear","Shade:FuneraryArmor+1"],"picked":"Singing Bowl","floor":48},{"not_picked":["Shade:FleshLikeOak","Shade:SoulPierce","Shade:ClawBack"],"picked":"Singing Bowl","floor":54}],"player_experience":476828,"relics_obtained":[{"floor":6,"key":"Singing Bowl"},{"floor":13,"key":"Mango"},{"floor":26,"key":"Bag of Preparation"},{"floor":28,"key":"Gremlin Horn"},{"floor":31,"key":"Old Coin"},{"floor":31,"key":"Blue Candle"},{"floor":37,"key":"Ginger"},{"floor":41,"key":"Centennial Puzzle"},{"floor":43,"key":"Bottled Tornado"},{"floor":54,"key":"Nunchaku"}],"event_choices":[{"cards_removed":["Shade:Strike_Shade"],"damage_healed":0,"gold_gain":0,"player_choice":"Card Removal","damage_taken":0,"max_hp_gain":0,"max_hp_loss":0,"event_name":"The Cleric","floor":5,"gold_loss":50},{"damage_healed":0,"gold_gain":0,"player_choice":"Success","damage_taken":25,"relics_obtained":["Potion Belt"],"max_hp_gain":0,"max_hp_loss":0,"event_name":"Scrap Ooze","floor":11,"gold_loss":0},{"cards_removed":["Shade:Strike_Shade"],"damage_healed":0,"gold_gain":0,"player_choice":"Elegance","damage_taken":0,"max_hp_gain":0,"max_hp_loss":0,"event_name":"Back to Basics","floor":21,"gold_loss":0},{"damage_healed":0,"gold_gain":0,"player_choice":"Became a vampire","damage_taken":0,"max_hp_gain":0,"max_hp_loss":25,"event_name":"Vampires","floor":27,"gold_loss":0,"cards_obtained":["Bite","Bite","Bite","Bite","Bite"]},{"damage_healed":0,"gold_gain":0,"player_choice":"Fight","damage_taken":0,"max_hp_gain":0,"max_hp_loss":0,"event_name":"Colosseum","floor":31,"gold_loss":0},{"damage_healed":0,"gold_gain":0,"player_choice":"Fought Nobs","damage_taken":0,"max_hp_gain":0,"max_hp_loss":0,"event_name":"Colosseum","floor":31,"gold_loss":0},{"damage_healed":0,"gold_gain":0,"player_choice":"Fight","damage_taken":0,"max_hp_gain":0,"max_hp_loss":0,"event_name":"Mysterious Sphere","floor":37,"gold_loss":0},{"damage_healed":0,"gold_gain":0,"player_choice":"Bought 3 Potions","damage_taken":0,"max_hp_gain":0,"max_hp_loss":0,"event_name":"The Woman in Blue","floor":38,"gold_loss":0}],"is_beta":false,"boss_relics":[{"not_picked":["energizedSpire:EnergizedDie","Snecko Eye"],"picked":"energizedSpire:DeadBattery"},{"not_picked":["Fusion Hammer","Pandora\u0027s Box"],"picked":"energizedSpire:StickyHand"}],"items_purged_floors":[19,36,53],"is_endless":false,"potions_floor_spawned":[3,6,13,16,24,28,31,31,42,44,48],"killed_by":"The Heart","ascension_level":0}}