{"host":"2461dio7vetlq1z3","time":1608492508,"event":{"mods":["2.2 Compatiblity","AchievementEnabler","BaseMod","Better Third Choice","Downfall","Hermit","Marisa????????","Minty Spire (QoL Compilation)","Relic Stats","Spicy Shops","StSLib","Waifu the Spire"],"gold_per_floor":[112,112,129,129,129,160,180,206,206,206,206,206,206,244,244,370,370,399,399,1,19,47,96,96,96,96],"floor_reached":25,"playtime":1532,"items_purged":["hexamod:Strike"],"score":275,"play_id":"c0daa6df-9cec-4de3-b8c0-459a92ef5dd1","local_time":"20201220202828","is_ascension_mode":true,"campfire_choices":[{"floor":11,"key":"REST"},{"data":"hexamod:NightmareGuise","floor":13,"key":"SMITH"},{"data":"hexamod:GhostOfSpireFuture","floor":15,"key":"SMITH"},{"floor":24,"key":"REST"}],"circlet_count":0,"master_deck":["hexamod:Strike","hexamod:Strike","hexamod:Defend+1","hexamod:Defend","hexamod:Defend","hexamod:Defend+1","hexamod:Sear+1","hexamod:Float+1","hexamod:SwordOfDarkness+1","hexamod:GhostOfSpireFuture+1","hexamod:FifthSeal","hexamod:SixthSeal","hexamod:SkipABeat+1","hexamod:NightmareGuise+1","hexamod:FourthSeal","hexamod:AdvancingGuard","hexamod:SecondSeal","hexamod:HexaLevel+1","hexamod:FirstSeal","hexamod:EtherealExpedition","hexamod:CrushingStance","hexamod:Incineration","hexamod:SwordOfDarkness+1","hexamod:RadiantFlame"],"relics":["hexamod:SpiritBrand","NeowsBlessing","Pear","Letter Opener","War Paint","WingedGreaves","Golden Idol","Kunai","Gambling Chip","Cursed Key","Membership Card","Darkstone Periapt","hexamod:InflammatoryLetter"],"acts_visited":["Exordium","TheCity"],"potions_floor_usage":[8,16,21,23,25,25],"damage_taken":[{"damage":0,"enemies":"Jaw Worm","floor":1,"turns":1},{"damage":0,"enemies":"Cultist","floor":3,"turns":1},{"damage":0,"enemies":"3 Sentries","floor":6,"turns":1},{"damage":15,"enemies":"2 Louse","floor":7,"turns":3},{"damage":29,"enemies":"Gremlin Nob","floor":8,"turns":5},{"damage":10,"enemies":"Lagavulin","floor":14,"turns":9},{"damage":39,"enemies":"The Guardian","floor":16,"turns":14},{"damage":9,"enemies":"Shell Parasite","floor":18,"turns":6},{"damage":9,"enemies":"Spheric Guardian","floor":21,"turns":4},{"damage":5,"enemies":"Snake Plant","floor":22,"turns":4},{"damage":56,"enemies":"Gremlin Leader","floor":23,"turns":7},{"damage":44,"enemies":"Slavers","floor":25,"turns":4}],"seed_played":"-3208936023942634702","potions_obtained":[{"floor":2,"key":"champ:CounterPotion"},{"floor":2,"key":"DuplicationPotion"},{"floor":2,"key":"champ:CounterPotion"},{"floor":14,"key":"DistilledChaos"},{"floor":16,"key":"EssenceOfSteel"},{"floor":16,"key":"AttackPotion"},{"floor":18,"key":"Strength Potion"},{"floor":21,"key":"Dexterity Potion"}],"is_trial":false,"path_per_floor":["M","?","M","?","T","E","M","E","T","?","R","?","R","E","R","B",null,"M","?","$","M","M","E","R","E"],"character_chosen":"THE_SPIRIT","items_purchased":["Membership Card","hexamod:CrushingStance","Darkstone Periapt","hexamod:Incineration"],"campfire_rested":2,"item_purchase_floors":[20,20,20,20],"current_hp_per_floor":[70,70,70,63,73,73,58,29,29,29,51,51,51,41,41,2,74,65,65,65,63,65,16,38,0,0],"gold":96,"neow_bonus":"THREE_ENEMY_KILL","is_daily":false,"chose_seed":false,"campfire_upgraded":2,"win_rate":0.0,"timestamp":1608492508,"path_taken":["M","?","?","?","?","E","?","E","T","?","R","?","R","E","R","BOSS","M","?","$","M","M","E","R","E"],"items_purchased_type":["Relic","Card","Relic","Card"],"build_version":"2020-12-13","purchased_purges":1,"victory":false,"max_hp_per_floor":[70,70,70,70,80,80,80,80,80,74,74,74,74,74,74,74,74,74,74,74,74,74,74,74,74,74],"relic_stats":{"Darkstone Periapt":0,"counters":[12,59],"Golden Idol":65,"Gambling Chip":[17],"Letter Opener":[69],"Kunai":[1],"War Paint":["hexamod:SkipABeat","hexamod:Defend"],"Cursed Key":0,"obtain_stats":[{"Darkstone Periapt":20,"Pear":5,"NeowsBlessing":0,"Golden Idol":10,"hexamod:InflammatoryLetter":23,"Letter Opener":6,"War Paint":8,"Cursed Key":17,"Gambling Chip":14,"WingedGreaves":9,"Kunai":12,"Membership Card":20,"hexamod:SpiritBrand":0},{"Darkstone Periapt":8,"Pear":2,"NeowsBlessing":0,"Golden Idol":5,"hexamod:InflammatoryLetter":11,"Letter Opener":3,"War Paint":5,"Cursed Key":7,"Gambling Chip":6,"WingedGreaves":5,"Kunai":5,"Membership Card":8,"hexamod:SpiritBrand":0},{"Darkstone Periapt":40,"Pear":2,"NeowsBlessing":0,"Golden Idol":11,"hexamod:InflammatoryLetter":55,"Letter Opener":3,"War Paint":11,"Cursed Key":34,"Gambling Chip":20,"WingedGreaves":11,"Kunai":11,"Membership Card":40,"hexamod:SpiritBrand":0}]},"card_choices":[{"not_picked":["hexamod:NightmareStrike","hexamod:RainOfEmbers"],"picked":"hexamod:SwordOfDarkness","floor":1},{"not_picked":["hexamod:FastForward","hexamod:ThermalTransfer"],"picked":"hexamod:GhostOfSpireFuture","floor":3},{"not_picked":["hexamod:Hexaguard","hexamod:HeatMetal"],"picked":"hexamod:FifthSeal","floor":6},{"not_picked":["hexamod:FirstSeal","hexamod:FourthSeal"],"picked":"hexamod:SixthSeal","floor":7},{"not_picked":["hexamod:RadiantFlame","hexamod:GhostOfSpireFuture"],"picked":"hexamod:SkipABeat","floor":7},{"not_picked":["hexamod:GhostShield","hexamod:FastForward"],"picked":"hexamod:NightmareGuise","floor":8},{"not_picked":["hexamod:SecondSeal","hexamod:SixthSeal"],"picked":"hexamod:FourthSeal","floor":14},{"not_picked":["hexamod:ChargedBarrage","hexamod:Firestarter"],"picked":"hexamod:AdvancingGuard","floor":14},{"not_picked":["hexamod:SixthSeal","hexamod:FourthSeal"],"picked":"hexamod:SecondSeal","floor":16},{"not_picked":["hexamod:CrushingStance","hexamod:TurnItUp"],"picked":"hexamod:HexaLevel","floor":16},{"not_picked":["hexamod:SixthSeal","hexamod:SecondSeal"],"picked":"hexamod:FirstSeal","floor":18},{"not_picked":["hexamod:NightmareStrike","hexamod:BacktrackSmack"],"picked":"hexamod:EtherealExpedition","floor":18},{"not_picked":["hexamod:FirstSeal","hexamod:SixthSeal","hexamod:FourthSeal"],"picked":"SKIP","floor":21},{"not_picked":["hexamod:FlamesFromBeyond","hexamod:BurningTouch","hexamod:SoulSteal"],"picked":"SKIP","floor":21},{"not_picked":["hexamod:RainOfEmbers","hexamod:BurningTouch"],"picked":"hexamod:SwordOfDarkness+1","floor":22},{"not_picked":["hexamod:SixthSeal","hexamod:FirstSeal","hexamod:FourthSeal"],"picked":"SKIP","floor":22},{"not_picked":["hexamod:EtherealExpedition","hexamod:NightmareGuise"],"picked":"hexamod:RadiantFlame","floor":23},{"not_picked":["hexamod:FourthSeal","hexamod:SecondSeal","hexamod:FirstSeal"],"picked":"SKIP","floor":23}],"player_experience":949837,"relics_obtained":[{"floor":5,"key":"Pear"},{"floor":6,"key":"Letter Opener"},{"floor":8,"key":"War Paint"},{"floor":9,"key":"WingedGreaves"},{"floor":14,"key":"Gambling Chip"},{"floor":23,"key":"hexamod:InflammatoryLetter"}],"event_choices":[{"damage_healed":0,"gold_gain":0,"player_choice":"Got Potions","damage_taken":0,"max_hp_gain":0,"max_hp_loss":0,"event_name":"Lab","floor":2,"gold_loss":0},{"cards_removed":["hexamod:Strike"],"damage_healed":0,"gold_gain":0,"player_choice":"Card Removal","damage_taken":7,"max_hp_gain":0,"max_hp_loss":0,"event_name":"Golden Wing","floor":4,"gold_loss":0},{"damage_healed":0,"gold_gain":0,"player_choice":"Lose Max HP","damage_taken":0,"relics_obtained":["Golden Idol"],"max_hp_gain":0,"max_hp_loss":6,"event_name":"Golden Idol","floor":10,"gold_loss":0},{"damage_healed":0,"gold_gain":0,"player_choice":"Gave Potion","damage_taken":0,"relics_obtained":["Kunai"],"max_hp_gain":0,"max_hp_loss":0,"event_name":"WeMeetAgain","floor":12,"gold_loss":0},{"damage_healed":0,"gold_gain":0,"player_choice":"Ignored","damage_taken":0,"max_hp_gain":0,"max_hp_loss":0,"event_name":"The Mausoleum","floor":19,"gold_loss":0}],"is_beta":false,"boss_relics":[{"not_picked":["Coffee Dripper","Empty Cage"],"picked":"Cursed Key"}],"items_purged_floors":[20],"is_endless":false,"potions_floor_spawned":[7,14,16,18],"killed_by":"Slavers","ascension_level":1}}