{"host":"ymw71f7rc9ndansy","time":1608464049,"event":{"mods":["ATMod(°¢èªMod)","Aspiration","BaseMod","DeckTracker","Hubris","Library of Ruina","Library of Ruina Extra","Lobotomy","LobotomyExtend","Minty Spire (QoL Compilation)","MostiFishMod","Remove Card Discount Mod","Replay The Spire","StSLib","TestMod","¡¾ÒÅÎï¿¨ÅÆ¡¿REMEMod"],"gold_per_floor":[112,15,29,43,54,87,87,115,164,190,190,265,265,285,285,359,359,369,84,34,44,60,94,94,124,149,178,191,191,217,236,236,311,311,311],"floor_reached":34,"playtime":839,"items_purged":["Strike_B","Defend_B","Strike_B","Defend_B","Defend_G","Strike_B","Defend_B","Sweeping Beam","Dualcast"],"score":1450,"play_id":"1b00c230-27d9-4da1-8b4e-ede12c4e70e8","local_time":"20201220193409","is_ascension_mode":true,"campfire_choices":[{"data":"AT_StudyProgram","floor":7,"key":"SMITH"},{"data":"MostiFishMod:GatherIntelligence","floor":11,"key":"SMITH"},{"data":"MostiFishMod:TalkingToTheRain","floor":13,"key":"SMITH"},{"data":"Coolheaded","floor":15,"key":"SMITH"},{"data":"AT_DarkMatter","floor":24,"key":"SMITH"},{"data":"AT_EMC2","floor":32,"key":"SMITH"}],"circlet_count":0,"master_deck":["AscendersBane","Strike_B","Defend_B","Defend_B","Zap+1","MostiFishMod:GatherIntelligence+1","AT_WaterDrop+1","AT_StudyProgram+1","REME_SelfUpgrade+1","Coolheaded+1","MostiFishMod:TalkingToTheRain+1","AT_RobotInSpace+1","AT_DarkMatter+1","ReplayTheSpireMod:Reroute Power","AT_StudyProgram+1","MostiFishMod:InterfaceCompatibility+1","AT_DarkMatter+1","AT_EMC2+1","Turbo","Panic Button+1"],"relics":["Cracked Core","testmod-TestBox","DaveBox","REME_ComplimentaryCards","AT_ATBox","Transparent","testmod-ArcanaOfDestiny","testmod-EqualTreatment","Question Card","aspiration:Nostalgia","Ring of the Snake","Golden Egg","ImportantClient","testmod-StringDisintegrator","AT_SilvercatRing","aspiration:Stabinomicon","Gremlin Food","Bronze Scales","Mirror","Sozu"],"acts_visited":["Exordium","TheCity","TheBeyond"],"potions_floor_usage":[],"damage_taken":[{"damage":14,"enemies":"Small Slimes","floor":1,"turns":2},{"damage":7,"enemies":"2 Louse","floor":3,"turns":1},{"damage":14,"enemies":"Cultist","floor":4,"turns":2},{"damage":14,"enemies":"Large Slime","floor":5,"turns":2},{"damage":28,"enemies":"Lagavulin","floor":6,"turns":4},{"damage":26,"enemies":"Replay:BlueRogue","floor":8,"turns":3},{"damage":21,"enemies":"3 Sentries","floor":10,"turns":3},{"damage":7,"enemies":"3 Louse","floor":14,"turns":1},{"damage":25,"enemies":"The Guardian","floor":16,"turns":3},{"damage":14,"enemies":"3 Byrds","floor":18,"turns":2},{"damage":27,"enemies":"2 Thieves","floor":21,"turns":2},{"damage":14,"enemies":"Chosen and Byrds","floor":22,"turns":2},{"damage":7,"enemies":"Book of Stabbing","floor":23,"turns":1},{"damage":7,"enemies":"REME_1_Revenger","floor":25,"turns":1},{"damage":14,"enemies":"Book of Stabbing","floor":27,"turns":2},{"damage":14,"enemies":"Snake Plant","floor":28,"turns":2},{"damage":14,"enemies":"REME_1_Revenger","floor":30,"turns":2},{"damage":17,"enemies":"Shelled Parasite and Fungi","floor":31,"turns":2},{"damage":14,"enemies":"Automaton","floor":33,"turns":2}],"seed_played":"5718388936995599522","potions_obtained":[{"floor":1,"key":"Block Potion"},{"floor":5,"key":"FocusPotion"}],"is_trial":false,"path_per_floor":["M","$","M","M","M","E","R","E","T","E","R","?","R","M","R","B",null,"M","$","?","M","M","E","R","E","T","E","M","?","E","M","R","B",null],"character_chosen":"DEFECT","items_purchased":["AT_StudyProgram","AT_SilvercatRing","AT_StudyProgram"],"campfire_rested":0,"item_purchase_floors":[2,19,19],"current_hp_per_floor":[71,71,71,71,71,71,71,71,71,71,71,60,60,71,71,71,71,71,71,71,71,71,71,71,71,71,71,71,71,71,71,71,71,71,71],"gold":311,"neow_bonus":"ONE_RARE_RELIC","is_daily":false,"chose_seed":false,"campfire_upgraded":6,"win_rate":0.0,"timestamp":1608464049,"path_taken":["M","$","M","M","M","E","R","E","T","E","R","?","R","M","R","BOSS","M","$","?","M","?","E","R","E","T","E","M","?","E","M","R","BOSS"],"items_purchased_type":["Card","Relic","Card"],"build_version":"2020-12-13","purchased_purges":9,"victory":false,"max_hp_per_floor":[71,71,71,71,71,71,71,71,71,71,71,71,71,71,71,71,71,71,71,71,71,71,71,71,71,71,71,71,71,71,71,71,71,71,71],"card_choices":[{"not_picked":["Redo","Steam"],"picked":"Sweeping Beam","floor":1},{"not_picked":["Redo","Stack","Leap"],"picked":"REME_SelfUpgrade","floor":3},{"not_picked":["Stack","Beam Cell","FTL","Loop"],"picked":"Coolheaded","floor":4},{"not_picked":["Barrage","ReplayTheSpireMod:Calculation Training","Conserve Battery","Panic Button"],"picked":"MostiFishMod:TalkingToTheRain","floor":5},{"not_picked":["AT_HeatAcrobatics","Storm","Crystallizer","ReplayGash"],"picked":"AT_RobotInSpace","floor":6},{"not_picked":["Coolheaded","Streamline","Rebound","MostiFishMod:ReprogramOld"],"picked":"AT_DarkMatter","floor":8},{"not_picked":["Gash","MostiFishMod:FluxCapactior","Compile Driver","Stack"],"picked":"ReplayTheSpireMod:Reroute Power","floor":10},{"not_picked":["Sweeping Beam","Auto Shields","Go for the Eyes","AT_HeatAcrobatics"],"picked":"SKIP","floor":14},{"not_picked":["Sweeping Beam","Compile Driver","Ball Lightning","Steam Power","Conserve Battery"],"picked":"SKIP","floor":18},{"not_picked":["AT_DarkMatter","Hologram","Cold Snap","Compile Driver","Steam"],"picked":"MostiFishMod:InterfaceCompatibility","floor":21},{"not_picked":["Sweeping Beam","Barrage","Melter","Loop"],"picked":"SKIP","floor":22},{"not_picked":["ReplayTheSpireMod:Omega Cannon","Tempest","Force Field","Conserve Battery"],"picked":"SKIP","floor":23},{"not_picked":["AT_RightCognition","Turbo","aspiration:Polymerization"],"picked":"AT_DarkMatter+1","floor":25},{"not_picked":["Redo","Rebound","FTL","Go for the Eyes","Conserve Battery","Scrape"],"picked":"SKIP","floor":27},{"not_picked":["ReplayTheSpireMod:GoodbyeWorld","Sweeping Beam","Glacier"],"picked":"AT_EMC2","floor":28},{"not_picked":["aspiration:Polymerization","Redo","Go for the Eyes","Leap","Hologram"],"picked":"Turbo","floor":30},{"not_picked":["Aggregate","ReplaySolidLightProjector","Rebound","hubris:PowerSurge","Cold Snap"],"picked":"Panic Button+1","floor":31}],"player_experience":1020151,"relics_obtained":[{"floor":1,"key":"Question Card"},{"floor":8,"key":"aspiration:Nostalgia"},{"floor":10,"key":"Golden Egg"},{"floor":16,"key":"ImportantClient"},{"floor":23,"key":"aspiration:Stabinomicon"},{"floor":26,"key":"Gremlin Food"},{"floor":27,"key":"Bronze Scales"},{"floor":30,"key":"Mirror"}],"event_choices":[{"damage_healed":0,"gold_gain":75,"player_choice":"Gather Gold","damage_taken":11,"max_hp_gain":0,"max_hp_loss":0,"event_name":"World of Goop","floor":12,"gold_loss":0},{"damage_healed":0,"gold_gain":0,"player_choice":"Bet on Murderer","damage_taken":0,"max_hp_gain":0,"max_hp_loss":0,"event_name":"The Joust","floor":20,"gold_loss":50}],"is_beta":false,"boss_relics":[{"not_picked":["HereWithMe","testmod-SaigiyounoYou"],"picked":"testmod-StringDisintegrator"},{"not_picked":["testmod-KeyOfTheVoid","Honey Jar"],"picked":"Sozu"}],"items_purged_floors":[2,2,2,2,2,19,19,19,19],"is_endless":false,"potions_floor_spawned":[1,5,6,21,22,23,27,31],"ascension_level":20}}