{"host":"4evnc443c98ww2zl","time":1608490343,"event":{"mods":["BaseMod","Better Third Choice","Hermit","Koishi","Minty Spire (QoL Compilation)","Remilia??????","Robot Space Explorer","StSLib","The Administrix","The Animator","The Bug Knight","The Cursed","TheSwordswoman"],"gold_per_floor":[112,112,127,143,159,159,493,507,507,521,110,110,180,193,193,193,193],"floor_reached":16,"playtime":1730,"items_purged":[],"score":104,"play_id":"958f3670-de02-4dbb-b965-1b14af1b55a1","local_time":"20201220125223","is_ascension_mode":false,"campfire_choices":[{"data":"blazmod:Trasient","floor":6,"key":"SMITH"},{"floor":12,"key":"REST"},{"floor":15,"key":"REST"}],"circlet_count":0,"master_deck":["blazmod:Strike","blazmod:Strike","blazmod:Strike","blazmod:Strike","blazmod:Defend","blazmod:Defend","blazmod:Defend","blazmod:Defend","blazmod:ButterflyEffect","blazmod:Kyokasuigetsu+1","blazmod:Trasient+1","blazmod:DanceOfTheGods","blazmod:FortifiedVigor","blazmod:Observant","blazmod:Valiance","blazmod:KatanaStrike","blazmod:BladeOfEnlightenment","blazmod:ForgeWays"],"relics":["blazmod:Venustas","NeowsBlessing","Old Coin","blazmod:BladeOfPurification","HandDrill","Matryoshka","Bottled Flame","Darkstone Periapt"],"acts_visited":["Exordium"],"potions_floor_usage":[7],"damage_taken":[{"damage":0,"enemies":"Small Slimes","floor":1,"turns":1},{"damage":0,"enemies":"Jaw Worm","floor":3,"turns":1},{"damage":0,"enemies":"Cultist","floor":4,"turns":1},{"damage":11,"enemies":"Blue Slaver","floor":5,"turns":3},{"damage":28,"enemies":"HollowMod:MossKnight","floor":7,"turns":9},{"damage":0,"enemies":"Large Slime","floor":8,"turns":6},{"damage":0,"enemies":"Looter","floor":10,"turns":4},{"damage":0,"enemies":"2 Fungi Beasts","floor":14,"turns":3},{"damage":15,"enemies":"The Guardian","floor":16,"turns":2}],"seed_played":"-73263997963086329","potions_obtained":[{"floor":3,"key":"DuplicationPotion"},{"floor":8,"key":"Energy Potion"},{"floor":10,"key":"Block Potion"}],"is_trial":false,"path_per_floor":["M","?","M","M","M","R","E","M","T","M","$","R","T","M","R","B"],"character_chosen":"THE_SWORDSWOMAN","items_purchased":["HandDrill","Matryoshka"],"campfire_rested":2,"item_purchase_floors":[11,11],"current_hp_per_floor":[40,40,40,40,29,29,1,1,1,1,1,13,13,13,25,10,10],"gold":193,"neow_bonus":"THREE_ENEMY_KILL","is_daily":false,"chose_seed":false,"campfire_upgraded":1,"win_rate":0.0,"timestamp":1608490343,"path_taken":["M","?","M","M","M","R","E","M","T","M","$","R","?","M","R","BOSS"],"items_purchased_type":["Relic","Relic"],"build_version":"2020-12-13","purchased_purges":0,"victory":false,"max_hp_per_floor":[40,40,40,40,40,40,40,40,40,40,40,40,40,40,40,40,40],"card_choices":[{"not_picked":["blazmod:PhysicalEndurance","blazmod:ButterFlutter"],"picked":"blazmod:Trasient","floor":1},{"not_picked":["blazmod:SidewaySolace","blazmod:FlashRock"],"picked":"blazmod:DanceOfTheGods","floor":3},{"not_picked":["blazmod:Valiance","blazmod:FleetOfFoot"],"picked":"blazmod:FortifiedVigor","floor":4},{"not_picked":["blazmod:TenThousand","blazmod:FleetingDawn"],"picked":"blazmod:Observant","floor":5},{"not_picked":["blazmod:UnderPurifyingWaters","blazmod:ButterFlutter"],"picked":"blazmod:Valiance","floor":7},{"not_picked":["blazmod:Valiance","blazmod:MentalFocus"],"picked":"blazmod:KatanaStrike","floor":8},{"not_picked":["blazmod:Quickdraw","blazmod:MentalFocus"],"picked":"blazmod:BladeOfEnlightenment","floor":10},{"not_picked":["blazmod:PhysicalEndurance","blazmod:Valiance"],"picked":"blazmod:ForgeWays","floor":14}],"player_experience":1063425,"relics_obtained":[{"floor":7,"key":"Old Coin"},{"floor":9,"key":"blazmod:BladeOfPurification"},{"floor":13,"key":"Bottled Flame"},{"floor":13,"key":"Darkstone Periapt"}],"event_choices":[{"damage_healed":0,"gold_gain":0,"player_choice":"Grow","damage_taken":0,"max_hp_gain":0,"max_hp_loss":0,"event_name":"Living Wall","floor":2,"gold_loss":0,"cards_upgraded":["blazmod:Kyokasuigetsu"]}],"is_beta":false,"boss_relics":[],"items_purged_floors":[],"is_endless":false,"potions_floor_spawned":[3,8,10],"killed_by":"The Guardian","ascension_level":0}}