{"host":"y1gy3vaohdji07z5","time":1608478503,"event":{"mods":["BaseMod","Colored Map","Colored Powertips","Hermit","Minty Spire (QoL Compilation)","Random Character Button","Rare Cards Sparkle","StSLib"],"gold_per_floor":[116,116,136,148,160,160,192,204,216,73,86,11,11,30,30,30,30],"floor_reached":16,"playtime":839,"items_purged":["Strike_G"],"score":128,"play_id":"b75090f2-26dd-47b5-959f-4b2d80418d30","local_time":"20201220163503","is_ascension_mode":true,"campfire_choices":[{"data":"Deadly Poison","floor":6,"key":"SMITH"},{"data":"Blur","floor":8,"key":"SMITH"},{"data":"Dodge and Roll","floor":15,"key":"SMITH"}],"circlet_count":0,"master_deck":["Strike_G","Strike_G","Defend_G","Defend_G","Defend_G","Defend_G","Defend_G","Survivor","Neutralize","Dodge and Roll","Backstab","Deadly Poison+1","Dodge and Roll+1","Blur+1"],"relics":["Ring of the Snake","MawBank","Darkstone Periapt","Regal Pillow"],"acts_visited":["Exordium"],"potions_floor_usage":[7],"damage_taken":[{"damage":0,"enemies":"2 Louse","floor":1,"turns":4},{"damage":0,"enemies":"Cultist","floor":3,"turns":5},{"damage":3,"enemies":"Small Slimes","floor":4,"turns":4},{"damage":0,"enemies":"Exordium Wildlife","floor":5,"turns":2},{"damage":31,"enemies":"Gremlin Nob","floor":7,"turns":5},{"damage":0,"enemies":"Blue Slaver","floor":11,"turns":3},{"damage":2,"enemies":"3 Louse","floor":14,"turns":5},{"damage":20,"enemies":"Slime Boss","floor":16,"turns":8}],"seed_played":"8688849659767270293","potions_obtained":[{"floor":1,"key":"DuplicationPotion"},{"floor":5,"key":"SneckoOil"},{"floor":7,"key":"FearPotion"}],"is_trial":false,"path_per_floor":["M","?","M","M","M","R","E","R","T","$","M","$","?","M","R","B"],"character_chosen":"THE_SILENT","items_purchased":["Regal Pillow"],"campfire_rested":0,"item_purchase_floors":[10],"current_hp_per_floor":[70,70,70,67,67,67,36,36,36,36,36,36,36,34,34,14,14],"gold":30,"neow_bonus":"REMOVE_CARD","is_daily":false,"chose_seed":false,"campfire_upgraded":3,"win_rate":0.0,"timestamp":1608478503,"path_taken":["M","?","?","M","M","R","E","R","T","$","M","$","?","?","R","BOSS"],"items_purchased_type":["Relic"],"build_version":"2020-12-13","purchased_purges":1,"victory":false,"max_hp_per_floor":[70,70,70,70,70,70,70,70,70,70,70,70,70,70,70,70,70],"card_choices":[{"not_picked":["Riddle With Holes","Blade Dance"],"picked":"Dodge and Roll","floor":1},{"not_picked":["Acrobatics","Deflect"],"picked":"Backstab","floor":3},{"not_picked":["Deflect","Prepared"],"picked":"Deadly Poison","floor":4},{"not_picked":["Calculated Gamble","Cloak And Dagger"],"picked":"Dodge and Roll","floor":5},{"not_picked":["Backflip","Storm of Steel"],"picked":"Blur","floor":7},{"not_picked":["Infinite Blades","Concentrate","Outmaneuver"],"picked":"SKIP","floor":11},{"not_picked":["Endless Agony","Calculated Gamble","Blade Dance"],"picked":"SKIP","floor":14}],"player_experience":340498,"relics_obtained":[{"floor":7,"key":"MawBank"},{"floor":9,"key":"Darkstone Periapt"}],"event_choices":[{"cards_removed":["Strike_G"],"damage_healed":0,"gold_gain":0,"player_choice":"Purged","damage_taken":0,"max_hp_gain":0,"max_hp_loss":0,"event_name":"Purifier","floor":2,"gold_loss":0},{"damage_healed":0,"gold_gain":0,"player_choice":"0 cards matched","damage_taken":0,"max_hp_gain":0,"max_hp_loss":0,"event_name":"Match and Keep!","floor":13,"gold_loss":0,"cards_obtained":[]}],"is_beta":false,"boss_relics":[],"items_purged_floors":[12],"is_endless":false,"potions_floor_spawned":[1,5,7],"killed_by":"Slime Boss","ascension_level":5}}