{"host":"svab9sudlrudptws","time":1608501814,"event":{"mods":["BaseMod","Colored Powertips","Minty Spire (QoL Compilation)","Robot Space Explorer","Shade Mod","StSLib","The Blackbeard","The Mystic","The Necromancer","The Poker Player","The Servant 0.9.4"],"gold_per_floor":[210,229,12,29,46,73,73,73,97,116,116,151,151,167,167,167,167,167],"floor_reached":16,"playtime":1363,"items_purged":[],"score":213,"play_id":"7c66de71-7d39-4918-8dc0-5f946e2e07d2","local_time":"20201221000334","is_ascension_mode":true,"campfire_choices":[{"floor":8,"key":"REST"},{"floor":15,"key":"REST"}],"circlet_count":0,"master_deck":["AscendersBane","blackbeard:BlackbeardStrike","blackbeard:BlackbeardStrike","blackbeard:BlackbeardStrike","blackbeard:BlackbeardStrike","blackbeard:IntimidatingStrike","blackbeard:BlackbeardDefend","blackbeard:BlackbeardDefend","blackbeard:BlackbeardDefend","blackbeard:BlackbeardDefend","blackbeard:Cutlass","blackbeard:GoldenDefense","Apotheosis","blackbeard:GoldenStrike","blackbeard:InfiniteBarrage"],"relics":["blackbeard:LoadTheCannons","Anchor","Strawberry","Regal Pillow","HornCleat"],"acts_visited":["Exordium"],"potions_floor_usage":[6,12,12],"damage_taken":[{"damage":0,"enemies":"2 Louse","floor":1,"turns":2},{"damage":7,"enemies":"Jaw Worm","floor":2,"turns":4},{"damage":14,"enemies":"Small Slimes","floor":4,"turns":6},{"damage":5,"enemies":"Blue Slaver","floor":5,"turns":4},{"damage":32,"enemies":"3 Sentries","floor":6,"turns":5},{"damage":6,"enemies":"Exordium Thugs","floor":10,"turns":5},{"damage":9,"enemies":"Lagavulin","floor":12,"turns":7},{"damage":0,"enemies":"2 Fungi Beasts","floor":14,"turns":3},{"damage":62,"enemies":"Slime Boss","floor":16,"turns":11}],"seed_played":"6012146682342966111","potions_obtained":[{"floor":2,"key":"SteroidPotion"},{"floor":5,"key":"Explosive Potion"},{"floor":10,"key":"Block Potion"},{"floor":12,"key":"BlessingOfTheForge"}],"is_trial":false,"path_per_floor":["M","M","$","M","M","E","?","R","T","M","?","E","$","M","R","B"],"character_chosen":"BLACKBEARD_CLASS","items_purchased":["Apotheosis"],"campfire_rested":2,"item_purchase_floors":[3],"current_hp_per_floor":[64,57,57,43,38,6,6,27,34,28,23,14,14,14,52,0,0,0],"gold":167,"neow_bonus":"HUNDRED_GOLD","is_daily":false,"chose_seed":false,"campfire_upgraded":0,"win_rate":0.0,"timestamp":1608501814,"path_taken":["M","M","$","M","M","E","?","R","T","M","?","E","?","M","R","BOSS"],"items_purchased_type":["Card"],"build_version":"2020-12-13","purchased_purges":0,"victory":false,"max_hp_per_floor":[71,71,71,71,71,71,71,71,78,78,78,78,78,78,78,78,78,78],"card_choices":[{"not_picked":["blackbeard:FieryDefense","blackbeard:PiratesWill"],"picked":"blackbeard:GoldenDefense","floor":1},{"not_picked":["blackbeard:Toast","blackbeard:Anchor","blackbeard:TerrorOfTheSeas"],"picked":"SKIP","floor":2},{"not_picked":["blackbeard:Upgrade","blackbeard:GoldenDefense"],"picked":"blackbeard:GoldenStrike","floor":4},{"not_picked":["blackbeard:Dagger","blackbeard:BeatUp"],"picked":"blackbeard:InfiniteBarrage","floor":5},{"not_picked":["blackbeard:Eyepatch","blackbeard:CannonBarrage","blackbeard:Scrap"],"picked":"SKIP","floor":6},{"not_picked":["blackbeard:CloakAndCannonball","blackbeard:PirateHook","blackbeard:TacticalRetreat"],"picked":"SKIP","floor":10},{"not_picked":["blackbeard:WoodenLeg","blackbeard:CloakAndCannonball","blackbeard:Fencing"],"picked":"SKIP","floor":12},{"not_picked":["blackbeard:Fencing","blackbeard:Dagger","blackbeard:RearmingStrike"],"picked":"SKIP","floor":14}],"player_experience":1625065,"relics_obtained":[{"floor":6,"key":"Anchor"},{"floor":9,"key":"Strawberry"},{"floor":12,"key":"HornCleat"}],"event_choices":[{"damage_healed":0,"gold_gain":0,"player_choice":"Searched \u00271\u0027 times","damage_taken":0,"max_hp_gain":0,"max_hp_loss":0,"event_name":"Dead Adventurer","floor":7,"gold_loss":0},{"damage_healed":0,"gold_gain":0,"player_choice":"Success","damage_taken":5,"relics_obtained":["Regal Pillow"],"max_hp_gain":0,"max_hp_loss":0,"event_name":"Scrap Ooze","floor":11,"gold_loss":0}],"is_beta":false,"boss_relics":[],"items_purged_floors":[],"is_endless":false,"potions_floor_spawned":[2,5,10,12],"killed_by":"Slime Boss","ascension_level":18}}