{"host":"r6jigiblrojhp6xe","time":1608458621,"event":{"mods":["AchievementEnabler","BaseMod","DeckTracker","Minty Spire (QoL Compilation)","Quick Restart","Rare Cards Sparkle","Relic Stats","StSLib","SuperFastMode","The Cursed","everything is the same but u backflip on backflip"],"gold_per_floor":[19,19,40,53,77,77,77,77,145,145,179,202,222,246,246,246,246],"floor_reached":16,"playtime":376,"items_purged":[],"score":233,"play_id":"199aaa76-6f90-46d9-8502-cc47feed14d5","local_time":"20201220190341","is_ascension_mode":true,"campfire_choices":[{"data":"Carnage","floor":6,"key":"SMITH"},{"data":"Inflame","floor":8,"key":"SMITH"},{"data":"Bash","floor":10,"key":"SMITH"},{"floor":15,"key":"REST"}],"circlet_count":0,"master_deck":["AscendersBane","Strike_R","Strike_R","Strike_R","Strike_R","Strike_R","Defend_R","Defend_R","Defend_R","Defend_R","Bash+1","Carnage+1","Inflame+1"],"relics":["Burning Blood","Mango","Golden Idol","Singing Bowl","Omamori"],"acts_visited":["Exordium"],"potions_floor_usage":[5,12,16],"damage_taken":[{"damage":28,"enemies":"Jaw Worm","floor":1,"turns":6},{"damage":1,"enemies":"Cultist","floor":3,"turns":3},{"damage":10,"enemies":"Small Slimes","floor":4,"turns":4},{"damage":7,"enemies":"Exordium Thugs","floor":5,"turns":4},{"damage":32,"enemies":"Gremlin Nob","floor":11,"turns":4},{"damage":5,"enemies":"Gremlin Gang","floor":12,"turns":5},{"damage":7,"enemies":"Looter","floor":13,"turns":3},{"damage":13,"enemies":"Exordium Wildlife","floor":14,"turns":4},{"damage":59,"enemies":"The Guardian","floor":16,"turns":15}],"seed_played":"5741203734169289540","potions_obtained":[{"floor":4,"key":"Weak Potion"},{"floor":5,"key":"Explosive Potion"},{"floor":14,"key":"BlessingOfTheForge"}],"is_trial":false,"path_per_floor":["M","?","M","M","M","R","?","R","T","R","E","M","M","M","R","B"],"character_chosen":"IRONCLAD","items_purchased":[],"campfire_rested":1,"item_purchase_floors":[],"current_hp_per_floor":[60,29,34,30,29,29,58,58,58,58,34,37,38,33,62,3,3],"gold":246,"neow_bonus":"ONE_RARE_RELIC","is_daily":false,"chose_seed":false,"campfire_upgraded":3,"win_rate":0.0,"timestamp":1608458621,"path_taken":["M","?","M","M","M","R","?","R","T","R","E","M","?","M","R","BOSS"],"items_purchased_type":[],"build_version":"2020-12-13","purchased_purges":0,"victory":false,"max_hp_per_floor":[89,89,89,89,89,89,89,89,89,89,91,93,95,97,97,97,97],"relic_stats":{"Singing Bowl":8,"counters":[9,48],"Golden Idol":33,"obtain_stats":[{"Singing Bowl":9,"Golden Idol":2,"Mango":0,"Omamori":11,"Burning Blood":0},{"Singing Bowl":4,"Golden Idol":1,"Mango":0,"Omamori":5,"Burning Blood":0},{"Singing Bowl":17,"Golden Idol":6,"Mango":0,"Omamori":21,"Burning Blood":0}],"Burning Blood":48},"card_choices":[{"not_picked":["Wild Strike","Cleave"],"picked":"Carnage","floor":1},{"not_picked":["Iron Wave","True Grit","Havoc"],"picked":"SKIP","floor":3},{"not_picked":["Sword Boomerang","Thunderclap"],"picked":"Inflame","floor":4},{"not_picked":["Intimidate","Pommel Strike","Clash"],"picked":"SKIP","floor":5},{"not_picked":["Clothesline","True Grit","Reckless Charge"],"picked":"Singing Bowl","floor":11},{"not_picked":["Feel No Pain","Sword Boomerang","True Grit"],"picked":"Singing Bowl","floor":12},{"not_picked":["Fire Breathing","Warcry","Clothesline"],"picked":"Singing Bowl","floor":13},{"not_picked":["Twin Strike","Limit Break","Sword Boomerang"],"picked":"Singing Bowl","floor":14}],"player_experience":537012,"relics_obtained":[{"floor":9,"key":"Singing Bowl"},{"floor":11,"key":"Omamori"}],"event_choices":[{"damage_healed":0,"gold_gain":0,"player_choice":"Take Damage","damage_taken":31,"relics_obtained":["Golden Idol"],"max_hp_gain":0,"max_hp_loss":0,"event_name":"Golden Idol","floor":2,"gold_loss":0},{"damage_healed":29,"gold_gain":0,"player_choice":"Banana","damage_taken":0,"max_hp_gain":0,"max_hp_loss":0,"event_name":"Big Fish","floor":7,"gold_loss":0}],"is_beta":false,"boss_relics":[],"items_purged_floors":[],"is_endless":false,"potions_floor_spawned":[4,5,14],"killed_by":"The Guardian","ascension_level":20}}