{"host":"ln76an1o32p2wxtf","time":1608479973,"event":{"mods":["AchievementEnabler","Act Like it!","BaseMod","BetterRewards","Colored Powertips","Energized Spire","GifTheSpireLib","Infinite Spire","Minty Spire (QoL Compilation)","Shop Mod","StSLib"],"gold_per_floor":[161,161,161,236,7,7,33,33,81,97,97,5,22,35,35,138,138,157,157,84,132,151,151,151],"floor_reached":23,"playtime":2298,"items_purged":["Defend_P"],"score":196,"play_id":"adc08851-5d52-4167-8bce-b4875a42d5a7","local_time":"20201220235933","is_ascension_mode":true,"campfire_choices":[{"floor":6.0,"key":"REST"},{"floor":8.0,"key":"REST"},{"floor":11.0,"key":"RECALL"},{"data":"Bandage Up","floor":15.0,"key":"SMITH"}],"circlet_count":0,"master_deck":["Strike_P","Strike_P+1","Strike_P","Defend_P","Defend_P","Defend_P","Eruption","Vigilance","Prostrate","Bandage Up+1","Pray","CutThroughFate","DevaForm","BattleHymn"],"relics":["Tiny House","Bronze Scales","Matryoshka","Juzu Bracelet","energizedSpire:SpiderWeb","Nloth\u0027s Gift","Dream Catcher","PreservedInsect"],"acts_visited":["Exordium","TheCity"],"potions_floor_usage":[16,23],"damage_taken":[{"damage":2.0,"enemies":"Small Slimes","floor":1.0,"turns":6.0},{"damage":49.0,"enemies":"3 Sentries","floor":7.0,"turns":8.0},{"damage":0.0,"enemies":"Jaw Worm","floor":10.0,"turns":4.0},{"damage":0.0,"enemies":"Cultist","floor":13.0,"turns":2.0},{"damage":11.0,"enemies":"Exordium Wildlife","floor":14.0,"turns":4.0},{"damage":19,"enemies":"Hexaghost","floor":16,"turns":9},{"damage":15,"enemies":"Spheric Guardian","floor":18,"turns":5},{"damage":31,"enemies":"2 Thieves","floor":22,"turns":3},{"damage":53,"enemies":"Slavers","floor":23,"turns":3}],"seed_played":"4032261385813304510","potions_obtained":[{"floor":0.0,"key":"GamblersBrew"},{"floor":7.0,"key":"LiquidBronze"},{"floor":10.0,"key":"SkillPotion"},{"floor":14.0,"key":"Swift Potion"},{"floor":22,"key":"EssenceOfSteel"}],"is_trial":false,"path_per_floor":["M","?","?","?","$","R","E","R","T","M","R","$","M","M","R","B",null,"M","?","$","T","M","E"],"character_chosen":"WATCHER","items_purchased":["Bronze Scales","Bandage Up","BattleHymn"],"campfire_rested":2,"item_purchase_floors":[5,12,20],"current_hp_per_floor":[75,63,56,45,45,68,19,42,42,42,42,42,46,39,39,26,77,68,68,68,68,43,0,0],"gold":151,"neow_bonus":"BOSS_RELIC","is_daily":false,"chose_seed":false,"campfire_upgraded":1,"win_rate":0.0,"timestamp":1608479973,"path_taken":["M","?","?","?","$","R","E","R","T","M","R","?","M","M","R","BOSS","M","?","$","?","M","E"],"items_purchased_type":["Relic","Card","Card"],"build_version":"2020-12-13","purchased_purges":1,"victory":false,"max_hp_per_floor":[77,77,77,77,77,77,77,77,77,77,77,77,77,77,77,77,77,77,77,77,77,77,77,77],"card_choices":[{"not_picked":["FlyingSleeves","EmptyMind","BowlingBash"],"picked":"SKIP","floor":1.0},{"not_picked":["CrushJoints","Halt"],"picked":"Prostrate","floor":7.0},{"not_picked":["PathToVictory","SignatureMove","FlyingSleeves"],"picked":"SKIP","floor":10.0},{"not_picked":["FollowUp","FlyingSleeves"],"picked":"Pray","floor":13.0},{"not_picked":["MentalFortress","WreathOfFlame"],"picked":"CutThroughFate","floor":14.0},{"not_picked":["Vault","Judgement"],"picked":"DevaForm","floor":16},{"not_picked":["Crescendo","LikeWater+1","Halt+1"],"picked":"SKIP","floor":18},{"not_picked":["ClearTheMind","Crescendo","Halt"],"picked":"SKIP","floor":22}],"player_experience":638983,"relics_obtained":[{"floor":7.0,"key":"Matryoshka"},{"floor":9.0,"key":"Juzu Bracelet"},{"floor":21,"key":"Dream Catcher"},{"floor":21,"key":"PreservedInsect"}],"event_choices":[{"damage_healed":0.0,"max_hp_gain":0.0,"max_hp_loss":0.0,"gold_gain":0.0,"event_name":"Scrap Ooze","player_choice":"Success","floor":2.0,"gold_loss":0.0,"damage_taken":12.0,"relics_obtained":["Pen Nib"]},{"cards_removed":["Strike_P"],"damage_healed":0.0,"max_hp_gain":0.0,"max_hp_loss":0.0,"gold_gain":0.0,"event_name":"Golden Wing","player_choice":"Card Removal","floor":3.0,"gold_loss":0.0,"damage_taken":7.0},{"damage_healed":0.0,"max_hp_gain":0.0,"max_hp_loss":0.0,"gold_gain":75.0,"event_name":"World of Goop","player_choice":"Gather Gold","floor":4.0,"gold_loss":0.0,"damage_taken":11.0},{"damage_healed":0,"gold_gain":0,"player_choice":"Traded Relic","damage_taken":0,"relics_obtained":["Nloth\u0027s Gift"],"max_hp_gain":0,"max_hp_loss":0,"event_name":"N\u0027loth","floor":19,"relics_lost":["Pen Nib"],"gold_loss":0}],"is_beta":false,"boss_relics":[{"not_picked":["energizedSpire:RedRose","Astrolabe"],"picked":"energizedSpire:SpiderWeb"}],"items_purged_floors":[5],"is_endless":false,"potions_floor_spawned":[7,10,14,22],"killed_by":"Slavers","ascension_level":1}}