{"host":"htqwg582tjjtn9p7","time":1608454631,"event":{"mods":["2.2 Compatiblity","AchievementEnabler","Act Like it!","Aspiration","BaseMod","Better Third Choice","Colored Map","Conspire","Curses Come First","Displayed Cursed Tome","Energized Spire","Force Act Four","GifTheSpireLib","Hermit","Highlight Path","JesterMod","Mad Scientist","Minty Spire (QoL Compilation)","Pale of the Ancients","Permanent Neow","Random Character Button","Relic Stats","Replay The Spire","Robot Space Explorer","Somnambulant","Spicy Shops","Spikes Relics","StSLib","Stuff the Spire","The Blue Laboratory","The Disciple","The Dragon Tamer","The Forsaken","The Gatherer","The Judge","The Jungle","The Runesmith","The Servant 0.9.4"],"gold_per_floor":[109,126,308,28,43,43,70,70,70,95,95,95,110,10,10,82,82,94,107,107,40,58,58,73,73,127,127,145,145,170,185,185,185,185],"floor_reached":33,"playtime":1338,"items_purged":["Pain","Decay"],"score":481,"play_id":"5d497140-5d76-452a-8b37-e85f170684d0","local_time":"20201220095711","is_ascension_mode":true,"campfire_choices":[{"data":"Armaments","floor":6,"key":"SMITH"},{"data":"Demon Form","floor":8,"key":"SMITH"},{"floor":15,"key":"REST"},{"data":"Dark Embrace","floor":23,"key":"SMITH"},{"floor":25,"key":"REST"},{"floor":27,"key":"REST"},{"floor":32,"key":"REST"}],"circlet_count":0,"master_deck":["AscendersBane","Strike_R","Defend_R","Defend_R","Defend_R","Defend_R","Bash","Clothesline","Dropkick","StuffTheSpire:Slingshot","Demon Form+1","Armaments+1","Anger","StuffTheSpire:Injection","Endless Agony","Heel Hook","Impervious","ReplayTheSpireMod:Limb From Limb+1","Spreading Infection","Cleave","Feel No Pain","Dark Embrace+1","Seeing Red","True Grit","Replay:Many Hands"],"relics":["Burning Blood","conspire:Boomerang","CherryCoatedStake","Happy Flower","energizedSpire:NeverEndingSparkler","StuffTheSpire:Mouthbags","StuffTheSpire:Barrel","StuffTheSpire:Expresso"],"acts_visited":["Exordium","TheCity"],"potions_floor_usage":[7,16],"damage_taken":[{"damage":10,"enemies":"Small Slimes","floor":1,"turns":6},{"damage":4,"enemies":"Jaw Worm","floor":2,"turns":4},{"damage":1,"enemies":"Cultist","floor":5,"turns":3},{"damage":25,"enemies":"3 Sentries","floor":7,"turns":6},{"damage":22,"enemies":"Lagavulin","floor":10,"turns":7},{"damage":32,"enemies":"3 Louse","floor":13,"turns":4},{"damage":21,"enemies":"Fading Forest","floor":16,"turns":11},{"damage":13,"enemies":"Chosen","floor":18,"turns":3},{"damage":13,"enemies":"Spheric Guardian","floor":19,"turns":4},{"damage":0,"enemies":"Centurion and Healer","floor":22,"turns":5},{"damage":52,"enemies":"Snake Plant","floor":24,"turns":6},{"damage":12,"enemies":"3 Cultists","floor":28,"turns":5},{"damage":43,"enemies":"Gremlin Leader","floor":30,"turns":8},{"damage":29,"enemies":"Shelled Parasite and Fungi","floor":31,"turns":5},{"damage":91,"enemies":"Collector","floor":33,"turns":7}],"seed_played":"884359344047605092","potions_obtained":[{"floor":1,"key":"CultistPotion"},{"floor":5,"key":"blueLaboratory:BubblePotion"},{"floor":10,"key":"blueLaboratory:AbyssPotion"},{"floor":18,"key":"Strength Potion"},{"floor":28,"key":"blueLaboratory:EnragingPotion"}],"is_trial":false,"path_per_floor":["M","M","?","$","M","R","E","R","T","E","?","?","M","$","R","B",null,"M","M","?","$","M","R","M","R","T","R","M","?","E","M","R","B"],"character_chosen":"IRONCLAD","items_purchased":["Demon Form","Feel No Pain"],"campfire_rested":4,"item_purchase_floors":[4,21],"current_hp_per_floor":[71,73,73,73,78,78,59,59,59,43,43,43,21,21,45,82,82,75,68,68,68,76,76,30,54,54,78,79,79,62,42,66,0,0],"gold":185,"neow_bonus":"TEN_PERCENT_HP_BONUS","is_daily":false,"chose_seed":false,"campfire_upgraded":3,"win_rate":0.0,"timestamp":1608454631,"path_taken":["M","M","?","$","M","R","E","R","T","E","?","?","?","$","R","BOSS","M","M","?","$","M","R","?","R","T","R","M","?","E","M","R","BOSS"],"items_purchased_type":["Card","Card"],"build_version":"2020-12-13","purchased_purges":2,"victory":false,"max_hp_per_floor":[82,82,82,82,82,82,82,82,82,82,82,82,82,82,82,82,82,82,82,82,82,82,82,82,82,82,82,82,82,82,82,82,82,82],"relic_stats":{"Happy Flower":[19],"counters":[15,84],"obtain_stats":[{"StuffTheSpire:Barrel":26,"CherryCoatedStake":9,"Happy Flower":10,"StuffTheSpire:Mouthbags":20,"energizedSpire:NeverEndingSparkler":17,"StuffTheSpire:Expresso":30,"conspire:Boomerang":7,"Burning Blood":0},{"StuffTheSpire:Barrel":11,"CherryCoatedStake":4,"Happy Flower":5,"StuffTheSpire:Mouthbags":9,"energizedSpire:NeverEndingSparkler":7,"StuffTheSpire:Expresso":13,"conspire:Boomerang":4,"Burning Blood":0},{"StuffTheSpire:Barrel":59,"CherryCoatedStake":19,"Happy Flower":26,"StuffTheSpire:Mouthbags":48,"energizedSpire:NeverEndingSparkler":41,"StuffTheSpire:Expresso":72,"conspire:Boomerang":19,"Burning Blood":0}],"Burning Blood":78},"card_choices":[{"not_picked":["Second Wind","Pommel Strike"],"picked":"Clothesline","floor":1},{"not_picked":["Cleave","ReplayReversal"],"picked":"Dropkick","floor":2},{"not_picked":["Reckless Charge","Warcry"],"picked":"StuffTheSpire:Slingshot","floor":3},{"not_picked":["StuffTheSpire:Slingshot","Clothesline"],"picked":"Armaments","floor":5},{"not_picked":["Intimidate","Pommel Strike"],"picked":"Cleave","floor":7},{"not_picked":["Body Slam","Blood for Blood"],"picked":"Anger","floor":10},{"not_picked":["Massacre","Whirlwind","Warcry"],"picked":"SKIP","floor":13},{"not_picked":["Double Tap","Limit Break"],"picked":"Impervious","floor":16},{"not_picked":["ReplayTheSpireMod:Corrosion Curse+1","Cleave"],"picked":"ReplayTheSpireMod:Limb From Limb+1","floor":18},{"not_picked":["Perfected Strike+1","StuffTheSpire:Incineration","Havoc"],"picked":"SKIP","floor":19},{"not_picked":["Flame Barrier","conspire:ExplosiveBarrier"],"picked":"Dark Embrace","floor":22},{"not_picked":["Whirlwind","Defy Death"],"picked":"Seeing Red","floor":24},{"not_picked":["Replay:Many Hands","Replay:Undeath\u0027s Touch"],"picked":"True Grit","floor":28},{"not_picked":["Rage+1","Searing Blow","Iron Wave"],"picked":"SKIP","floor":30},{"not_picked":["Flex+1","StuffTheSpire:RockThrow","Run Through"],"picked":"SKIP","floor":31}],"player_experience":1716493,"relics_obtained":[{"floor":7,"key":"conspire:Boomerang"},{"floor":9,"key":"CherryCoatedStake"},{"floor":10,"key":"Happy Flower"},{"floor":26,"key":"StuffTheSpire:Barrel"},{"floor":30,"key":"StuffTheSpire:Expresso"}],"event_choices":[{"damage_healed":0,"gold_gain":0,"player_choice":"Cursed","damage_taken":0,"max_hp_gain":0,"max_hp_loss":0,"event_name":"Wheel of Change","floor":12,"gold_loss":0,"cards_obtained":["Decay"]},{"damage_healed":0,"gold_gain":0,"cards_transformed":["Strike_R"],"player_choice":"Transformed","damage_taken":0,"max_hp_gain":0,"max_hp_loss":0,"event_name":"Transmorgrifier","floor":29,"gold_loss":0,"cards_obtained":["Replay:Many Hands"]}],"is_beta":false,"boss_relics":[{"not_picked":["Cursed Key","Tiny House"],"picked":"energizedSpire:NeverEndingSparkler"}],"items_purged_floors":[4,14],"is_endless":false,"potions_floor_spawned":[1,5,10,18,28,30,31],"killed_by":"Collector","ascension_level":15}}