{"host":"hgkb2zpbo2dcws21","time":1608447389,"event":{"mods":["AchievementEnabler","BaseMod","Colored Map","Colored Powertips","Custom Start","DeckTracker","KOR Keyword Fix","Minty Spire (QoL Compilation)","StSLib","SuperFastMode"],"gold_per_floor":[117,134,46,46,66,66,101,101,101,101,101,101,121,133,133,133,133],"floor_reached":16,"playtime":213,"items_purged":[],"score":190,"play_id":"a2cb14a5-1e70-4f5b-9ccd-0a316ced9b41","local_time":"20201220155629","is_ascension_mode":true,"campfire_choices":[{"data":"Cloak And Dagger","floor":6,"key":"SMITH"},{"floor":8,"key":"REST"},{"floor":11,"key":"REST"},{"data":"Calculated Gamble","floor":15,"key":"SMITH"}],"circlet_count":0,"master_deck":["AscendersBane","Strike_G","Strike_G","Strike_G","Strike_G","Strike_G","Defend_G+1","Defend_G","Defend_G+1","Defend_G","Defend_G","Survivor","Neutralize","Cloak And Dagger+1","Terror","Accuracy","Tactician","Leg Sweep","Die Die Die","Calculated Gamble+1"],"relics":["Ring of the Snake","NeowsBlessing","Blue Candle","Akabeko","Happy Flower"],"acts_visited":["Exordium"],"potions_floor_usage":[16],"damage_taken":[{"damage":0,"enemies":"Cultist","floor":1,"turns":1},{"damage":0,"enemies":"Small Slimes","floor":2,"turns":1},{"damage":0,"enemies":"Jaw Worm","floor":5,"turns":1},{"damage":50,"enemies":"Lagavulin","floor":7,"turns":8},{"damage":6,"enemies":"Exordium Thugs","floor":13,"turns":5},{"damage":1,"enemies":"Blue Slaver","floor":14,"turns":3},{"damage":31,"enemies":"Slime Boss","floor":16,"turns":6}],"seed_played":"78336475477758776","potions_obtained":[{"floor":13,"key":"Block Potion"}],"is_trial":false,"path_per_floor":["M","M","$","T","M","R","E","R","T","?","R","?","M","M","R","B"],"character_chosen":"THE_SILENT","items_purchased":["Accuracy"],"campfire_rested":2,"item_purchase_floors":[3],"current_hp_per_floor":[59,59,59,59,59,59,9,28,28,8,27,27,21,20,20,0,0],"gold":133,"neow_bonus":"THREE_ENEMY_KILL","is_daily":false,"chose_seed":false,"campfire_upgraded":2,"win_rate":0.0,"timestamp":1608447389,"path_taken":["M","M","$","?","?","R","E","R","T","?","R","?","M","M","R","BOSS"],"items_purchased_type":["Card"],"build_version":"2020-12-13","purchased_purges":0,"victory":false,"max_hp_per_floor":[66,66,66,66,66,66,66,66,66,66,66,66,66,66,66,66,66],"card_choices":[{"not_picked":["Outmaneuver","Riddle With Holes"],"picked":"Cloak And Dagger","floor":1},{"not_picked":["Slice","Leg Sweep"],"picked":"Terror","floor":2},{"not_picked":["Poisoned Stab","Backflip"],"picked":"Tactician","floor":5},{"not_picked":["Endless Agony","Bouncing Flask"],"picked":"Leg Sweep","floor":7},{"not_picked":["Riddle With Holes","Skewer"],"picked":"Die Die Die","floor":13},{"not_picked":["Acrobatics","Footwork"],"picked":"Calculated Gamble","floor":14}],"player_experience":1091201,"relics_obtained":[{"floor":4,"key":"Blue Candle"},{"floor":7,"key":"Akabeko"},{"floor":9,"key":"Happy Flower"}],"event_choices":[{"damage_healed":0,"gold_gain":0,"player_choice":"Entered Light","damage_taken":20,"max_hp_gain":0,"max_hp_loss":0,"event_name":"Shining Light","floor":10,"gold_loss":0,"cards_upgraded":["Defend_G","Defend_G"]},{"damage_healed":0,"gold_gain":0,"player_choice":"Ignored","damage_taken":0,"max_hp_gain":0,"max_hp_loss":0,"event_name":"Liars Game","floor":12,"gold_loss":0}],"is_beta":false,"boss_relics":[],"items_purged_floors":[],"is_endless":false,"potions_floor_spawned":[13],"killed_by":"Slime Boss","ascension_level":18}}