{"host":"k4e6oxvdzzmkrew5","time":1608440583,"event":{"mods":["AchievementEnabler","BaseMod","BetterRewards","Clawfect","Colored Map","Custom Start","Highlight Path","Minty Spire (QoL Compilation)","Permanent Neow","Remove Card Discount Mod","Replay The Spire","Shop Mod","StSLib","Unceasing Turn Reminder"],"gold_per_floor":[110,110,4809,4820,3678,3678,3739,3739,3739,3789,3003,2104,2104,2154,2154,2250,2250,2268,1264,1276,1326,1376,1402,1420,1420,1420,1420,1470,1540,1573,1584,1584,1687,1687,1707,1036,1055,1105,1255,1255,1269,199,226,294,294,308,327,353,353,353,353,353,1438,1468,1468],"floor_reached":56,"playtime":6333,"items_purged":["Vigilance","Strike_P","Strike_P","Strike_P","Strike_P","Eruption","Defend_P","Defend_P","Strike_R","Defend_P","Defend_P","BattleHymn","Injury","Meditate"],"score":1328,"play_id":"290d2e33-fd41-45da-af70-d26bb4f3be33","local_time":"20201219230303","is_ascension_mode":false,"campfire_choices":[{"data":"Replay:Sssssssssshield","floor":6,"key":"SMITH"},{"floor":8,"key":"RECALL"},{"data":"Chrysalis","floor":13,"key":"SMITH"},{"data":"Blind","floor":15,"key":"SMITH"},{"data":"Devotion","floor":25,"key":"SMITH"},{"data":"BattleHymn","floor":27,"key":"SMITH"},{"data":"Chrysalis","floor":32,"key":"SMITH"},{"data":"Madness","floor":40,"key":"SMITH"},{"data":"Madness","floor":45,"key":"SMITH"},{"data":"Collect","floor":49,"key":"SMITH"},{"data":"Replay:ManipulateFuture","floor":52,"key":"SMITH"}],"circlet_count":0,"master_deck":["Vigilance","Replay:ManipulateFuture+1","Nirvana+1","ThirdEye","JustLucky","Panache","DeceiveReality","BattleHymn+1","ThirdEye","Replay:Sssssssssshield+1","Sadistic Nature","JustLucky","FollowUp","LikeWater+1","EmptyMind","Chrysalis+1","BattleHymn+1","Apotheosis+1","Blind+1","Devotion+1","Nirvana+1","Dramatic Entrance","Chrysalis+1","Collect+1","Replay:Hum+1","InnerPeace","PathToVictory","Replay:ManipulateFuture+1","Protect+1","Replay:LoomingThreat","Prostrate+1","LikeWater","Thinking Ahead","Bandage Up","Madness+1","Madness+1","Replay:Cycle+1","Omniscience+1","Mayhem","Bandage Up","Bandage Up","Fasting2","FlurryOfBlows+1","Nirvana+1","LikeWater+1","MasterReality","Replay:Bootleg Shield Generator+1","Secret Weapon","Prostrate","MentalFortress","Adaptation+1"],"relics":["PureWater","StoneCalendar","SsserpentHead","Unceasing Top","Sling","Dream Catcher","MerchantsRug","Ice Cream","Eternal Feather","Strange Spoon","Blue Doll","Lee\u0027s Waffle","Boot","Bag of Marbles","TheAbacus","Mummified Hand","WingedGreaves","Honey Jar","Replay:Baseball","Bottled Lightning","OrangePellets","MutagenicStrength","Pantograph","Pen Nib","Meat on the Bone","Sozu","Chemical X","Replay:Wax Seal","Art of War","Melange","InkBottle","Peace Pipe","Bronze Scales","PreservedInsect","Replay:Bottled Snecko","Oddly Smooth Stone","Cauldron","Gremlin Food"],"acts_visited":["Exordium","TheCity","TheBeyond","TheEnding"],"potions_floor_usage":[16,16,16,30,47,55,55,55],"damage_taken":[{"damage":3,"enemies":"2 Louse","floor":1,"turns":2},{"damage":1,"enemies":"Cultist","floor":4,"turns":4},{"damage":2,"enemies":"Jaw Worm","floor":7,"turns":3},{"damage":8,"enemies":"The Guardian","floor":16,"turns":6},{"damage":5,"enemies":"2 Thieves","floor":18,"turns":3},{"damage":0,"enemies":"3 Byrds","floor":20,"turns":2},{"damage":3,"enemies":"Slavers","floor":23,"turns":3},{"damage":0,"enemies":"Centurion and Healer","floor":24,"turns":4},{"damage":21,"enemies":"Snake Plant","floor":29,"turns":3},{"damage":0,"enemies":"Book of Stabbing","floor":30,"turns":3},{"damage":0,"enemies":"3 Cultists","floor":31,"turns":2},{"damage":1,"enemies":"Champ","floor":33,"turns":6},{"damage":3,"enemies":"3 Shapes","floor":35,"turns":3},{"damage":0,"enemies":"Orb Walker","floor":37,"turns":3},{"damage":0,"enemies":"Jaw Worm Horde","floor":41,"turns":2},{"damage":0,"enemies":"3 Darklings","floor":44,"turns":2},{"damage":0,"enemies":"Maw","floor":46,"turns":4},{"damage":0,"enemies":"Transient","floor":47,"turns":4},{"damage":0,"enemies":"R_Hoarder","floor":48,"turns":3},{"damage":13,"enemies":"Donu and Deca","floor":50,"turns":4},{"damage":15,"enemies":"Shield and Spear","floor":54,"turns":3},{"damage":8,"enemies":"The Heart","floor":55,"turns":6}],"seed_played":"-968857362086528627","potions_obtained":[{"floor":1,"key":"Explosive Potion"},{"floor":18,"key":"FearPotion"},{"floor":30,"key":"BottledMiracle"},{"floor":31,"key":"Dexterity Potion"}],"is_trial":false,"path_per_floor":["M","?","$","M","$","R","M","R","T","?","$","$","R","?","R","B",null,"M","$","M","?","?","E","M","R","T","R","?","M","E","M","R","B",null,"M","$","M","?","?","R","M","$","T","M","R","M","M","E","R","B",null,"R","$","E","B",null],"character_chosen":"WATCHER","items_purchased":["Unceasing Top","Sling","Dream Catcher","Weak Potion","Explosive Potion","Nirvana+1","ThirdEye","JustLucky","Panache","MerchantsRug","Ice Cream","Eternal Feather","Strange Spoon","BattleHymn","ThirdEye","Replay:Sssssssssshield","Sadistic Nature","JustLucky","Lee\u0027s Waffle","Boot","Bag of Marbles","EntropicBrew","LikeWater+1","EmptyMind","Chrysalis","TheAbacus","Mummified Hand","WingedGreaves","BattleHymn+1","Apotheosis","Blind","Replay:Baseball","Bottled Lightning","OrangePellets","Nirvana+1","Dramatic Entrance","Regen Potion","Dexterity Potion","BottledMiracle","Chrysalis","Chemical X","Replay:Wax Seal","Art of War","LikeWater","Thinking Ahead","Bandage Up","Melange","InkBottle","Peace Pipe","Omniscience+1","Mayhem","Bandage Up","Fasting2","Replay:Bottled Snecko","Replay:Bootleg Shield Generator+1","Oddly Smooth Stone","Cauldron","Secret Weapon","Prostrate","MentalFortress"],"campfire_rested":0,"item_purchase_floors":[3,3,3,3,3,3,3,3,3,3,5,5,5,5,5,5,5,5,11,11,11,11,11,11,11,12,12,12,12,12,12,19,19,19,19,19,19,19,19,19,36,36,36,36,36,36,42,42,42,42,42,42,42,53,53,53,53,53,53,53],"current_hp_per_floor":[69,69,69,68,68,72,70,72,72,72,79,79,79,79,79,71,79,74,74,74,74,74,71,71,79,79,79,79,58,58,58,76,78,79,76,76,79,69,69,79,79,79,79,79,79,79,79,79,79,79,79,79,79,76,79],"gold":1468,"neow_bonus":"ONE_RARE_RELIC","is_daily":false,"chose_seed":false,"campfire_upgraded":10,"win_rate":0.0,"timestamp":1608440583,"path_taken":["M","?","$","M","$","R","?","R","T","?","?","$","R","?","R","BOSS","M","$","M","?","?","E","M","R","T","R","?","?","E","M","R","BOSS","M","$","M","?","?","R","M","$","T","?","R","M","M","E","R","BOSS","R","$","E","BOSS"],"items_purchased_type":["Relic","Relic","Relic","Potion","Potion","Card","Card","Card","Card","Relic","Relic","Relic","Relic","Card","Card","Card","Card","Card","Relic","Relic","Relic","Potion","Card","Card","Card","Relic","Relic","Relic","Card","Card","Card","Relic","Relic","Relic","Card","Card","Potion","Potion","Potion","Card","Relic","Relic","Relic","Card","Card","Card","Relic","Relic","Relic","Card","Card","Card","Card","Relic","Card","Relic","Relic","Card","Card","Card"],"build_version":"2020-12-13","purchased_purges":14,"victory":true,"max_hp_per_floor":[72,72,72,72,72,72,72,72,72,72,79,79,79,79,79,79,79,79,79,79,79,79,79,79,79,79,79,79,79,79,79,79,79,79,79,79,79,79,79,79,79,79,79,79,79,79,79,79,79,79,79,79,79,79,79],"card_choices":[{"not_picked":["Weave","Replay:AtTheReady"],"picked":"Replay:ManipulateFuture","floor":1},{"not_picked":["CutThroughFate","Replay:Vibes"],"picked":"DeceiveReality","floor":4},{"not_picked":["FearNoEvil","Replay:Hum"],"picked":"FollowUp","floor":7},{"not_picked":["Replay:AllIn","LessonLearned"],"picked":"Devotion","floor":16},{"not_picked":["EmptyBody","EmptyFist","Replay:BluntJabs"],"picked":"Meditate","floor":18},{"not_picked":["PathToVictory","CrushJoints+1","Replay:ManipulateFuture+1"],"picked":"Collect","floor":20},{"not_picked":["CrushJoints","Scrawl","BowlingBash"],"picked":"Replay:Hum+1","floor":23},{"not_picked":["WreathOfFlame","Wallop","ForeignInfluence"],"picked":"Crescendo","floor":24},{"not_picked":["EmptyFist+1","Nirvana","CrushJoints"],"picked":"PathToVictory","floor":29},{"not_picked":["ThirdEye","Indignation","FollowUp"],"picked":"Replay:ManipulateFuture+1","floor":30},{"not_picked":["ClearTheMind","FlyingSleeves","WreathOfFlame"],"picked":"Protect+1","floor":31},{"not_picked":["Alpha","DeusExMachina","Ragnarok"],"picked":"Replay:LoomingThreat","floor":33},{"not_picked":["CrushJoints","FollowUp","FlyingSleeves"],"picked":"Prostrate+1","floor":35},{"not_picked":["Crescendo+1","WindmillStrike","FollowUp","FlyingSleeves"],"picked":"SKIP","floor":37},{"not_picked":["SashWhip","MasterReality","ClearTheMind+1"],"picked":"Replay:Cycle+1","floor":41},{"not_picked":["Replay:BluntJabs","Replay:AtTheReady+1","ForeignInfluence"],"picked":"FlurryOfBlows+1","floor":44},{"not_picked":["EmptyBody+1","CarveReality+1","Consecrate"],"picked":"Nirvana+1","floor":46},{"not_picked":["FlurryOfBlows","FollowUp+1","PathToVictory"],"picked":"LikeWater+1","floor":47},{"not_picked":["DeusExMachina","JustLucky","WindmillStrike"],"picked":"MasterReality","floor":48},{"not_picked":["ThirdEye+1","Halt","Vengeance"],"picked":"Adaptation+1","floor":54}],"player_experience":171695,"relics_obtained":[{"floor":9,"key":"Blue Doll"},{"floor":23,"key":"Pen Nib"},{"floor":30,"key":"Meat on the Bone"},{"floor":43,"key":"Bronze Scales"},{"floor":48,"key":"PreservedInsect"},{"floor":54,"key":"Gremlin Food"}],"event_choices":[{"damage_healed":0,"gold_gain":0,"player_choice":"Trade","damage_taken":0,"relics_obtained":["SsserpentHead"],"max_hp_gain":0,"max_hp_loss":0,"event_name":"FaceTrader","floor":2,"gold_loss":0},{"damage_healed":0,"gold_gain":0,"player_choice":"Ignored","damage_taken":0,"max_hp_gain":0,"max_hp_loss":0,"event_name":"Liars Game","floor":10,"gold_loss":0},{"damage_healed":0,"gold_gain":0,"player_choice":"Grow","damage_taken":0,"max_hp_gain":0,"max_hp_loss":0,"event_name":"Living Wall","floor":14,"gold_loss":0,"cards_upgraded":["Apotheosis"]},{"damage_healed":0,"gold_gain":0,"player_choice":"Inject Mutagens","damage_taken":0,"relics_obtained":["MutagenicStrength"],"max_hp_gain":0,"max_hp_loss":0,"event_name":"Drug Dealer","floor":21,"gold_loss":0},{"damage_healed":0,"gold_gain":0,"cards_transformed":["Crescendo"],"player_choice":"Transformed","damage_taken":0,"max_hp_gain":0,"max_hp_loss":0,"event_name":"Transmorgrifier","floor":28,"gold_loss":0,"cards_obtained":["InnerPeace"]},{"damage_healed":0,"gold_gain":0,"player_choice":"Embrace Madness","damage_taken":10,"max_hp_gain":0,"max_hp_loss":0,"event_name":"Winding Halls","floor":38,"gold_loss":0,"cards_obtained":["Madness","Madness"]},{"damage_healed":0,"gold_gain":100,"player_choice":"Pray","damage_taken":0,"max_hp_gain":0,"max_hp_loss":0,"event_name":"Golden Shrine","floor":39,"gold_loss":0}],"is_beta":false,"boss_relics":[{"not_picked":["Abe\u0027s Treasure","Snecko Eye"],"picked":"Honey Jar"},{"not_picked":["Kintsugi","Velvet Choker"],"picked":"Sozu"}],"items_purged_floors":[3,5,5,5,5,5,5,5,11,11,11,12,36,36],"is_endless":false,"potions_floor_spawned":[1,4,18,30,31,35,41,46,47],"ascension_level":0}}