{"host":"3mdjmozz5rahgtdc","time":1608475000,"event":{"mods":["AchievementEnabler","BaseMod","Better Silent Start","Better-Laid Plans","Colored Map","Colored Powertips","Custom Start","DeckTracker","Emptier Cage","KOR Keyword Fix","Keyboard Shortcuts","Minty Spire (QoL Compilation)","Permanent Neow","Quick Restart","StSLib","SuperFastMode"],"gold_per_floor":[116,116,116,188,202,202,245,268,268,268,287,328,328,346,346,477,477,500,514,538,538,562,562,603,603,603,77,115,138,178,178,178],"floor_reached":31,"playtime":749,"items_purged":["Strike_R+1"],"score":427,"play_id":"15b706ce-f2ef-4939-b299-af7639227f26","local_time":"20201220233640","is_ascension_mode":true,"campfire_choices":[{"data":"Demon Form","floor":6.0,"key":"SMITH"},{"data":"Sword Boomerang","floor":10.0,"key":"SMITH"},{"data":"Limit Break","floor":15.0,"key":"SMITH"},{"data":"Evolve","floor":23.0,"key":"SMITH"},{"floor":25.0,"key":"REST"}],"circlet_count":0,"master_deck":["Strike_R+1","Strike_R+1","Strike_R+1","Defend_R+1","Defend_R+1","Defend_R+1","Defend_R+1","Bash","Demon Form+1","Ghostly Armor","Sword Boomerang+1","Twin Strike","Thunderclap","Disarm","Limit Break+1","Immolate","Inflame+1","Evolve+1","True Grit+1","Havoc+1","Shrug It Off","Uppercut+1","Seeing Red+1"],"relics":["Burning Blood","Golden Idol","Singing Bowl","Regal Pillow","Nunchaku","WingedGreaves","Runic Dome","Toy Ornithopter","Matryoshka","Bottled Flame","Sling","Bottled Lightning","Gremlin Horn"],"acts_visited":["Exordium","TheCity"],"potions_floor_usage":[],"damage_taken":[{"damage":7.0,"enemies":"Small Slimes","floor":1.0,"turns":4.0},{"damage":7.0,"enemies":"Jaw Worm","floor":5.0,"turns":5.0},{"damage":28.0,"enemies":"Lagavulin","floor":7.0,"turns":8.0},{"damage":0.0,"enemies":"2 Louse","floor":8.0,"turns":4.0},{"damage":12.0,"enemies":"Looter","floor":11.0,"turns":3.0},{"damage":35.0,"enemies":"3 Sentries","floor":12.0,"turns":6.0},{"damage":12.0,"enemies":"3 Louse","floor":14.0,"turns":4.0},{"damage":10.0,"enemies":"Hexaghost","floor":16.0,"turns":6.0},{"damage":26.0,"enemies":"Shell Parasite","floor":18.0,"turns":4.0},{"damage":1.0,"enemies":"Spheric Guardian","floor":19.0,"turns":3.0},{"damage":11.0,"enemies":"Snecko","floor":20.0,"turns":5.0},{"damage":4.0,"enemies":"Chosen and Byrds","floor":22.0,"turns":4.0},{"damage":40.0,"enemies":"Slavers","floor":24.0,"turns":4.0},{"damage":64.0,"enemies":"Gremlin Leader","floor":28.0,"turns":7.0},{"damage":9.0,"enemies":"3 Cultists","floor":29.0,"turns":4.0},{"damage":31.0,"enemies":"Slavers","floor":30.0,"turns":3.0},{"damage":21,"enemies":"Snecko","floor":31,"turns":5}],"seed_played":"-5501748177757784730","potions_obtained":[{"floor":7.0,"key":"FairyPotion"},{"floor":11.0,"key":"Regen Potion"},{"floor":12.0,"key":"LiquidBronze"},{"floor":20.0,"key":"Regen Potion"},{"floor":28.0,"key":"Explosive Potion"},{"floor":29.0,"key":"Regen Potion"},{"floor":30.0,"key":"AttackPotion"}],"is_trial":false,"path_per_floor":["M","?","?","T","M","R","E","M","T","R","M","E","?","M","R","B",null,"M","M","M","?","M","R","E","R","T","$","E","M","E","M"],"character_chosen":"IRONCLAD","items_purchased":["Shrug It Off","Bottled Flame","Sling"],"campfire_rested":1,"item_purchase_floors":[27,27,27],"current_hp_per_floor":[71,53,53,53,54,54,32,38,38,38,32,17,17,11,11,7,57,37,42,37,37,39,39,16,53,53,53,28,27,17,0,0],"gold":178,"neow_bonus":"THREE_RARE_CARDS","is_daily":false,"chose_seed":false,"campfire_upgraded":4,"win_rate":0.0,"timestamp":1608475000,"path_taken":["M","?","?","?","?","R","E","M","T","R","M","E","?","M","R","BOSS","M","M","M","?","M","R","E","R","T","$","E","M","E","M"],"items_purchased_type":["Card","Relic","Relic"],"build_version":"2020-12-13","purchased_purges":1,"victory":false,"max_hp_per_floor":[72,72,72,72,74,74,74,74,74,74,74,74,74,74,74,74,74,74,74,74,74,74,74,76,76,76,76,76,78,78,78,78],"card_choices":[{"not_picked":["Exhume","Corruption"],"picked":"Demon Form","floor":0.0},{"not_picked":["Headbutt","Perfected Strike"],"picked":"Ghostly Armor","floor":1.0},{"not_picked":["Perfected Strike","Wild Strike","Headbutt"],"picked":"Singing Bowl","floor":5.0},{"not_picked":["Armaments","Heavy Blade"],"picked":"Sword Boomerang","floor":7.0},{"not_picked":["Blood for Blood","Hemokinesis"],"picked":"Twin Strike","floor":8.0},{"not_picked":["Anger","True Grit"],"picked":"Thunderclap","floor":11.0},{"not_picked":["Seeing Red","Shrug It Off"],"picked":"Disarm","floor":12.0},{"not_picked":["Flex","Shrug It Off"],"picked":"Limit Break","floor":14.0},{"not_picked":["Juggernaut","Exhume"],"picked":"Immolate","floor":16.0},{"not_picked":["Body Slam","Ghostly Armor"],"picked":"Inflame+1","floor":18.0},{"not_picked":["Uppercut","Warcry"],"picked":"Evolve","floor":19.0},{"not_picked":["Cleave+1","Dual Wield"],"picked":"True Grit+1","floor":20.0},{"not_picked":["Shockwave","Sentinel"],"picked":"Havoc+1","floor":22.0},{"not_picked":["Headbutt","Havoc","Flex+1"],"picked":"Singing Bowl","floor":24.0},{"not_picked":["Wild Strike","Twin Strike"],"picked":"Uppercut+1","floor":28.0},{"not_picked":["Carnage","Heavy Blade","Perfected Strike"],"picked":"Singing Bowl","floor":29.0},{"not_picked":["Disarm","Fire Breathing"],"picked":"Seeing Red+1","floor":30.0}],"player_experience":313061,"relics_obtained":[{"floor":4.0,"key":"Singing Bowl"},{"floor":7.0,"key":"Regal Pillow"},{"floor":9.0,"key":"Nunchaku"},{"floor":12.0,"key":"WingedGreaves"},{"floor":24.0,"key":"Toy Ornithopter"},{"floor":26.0,"key":"Matryoshka"},{"floor":28.0,"key":"Bottled Lightning"},{"floor":30.0,"key":"Gremlin Horn"}],"event_choices":[{"damage_healed":0.0,"max_hp_gain":0.0,"max_hp_loss":0.0,"gold_gain":0.0,"event_name":"Golden Idol","player_choice":"Take Damage","floor":2.0,"gold_loss":0.0,"damage_taken":18.0,"relics_obtained":["Golden Idol"]},{"cards_removed":["Strike_R"],"damage_healed":0.0,"max_hp_gain":0.0,"max_hp_loss":0.0,"gold_gain":0.0,"event_name":"Living Wall","player_choice":"Forget","floor":3.0,"gold_loss":0.0,"damage_taken":0.0},{"damage_healed":0.0,"max_hp_gain":0.0,"max_hp_loss":0.0,"gold_gain":0.0,"event_name":"Shining Light","player_choice":"Ignored","floor":13.0,"gold_loss":0.0,"damage_taken":0.0},{"damage_healed":0.0,"max_hp_gain":0.0,"max_hp_loss":0.0,"gold_gain":0.0,"event_name":"Back to Basics","player_choice":"Simplicity","floor":21.0,"gold_loss":0.0,"damage_taken":0.0,"cards_upgraded":["Strike_R","Strike_R","Strike_R","Strike_R","Defend_R","Defend_R","Defend_R","Defend_R"]}],"is_beta":false,"boss_relics":[{"not_picked":["SacredBark","Calling Bell"],"picked":"Runic Dome"}],"items_purged_floors":[27],"is_endless":false,"potions_floor_spawned":[7,11,12,20,22,28,29,30],"killed_by":"Snecko","ascension_level":8}}