{"host":"ijaho54sjpvyy1fy","time":1608432915,"event":{"mods":["BaseMod","Colored Map","DeckTracker","Minty Spire (QoL Compilation)","Permanent Neow","Quick Restart","StSLib","The Bug Knight","The Cursed","The Witch"],"gold_per_floor":[114,114,130,130,130,161,161,175,244,244,91,111,134,178,178,304,304,317,317,340,47,62,62,97,97,142,173,198,212,212,228,228,357,420,445,111,166,189,46,77,77,77,147,147,160,160,178,191,191,191,191],"floor_reached":50,"playtime":4709,"items_purged":[],"score":570,"play_id":"ef1f07d3-affd-4328-9dc1-429d24100d25","local_time":"20201219235515","is_ascension_mode":false,"campfire_choices":[{"data":"Rage","floor":7,"key":"SMITH"},{"data":"Pommel Strike","floor":10,"key":"SMITH"},{"data":"Clothesline","floor":15,"key":"SMITH"},{"data":"Shockwave","floor":23,"key":"SMITH"},{"data":"Perfected Strike","floor":30,"key":"SMITH"},{"data":"Bash","floor":32,"key":"SMITH"},{"data":"Inflame","floor":44,"key":"SMITH"},{"data":"Perfected Strike","floor":49,"key":"SMITH"}],"circlet_count":0,"master_deck":["Strike_R","Strike_R","Strike_R","Strike_R+1","Strike_R","Defend_R","Defend_R","Defend_R","Defend_R","Bash+1","Rage+1","Clothesline+1","Perfected Strike+1","Pommel Strike+1","Ghostly Armor","Offering","Shockwave+1","Shrug It Off+1","Shrug It Off","Shrug It Off+1","Perfected Strike+1","Cleave+1","Inflame+1","Inflame+1","Bash","Perfected Strike+1"],"relics":["Burning Blood","Golden Idol","Vajra","InkBottle","Lee\u0027s Waffle","Ancient Tea Set","Anchor","Coffee Dripper","Thread and Needle","Bag of Preparation","Lantern","MealTicket","Tiny House","Pen Nib","Red Skull","Bronze Scales","HandDrill","Juzu Bracelet","Gambling Chip","Bottled Tornado"],"acts_visited":["Exordium","TheCity","TheBeyond"],"potions_floor_usage":[6,27,27,33,33,50,50],"damage_taken":[{"damage":5,"enemies":"Small Slimes","floor":1,"turns":4},{"damage":6,"enemies":"Jaw Worm","floor":3,"turns":4},{"damage":22,"enemies":"3 Sentries","floor":6,"turns":13},{"damage":0,"enemies":"Cultist","floor":8,"turns":3},{"damage":9,"enemies":"Lots of Slimes","floor":12,"turns":5},{"damage":26,"enemies":"Lagavulin","floor":14,"turns":7},{"damage":60,"enemies":"Hexaghost","floor":16,"turns":12},{"damage":6,"enemies":"3 Byrds","floor":18,"turns":5},{"damage":6,"enemies":"Chosen and Byrds","floor":20,"turns":5},{"damage":7,"enemies":"Centurion and Healer","floor":22,"turns":6},{"damage":8,"enemies":"HollowMod:Nosk","floor":24,"turns":6},{"damage":29,"enemies":"Gremlin Leader","floor":27,"turns":6},{"damage":0,"enemies":"3 Cultists","floor":28,"turns":5},{"damage":6,"enemies":"Cultist and Chosen","floor":29,"turns":6},{"damage":0,"enemies":"Snake Plant","floor":31,"turns":2},{"damage":60,"enemies":"Collector","floor":33,"turns":14},{"damage":11,"enemies":"3 Darklings","floor":35,"turns":7},{"damage":5,"enemies":"3 Shapes","floor":38,"turns":4},{"damage":31,"enemies":"Giant Head","floor":40,"turns":8},{"damage":6,"enemies":"Jaw Worm Horde","floor":45,"turns":3},{"damage":6,"enemies":"Maw","floor":47,"turns":5},{"damage":25,"enemies":"Spire Growth","floor":48,"turns":4},{"damage":60,"enemies":"Awakened One","floor":50,"turns":6}],"seed_played":"-8859633958629016156","potions_obtained":[{"floor":1,"key":"HeartOfIron"},{"floor":16,"key":"BloodPotion"},{"floor":20,"key":"CultistPotion"},{"floor":27,"key":"Dexterity Potion"},{"floor":28,"key":"BlessingOfTheForge"},{"floor":31,"key":"Block Potion"},{"floor":34,"key":"Weak Potion"},{"floor":47,"key":"AttackPotion"}],"is_trial":false,"path_per_floor":["M","?","M","?","$","E","R","M","T","R","$","M","T","E","R","B",null,"M","?","M","$","M","R","E","?","T","E","M","M","R","M","R","B",null,"M","$","T","M","$","E","?","?","T","R","M","?","M","M","R","B"],"character_chosen":"IRONCLAD","items_purchased":["Lee\u0027s Waffle","Thread and Needle","Pen Nib","Inflame","Red Skull","HandDrill"],"campfire_rested":0,"item_purchase_floors":[11,21,36,36,36,39],"current_hp_per_floor":[80,80,80,60,60,44,44,50,50,50,87,84,84,64,64,10,87,87,87,87,87,86,86,84,87,87,77,83,83,83,87,87,33,92,87,92,92,92,92,67,67,67,67,67,67,67,67,48,48,0,0],"gold":191,"neow_bonus":"THREE_CARDS","is_daily":false,"chose_seed":false,"campfire_upgraded":8,"win_rate":0.0,"timestamp":1608432915,"path_taken":["M","?","M","?","$","E","R","M","T","R","$","M","?","E","R","BOSS","M","?","M","$","M","R","E","?","T","E","M","M","R","M","R","BOSS","M","$","?","?","$","E","?","?","T","R","M","?","M","M","R","BOSS"],"items_purchased_type":["Relic","Relic","Relic","Card","Relic","Relic"],"build_version":"2020-12-13","purchased_purges":0,"victory":false,"max_hp_per_floor":[80,80,80,80,80,80,80,80,80,80,87,87,87,87,87,87,87,87,87,87,87,87,87,87,87,87,87,87,87,87,87,87,87,92,92,92,92,92,92,92,92,92,92,92,92,92,92,92,92,92,92],"card_choices":[{"not_picked":["Inflame","Twin Strike"],"picked":"Rage","floor":0},{"not_picked":["Blood for Blood","Infernal Blade","Armaments"],"picked":"SKIP","floor":1},{"not_picked":["Perfected Strike","Intimidate"],"picked":"Clothesline","floor":3},{"not_picked":["Burning Pact","Whirlwind"],"picked":"Perfected Strike","floor":6},{"not_picked":["Warcry","Anger"],"picked":"Pommel Strike","floor":8},{"not_picked":["Pummel","Thunderclap","Flame Barrier"],"picked":"SKIP","floor":12},{"not_picked":["Berserk","Disarm"],"picked":"Ghostly Armor","floor":14},{"not_picked":["Barricade","Berserk"],"picked":"Offering","floor":16},{"not_picked":["Flex","Rupture"],"picked":"Shockwave","floor":18},{"not_picked":["Anger","Sword Boomerang+1","Blood for Blood"],"picked":"SKIP","floor":20},{"not_picked":["Iron Wave","Impervious"],"picked":"Shrug It Off+1","floor":22},{"not_picked":["Clothesline","Uppercut+1"],"picked":"Bloodletting","floor":24},{"not_picked":["Sword Boomerang","Twin Strike","Thunderclap"],"picked":"SKIP","floor":27},{"not_picked":["Clothesline","Headbutt"],"picked":"Shrug It Off","floor":28},{"not_picked":["Body Slam+1","Infernal Blade","Blood for Blood"],"picked":"SKIP","floor":29},{"not_picked":["Sword Boomerang","Fiend Fire"],"picked":"Shrug It Off+1","floor":31},{"not_picked":["Second Wind","Power Through"],"picked":"Perfected Strike","floor":34},{"not_picked":["Warcry+1","Intimidate"],"picked":"Cleave+1","floor":35},{"not_picked":["Clash","Reckless Charge+1"],"picked":"Inflame+1","floor":38},{"not_picked":["Anger+1","Armaments","Uppercut"],"picked":"SKIP","floor":40},{"not_picked":["Clothesline","Dark Embrace+1","Twin Strike+1"],"picked":"SKIP","floor":45},{"not_picked":["Body Slam","Cleave","Headbutt+1"],"picked":"SKIP","floor":47},{"not_picked":["Juggernaut","Burning Pact+1"],"picked":"Perfected Strike+1","floor":48}],"player_experience":11285,"relics_obtained":[{"floor":6,"key":"Vajra"},{"floor":9,"key":"InkBottle"},{"floor":13,"key":"Ancient Tea Set"},{"floor":14,"key":"Anchor"},{"floor":24,"key":"Bag of Preparation"},{"floor":26,"key":"Lantern"},{"floor":27,"key":"MealTicket"},{"floor":37,"key":"Bronze Scales"},{"floor":40,"key":"Juzu Bracelet"},{"floor":43,"key":"Bottled Tornado"}],"event_choices":[{"damage_healed":0,"gold_gain":0,"player_choice":"Leave","damage_taken":0,"max_hp_gain":0,"max_hp_loss":0,"event_name":"The Cleric","floor":2,"gold_loss":0},{"damage_healed":0,"gold_gain":0,"player_choice":"Take Damage","damage_taken":20,"relics_obtained":["Golden Idol"],"max_hp_gain":0,"max_hp_loss":0,"event_name":"Golden Idol","floor":4,"gold_loss":0},{"damage_healed":0,"gold_gain":0,"player_choice":"Ignored","damage_taken":0,"max_hp_gain":0,"max_hp_loss":0,"event_name":"Vampires","floor":19,"gold_loss":0},{"cards_removed":["Bloodletting"],"damage_healed":3,"gold_gain":0,"player_choice":"Offered Uncommon","damage_taken":0,"max_hp_gain":0,"max_hp_loss":0,"event_name":"Bonfire Elementals","floor":25,"gold_loss":0},{"damage_healed":0,"gold_gain":0,"player_choice":"Ignored","damage_taken":0,"max_hp_gain":0,"max_hp_loss":0,"event_name":"Tomb of Lord Red Mask","floor":41,"gold_loss":0},{"damage_healed":0,"gold_gain":0,"player_choice":"Gave Potion","damage_taken":0,"relics_obtained":["Gambling Chip"],"max_hp_gain":0,"max_hp_loss":0,"event_name":"WeMeetAgain","floor":42,"gold_loss":0},{"damage_healed":0,"gold_gain":0,"player_choice":"1 cards matched","damage_taken":0,"max_hp_gain":0,"max_hp_loss":0,"event_name":"Match and Keep!","floor":46,"gold_loss":0,"cards_obtained":["Bash"]},{"damage_healed":0,"gold_gain":0,"player_choice":"1 cards matched","damage_taken":0,"max_hp_gain":0,"max_hp_loss":0,"event_name":"Match and Keep!","floor":46,"gold_loss":0,"cards_obtained":["Bash"]}],"is_beta":false,"boss_relics":[{"not_picked":["Runic Cube","Mark of Pain"],"picked":"Coffee Dripper"},{"not_picked":["Snecko Eye","Empty Cage"],"picked":"Tiny House"}],"items_purged_floors":[],"is_endless":false,"potions_floor_spawned":[1,16,20,27,28,31,47],"killed_by":"Awakened One","ascension_level":0}}