{"host":"thn8o1tmql8xszd5","time":1608438101,"event":{"mods":["AchievementEnabler","BaseMod","Block Reminder","Colored Map","DeckTracker","Highlight Path","Minty Spire (QoL Compilation)","Permanent Neow","Quick Restart","Relic Stats","Robot Space Explorer","StSLib","The Blue Laboratory"],"gold_per_floor":[116,14,28,47,58,58,87,87,168,168,68,68,102,113,113,210,210,224,139,139,139,158,158,158],"floor_reached":23,"playtime":1871,"items_purged":["Defend_R","Strike_R"],"score":286,"play_id":"c49164f0-8195-4e4e-bc65-ba337c7b05b9","local_time":"20201219232141","is_ascension_mode":true,"campfire_choices":[{"data":"Shockwave","floor":6,"key":"SMITH"},{"floor":8,"key":"REST"},{"data":"Cleave","floor":15,"key":"SMITH"}],"circlet_count":0,"master_deck":["Defend_R","Defend_R","Defend_R","Bash","Armaments","Shrug It Off","Shockwave+1","Twin Strike","Reckless Charge","Seeing Red","Corruption","Cleave+1","Perfected Strike","Impervious","Burning Pact+1","Bite","Bite","Bite","Bite","Bite"],"relics":["Runic Cube","StoneCalendar","HornCleat","Orichalcum","SacredBark","Oddly Smooth Stone"],"acts_visited":["Exordium","TheCity"],"potions_floor_usage":[7,13,16,18,21],"damage_taken":[{"damage":1,"enemies":"Cultist","floor":1,"turns":3},{"damage":0,"enemies":"Small Slimes","floor":3,"turns":4},{"damage":1,"enemies":"Jaw Worm","floor":4,"turns":5},{"damage":3,"enemies":"2 Fungi Beasts","floor":5,"turns":4},{"damage":24,"enemies":"Lagavulin","floor":7,"turns":9},{"damage":13,"enemies":"Gremlin Nob","floor":13,"turns":6},{"damage":3,"enemies":"Blue Slaver","floor":14,"turns":4},{"damage":37,"enemies":"The Guardian","floor":16,"turns":9},{"damage":6,"enemies":"Chosen","floor":18,"turns":3},{"damage":0,"enemies":"Spheric Guardian","floor":21,"turns":3},{"damage":25,"enemies":"Shelled Parasite and Fungi","floor":22,"turns":7},{"damage":71,"enemies":"Gremlin Leader","floor":23,"turns":8}],"seed_played":"-7457621647265535666","potions_obtained":[{"floor":1,"key":"blueLaboratory:TrueEctoplasm"},{"floor":3,"key":"SmokeBomb"},{"floor":5,"key":"SneckoOil"},{"floor":7,"key":"blueLaboratory:LouseDecoction"},{"floor":16,"key":"AttackPotion"}],"is_trial":false,"path_per_floor":["M","$","M","M","M","R","E","R","T","?","$","?","E","M","R","B",null,"M","?","?","M","M","E"],"character_chosen":"IRONCLAD","items_purchased":["Shrug It Off"],"campfire_rested":1,"item_purchase_floors":[2],"current_hp_per_floor":[71,71,71,70,67,67,43,67,67,60,60,60,47,44,44,7,62,56,56,56,56,45,0,0],"gold":158,"neow_bonus":"BOSS_RELIC","is_daily":false,"chose_seed":false,"campfire_upgraded":2,"win_rate":0.0,"timestamp":1608438101,"path_taken":["M","?","?","M","M","R","E","R","T","?","$","?","E","M","R","BOSS","M","?","?","M","M","E"],"items_purchased_type":["Card"],"build_version":"2020-12-13","purchased_purges":2,"victory":false,"max_hp_per_floor":[80,80,80,80,80,80,80,80,80,80,80,80,80,80,80,80,80,80,80,56,56,56,56,56],"relic_stats":{"counters":[12,65],"StoneCalendar":[119],"Orichalcum":[84],"obtain_stats":[{"HornCleat":9,"SacredBark":17,"Oddly Smooth Stone":19,"StoneCalendar":7,"Orichalcum":13,"Burning Blood":0,"Runic Cube":0},{"HornCleat":5,"SacredBark":8,"Oddly Smooth Stone":9,"StoneCalendar":5,"Orichalcum":6,"Burning Blood":0,"Runic Cube":0},{"HornCleat":25,"SacredBark":44,"Oddly Smooth Stone":47,"StoneCalendar":25,"Orichalcum":31,"Burning Blood":0,"Runic Cube":0}],"Runic Cube":[30]},"card_choices":[{"not_picked":["Infernal Blade","Heavy Blade"],"picked":"Armaments","floor":1},{"not_picked":["Rage","Shrug It Off"],"picked":"Shockwave","floor":3},{"not_picked":["Seeing Red","Reckless Charge"],"picked":"Twin Strike","floor":4},{"not_picked":["Body Slam","Searing Blow"],"picked":"Reckless Charge","floor":5},{"not_picked":["Anger","Clash"],"picked":"Seeing Red","floor":7},{"not_picked":["Anger","Wild Strike"],"picked":"Cleave","floor":13},{"not_picked":["Warcry","Wild Strike"],"picked":"Perfected Strike","floor":14},{"not_picked":["Exhume","Limit Break"],"picked":"Impervious","floor":16},{"not_picked":["Ghostly Armor","Pummel+1"],"picked":"Burning Pact+1","floor":18},{"not_picked":["Iron Wave","Battle Trance","Infernal Blade"],"picked":"SKIP","floor":22}],"player_experience":499377,"relics_obtained":[{"floor":7,"key":"StoneCalendar"},{"floor":9,"key":"HornCleat"},{"floor":13,"key":"Orichalcum"}],"event_choices":[{"cards_removed":["Strike_R"],"damage_healed":0,"gold_gain":0,"player_choice":"Card Removal","damage_taken":7,"max_hp_gain":0,"max_hp_loss":0,"event_name":"Golden Wing","floor":10,"gold_loss":0},{"damage_healed":0,"gold_gain":0,"cards_transformed":["Strike_R"],"player_choice":"Transformed","damage_taken":0,"max_hp_gain":0,"max_hp_loss":0,"event_name":"Transmorgrifier","floor":12,"gold_loss":0,"cards_obtained":["Corruption"]},{"damage_healed":0,"gold_gain":0,"player_choice":"Obtained Relic","damage_taken":0,"relics_obtained":["Oddly Smooth Stone"],"max_hp_gain":0,"max_hp_loss":0,"event_name":"Addict","floor":19,"gold_loss":85},{"damage_healed":0,"gold_gain":0,"player_choice":"Became a vampire","damage_taken":0,"max_hp_gain":0,"max_hp_loss":24,"event_name":"Vampires","floor":20,"gold_loss":0,"cards_obtained":["Bite","Bite","Bite","Bite","Bite"]}],"is_beta":false,"boss_relics":[{"not_picked":["Empty Cage","Sozu"],"picked":"SacredBark"}],"items_purged_floors":[2,11],"is_endless":false,"potions_floor_spawned":[1,3,5,7,16,21],"killed_by":"Gremlin Leader","ascension_level":6}}