{"host":"8l1xuphorofpdxlv","time":1608474221,"event":{"mods":["AchievementEnabler","BaseMod","DeckTracker","Minty Spire (QoL Compilation)","Quick Restart","SuperFastMode"],"gold_per_floor":[111,131,206,224,234,234,245,23,23,53,53,69,69,18,18,18,18],"floor_reached":16,"playtime":539,"items_purged":[],"score":106,"play_id":"aaec9b7a-52e0-416f-b767-cee61dccff36","local_time":"20201220232341","is_ascension_mode":true,"campfire_choices":[{"data":"Prepared","floor":6,"key":"SMITH"},{"data":"Poisoned Stab","floor":11,"key":"SMITH"},{"data":"Well Laid Plans","floor":15,"key":"SMITH"}],"circlet_count":0,"master_deck":["Strike_G","Strike_G","Strike_G","Defend_G","Defend_G","Defend_G","Defend_G","Defend_G","Survivor","Neutralize","Prepared+1","Catalyst","Poisoned Stab+1","Well Laid Plans+1","Dagger Spray","Corpse Explosion","Backflip","Crippling Poison","Catalyst","Deadly Poison"],"relics":["Ring of the Snake","Orrery","Ninja Scroll","Shuriken"],"acts_visited":["Exordium"],"potions_floor_usage":[16,16],"damage_taken":[{"damage":3,"enemies":"Jaw Worm","floor":1,"turns":7},{"damage":0,"enemies":"Small Slimes","floor":2,"turns":5},{"damage":4,"enemies":"2 Louse","floor":4,"turns":3},{"damage":1,"enemies":"Looter","floor":5,"turns":4},{"damage":12,"enemies":"Large Slime","floor":7,"turns":11},{"damage":0,"enemies":"Lots of Slimes","floor":12,"turns":1},{"damage":34,"enemies":"Slime Boss","floor":16,"turns":6}],"seed_played":"3705421876555706628","potions_obtained":[{"floor":2,"key":"GamblersBrew"},{"floor":12,"key":"Explosive Potion"}],"is_trial":false,"path_per_floor":["M","M","?","M","M","R","M","$","T","?","R","M","T","$","R","B"],"character_chosen":"THE_SILENT","items_purchased":["Orrery","Catalyst","Deadly Poison"],"campfire_rested":0,"item_purchase_floors":[8,8,14],"current_hp_per_floor":[60,60,49,45,44,44,32,32,32,32,32,32,32,32,32,0,0],"gold":18,"neow_bonus":"REMOVE_TWO","is_daily":false,"chose_seed":false,"campfire_upgraded":3,"win_rate":0.0,"timestamp":1608474221,"path_taken":["M","M","?","M","M","R","M","$","T","?","R","M","?","?","R","BOSS"],"items_purchased_type":["Relic","Card","Card"],"build_version":"2020-12-13","purchased_purges":0,"victory":false,"max_hp_per_floor":[63,63,63,63,63,63,63,63,63,63,63,63,63,63,63,63,63],"card_choices":[{"not_picked":["Sucker Punch","Cloak And Dagger"],"picked":"Prepared","floor":1},{"not_picked":["Footwork","Cloak And Dagger"],"picked":"Catalyst","floor":2},{"not_picked":["Quick Slash","Setup"],"picked":"Poisoned Stab","floor":4},{"not_picked":["Sucker Punch","Deflect"],"picked":"Well Laid Plans","floor":5},{"not_picked":["Choke","Eviscerate"],"picked":"Dagger Spray","floor":7},{"not_picked":["Cloak And Dagger","Dodge and Roll"],"picked":"Corpse Explosion","floor":8},{"not_picked":["Underhanded Strike","Sucker Punch"],"picked":"Backflip","floor":8},{"not_picked":["Slice","Flechettes"],"picked":"Crippling Poison","floor":8},{"not_picked":["Choke","Heel Hook","Setup"],"picked":"SKIP","floor":12}],"player_experience":73327,"relics_obtained":[{"floor":9,"key":"Ninja Scroll"},{"floor":13,"key":"Shuriken"}],"event_choices":[{"damage_healed":0,"gold_gain":75,"player_choice":"Gather Gold","damage_taken":11,"max_hp_gain":0,"max_hp_loss":0,"event_name":"World of Goop","floor":3,"gold_loss":0},{"damage_healed":0,"gold_gain":30,"player_choice":"Searched \u00272\u0027 times","damage_taken":0,"max_hp_gain":0,"max_hp_loss":0,"event_name":"Dead Adventurer","floor":10,"gold_loss":0}],"is_beta":false,"boss_relics":[],"items_purged_floors":[],"is_endless":false,"potions_floor_spawned":[2,12],"killed_by":"Slime Boss","ascension_level":3}}