{"host":"o3b7ow6d1xe49css","time":1608464283,"event":{"mods":["Act Like it!","Aspiration","BaseMod","Bestiary","Better Altar","Better Match","Better Note","Better Sensory Stone","Better Skull","Better Third Choice","Colored Powertips","Conspire","Energized Spire","Force Act Four","GifTheSpireLib","Halation","Hermit","Hubris","Infinite Spire","Lobotomy","Minty Spire (QoL Compilation)","Quick Restart","Replay The Spire","Spicy Shops","Spikes Relics","StSLib","Stuff the Spire","The Blue Laboratory","Wandering Minibosses","vexMod"],"gold_per_floor":[119,130,146,146,158,192,192,192],"floor_reached":7,"playtime":505,"items_purged":[],"score":66,"play_id":"21e4e00c-e70e-49e1-8889-4299880153c8","local_time":"20201220023803","daily_mods":["Heirloom","Flight"],"is_ascension_mode":true,"campfire_choices":[],"circlet_count":0,"master_deck":["Strike_R","Strike_R","Strike_R","Strike_R","Strike_R","Defend_R","Defend_R","Defend_R","Defend_R","Bash","UniverseFragment","Hemokinesis","OSAHOGD","BarbarianYell","CherryBlossoms","Thunderclap","StuffTheSpire:CuriosityCurse","ShyLook","conspire:HitWhereItHurts","PunishingBird"],"relics":["Burning Blood","Ring of Chaos","hubris:Teleporter","CogitoBucket","Du-Vu Doll","Darkstone Periapt","Pen Nib"],"acts_visited":["Exordium"],"potions_floor_usage":[6,7],"damage_taken":[{"damage":6,"enemies":"Cultist","floor":1,"turns":3},{"damage":2,"enemies":"Small Slimes","floor":2,"turns":2},{"damage":9,"enemies":"Jaw Worm","floor":3,"turns":3},{"damage":8,"enemies":"3 Louse","floor":5,"turns":4},{"damage":20,"enemies":"3 Sentries","floor":6,"turns":8},{"damage":109,"enemies":"Lagavulin","floor":7,"turns":4}],"seed_played":"-9194702291595360192","potions_obtained":[{"floor":5,"key":"Fire Potion"},{"floor":6,"key":"BlessingOfTheForge"}],"is_trial":true,"path_per_floor":["M","M","M","?","M","E","E"],"character_chosen":"IRONCLAD","items_purchased":[],"campfire_rested":0,"item_purchase_floors":[],"current_hp_per_floor":[80,80,77,83,81,67,0,0],"gold":192,"neow_bonus":"","is_daily":false,"chose_seed":false,"campfire_upgraded":0,"win_rate":0.0,"timestamp":1608464283,"path_taken":["M","M","M","?","M","E","E"],"items_purchased_type":[],"build_version":"2020-12-13","purchased_purges":0,"victory":false,"max_hp_per_floor":[80,80,80,86,86,86,86,86],"card_choices":[{"not_picked":["SpiderBud","GalaxyChild"],"picked":"UniverseFragment","floor":1},{"not_picked":["BarbarianYell","True Grit"],"picked":"Hemokinesis","floor":1},{"not_picked":["Variant","LongBird"],"picked":"OSAHOGD","floor":2},{"not_picked":["Havoc","Anger"],"picked":"BarbarianYell","floor":2},{"not_picked":["BigBird","PunishingBird"],"picked":"CherryBlossoms","floor":3},{"not_picked":["Rage","StuffTheSpire:Resist"],"picked":"Thunderclap","floor":3},{"not_picked":["CrumblingArmor","LaLuna"],"picked":"ShyLook","floor":5},{"not_picked":["Burning Pact","StuffTheSpire:Slingshot"],"picked":"conspire:HitWhereItHurts","floor":5},{"not_picked":["Murderer","DreamingCurrent"],"picked":"PunishingBird","floor":6},{"not_picked":["Clash","Rampage","Clothesline"],"picked":"SKIP","floor":6},{"not_picked":["Clash","Rampage","Clothesline"],"picked":"SKIP","floor":6}],"player_experience":1768503,"relics_obtained":[{"floor":6,"key":"Pen Nib"}],"event_choices":[],"is_beta":false,"boss_relics":[],"items_purged_floors":[],"is_endless":false,"potions_floor_spawned":[5,6],"killed_by":"Lagavulin","ascension_level":5}}