{"host":"4akf6f7tvzk9vus6","time":1608452730,"event":{"mods":["BaseMod","Downfall","Minty Spire (QoL Compilation)","StSLib"],"gold_per_floor":[110,35,49,14,14,14,26,36,89,120,120,120,120,139,139,139,139],"floor_reached":16,"playtime":1143,"items_purged":["Defend_G"],"score":115,"play_id":"41a6306a-c593-4d3c-8c15-9fc6bf2c2b66","local_time":"20201220022530","is_ascension_mode":true,"campfire_choices":[{"data":"Escape Plan","floor":6,"key":"SMITH"},{"data":"Backflip","floor":11,"key":"SMITH"},{"floor":13,"key":"REST"},{"data":"Footwork","floor":15,"key":"SMITH"}],"circlet_count":0,"master_deck":["Strike_G","Strike_G","Strike_G","Strike_G","Strike_G","Defend_G","Defend_G","Defend_G","Defend_G","Survivor","Neutralize","Escape Plan+1","Dagger Spray","expansioncontent:BronzeBeam","Neutralize","Backflip+1","Acrobatics","Footwork+1","Catalyst"],"relics":["Black Star","PreservedInsect","Smiling Mask","Tingsha","Dream Catcher"],"acts_visited":["Exordium"],"potions_floor_usage":[10,16,16],"damage_taken":[{"damage":16,"enemies":"Jaw Worm","floor":1,"turns":6},{"damage":3,"enemies":"Small Slimes","floor":3,"turns":4},{"damage":0,"enemies":"Cultist","floor":7,"turns":3},{"damage":11,"enemies":"Exordium Wildlife","floor":8,"turns":4},{"damage":17,"enemies":"Lagavulin","floor":10,"turns":5},{"damage":6,"enemies":"Looter","floor":14,"turns":3},{"damage":27,"enemies":"Slime Boss","floor":16,"turns":11}],"seed_played":"-7105991534786027451","potions_obtained":[{"floor":1,"key":"champ:CounterPotion"},{"floor":7,"key":"Fruit Juice"},{"floor":8,"key":"Explosive Potion"},{"floor":14,"key":"hexamod:EctoCoolerPotion"}],"is_trial":false,"path_per_floor":["M","$","M","?","?","R","M","M","T","E","R","T","R","M","R","B"],"character_chosen":"THE_SILENT","items_purchased":[],"campfire_rested":1,"item_purchase_floors":[],"current_hp_per_floor":[54,54,51,68,68,68,68,57,57,40,40,40,61,55,55,33,33],"gold":139,"neow_bonus":"BOSS_RELIC","is_daily":false,"chose_seed":false,"campfire_upgraded":3,"win_rate":0.0,"timestamp":1608452730,"path_taken":["M","$","M","?","?","R","M","?","T","E","R","?","R","M","R","BOSS"],"items_purchased_type":[],"build_version":"2020-12-13","purchased_purges":1,"victory":false,"max_hp_per_floor":[70,70,70,70,70,70,70,70,70,70,70,70,70,70,70,75,75],"card_choices":[{"not_picked":["Catalyst","Slice"],"picked":"Escape Plan","floor":1},{"not_picked":["Sucker Punch","Tactician"],"picked":"Dagger Spray","floor":3},{"not_picked":["Dagger Spray","Heel Hook"],"picked":"Backflip","floor":7},{"not_picked":["Concentrate","Sucker Punch","PiercingWail"],"picked":"SKIP","floor":8},{"not_picked":["Backflip","Dodge and Roll"],"picked":"Acrobatics","floor":10},{"not_picked":["Quick Slash","Envenom"],"picked":"Footwork","floor":13},{"not_picked":["Finisher","Infinite Blades"],"picked":"Catalyst","floor":14}],"player_experience":270232,"relics_obtained":[{"floor":9,"key":"PreservedInsect"},{"floor":10,"key":"Smiling Mask"},{"floor":10,"key":"Tingsha"},{"floor":12,"key":"Dream Catcher"}],"event_choices":[{"damage_healed":17,"gold_gain":0,"player_choice":"Healed","damage_taken":0,"max_hp_gain":0,"max_hp_loss":0,"event_name":"The Cleric","floor":4,"gold_loss":35},{"damage_healed":0,"gold_gain":0,"player_choice":"2 cards matched","damage_taken":0,"max_hp_gain":0,"max_hp_loss":0,"event_name":"Match and Keep!","floor":5,"gold_loss":0,"cards_obtained":["expansioncontent:BronzeBeam","Neutralize"]}],"is_beta":false,"boss_relics":[],"items_purged_floors":[2],"is_endless":false,"potions_floor_spawned":[1,7,8,14],"killed_by":"Slime Boss","ascension_level":3}}