{"host":"0azimyi6n3ugndj4","time":1608472355,"event":{"mods":["BaseMod","Bestiary","Conspire","Curses Come First","Defuse TimeMaze Blight","Hyrulean Relics","Infinite Spire","Minty Spire (QoL Compilation)","Relic Sorter","Relic Stats","Replay The Spire","StSLib","SuperFastMode","Uncapped","¡¼?Úª?ø«¡½REMEMod"],"gold_per_floor":[450,483,483,84,138,138,138],"floor_reached":6,"playtime":135,"items_purged":["Eruption"],"score":147,"play_id":"510ae880-bbf2-408b-9a71-6e8868b85f09","local_time":"20201220225235","daily_mods":["Insanity","Chimera","Specialized","Vintage","ControlledChaos","Allstar","Diverse","Colorless Cards","Heirloom","Time Dilation","Binary","Elite Swarm","Lethality","Midas","Uncertain Future"],"is_ascension_mode":true,"campfire_choices":[],"circlet_count":0,"master_deck":["Demon Form","Wraith Form v2","Echo Form","DevaForm","AscendersBane","Bash","Survivor","Zap","Strike_R","Strike_G","Strike_B","Defend_R","Defend_G","Defend_P","Forethought","Undo","Bane","MentalFortress","ReplayTheSpireMod:Dual Polarity","Recycle","Sweeping Beam","Clothesline","Force Field","REME_Scribble","Warcry","True Grit","Trip","Blind","Shrug It Off","Body Slam","Cold Snap","Feel No Pain","Weave","Evaluate","Expertise","Pommel Strike","CutThroughFate","WindmillStrike","Hologram","Draining Mist","Redo","Redo","Concentrate","Body Slam","Pommel Strike","Defy Death","Havoc","Panic Button","Protect","Panacea","BowlingBash","Acrobatics","Shrug It Off","Panic Button","EmptyMind","Run Through","ForeignInfluence","Coolheaded","WheelKick","MentalFortress","PiercingWail","CutThroughFate","Bane","Go for the Eyes","Adaptation","Adaptation","Adaptation","Adaptation","Adaptation","Magnetism","Forethought","REME_FirmDetermination","Specialist","Blind","Fission"],"relics":["PureWater","Frozen Eye","REME_ComplimentaryCards","Old Coin","Oddly Smooth Stone","infinitespire:CheckeredPen","Juzu Bracelet","Replay:Baseball","infinitespire:Broken Mirror"],"acts_visited":["Exordium"],"potions_floor_usage":[6,6],"damage_taken":[{"damage":26,"enemies":"Jaw Worm","floor":1,"turns":6},{"damage":22,"enemies":"Small Slimes","floor":2,"turns":4},{"damage":9,"enemies":"Cultist","floor":5,"turns":3},{"damage":11,"enemies":"3 Sentries","floor":6,"turns":1}],"seed_played":"-1849766142659969154","potions_obtained":[{"floor":1,"key":"SkillPotion"},{"floor":5,"key":"Milkshake"}],"is_trial":true,"path_per_floor":["M","M","?","$","M","E"],"character_chosen":"WATCHER","items_purchased":["Juzu Bracelet","Replay:Baseball"],"campfire_rested":0,"item_purchase_floors":[4,4],"current_hp_per_floor":[37,15,15,15,6,0,0],"gold":138,"neow_bonus":"","is_daily":false,"chose_seed":false,"campfire_upgraded":0,"win_rate":0.0,"timestamp":1608472355,"path_taken":["M","M","?","$","M","E"],"items_purchased_type":["Relic","Relic"],"build_version":"2020-12-13","purchased_purges":1,"victory":false,"max_hp_per_floor":[70,70,70,70,70,70,70],"relic_stats":{"counters":[4,14],"Juzu Bracelet":0,"obtain_stats":[{"Frozen Eye":0,"Replay:Baseball":4,"infinitespire:Broken Mirror":5,"Oddly Smooth Stone":1,"Juzu Bracelet":4,"infinitespire:CheckeredPen":2,"PureWater":0,"REME_ComplimentaryCards":0,"Old Coin":0},{"Frozen Eye":0,"Replay:Baseball":2,"infinitespire:Broken Mirror":3,"Oddly Smooth Stone":1,"Juzu Bracelet":2,"infinitespire:CheckeredPen":2,"PureWater":0,"REME_ComplimentaryCards":0,"Old Coin":0},{"Frozen Eye":0,"Replay:Baseball":10,"infinitespire:Broken Mirror":13,"Oddly Smooth Stone":6,"Juzu Bracelet":10,"infinitespire:CheckeredPen":10,"PureWater":0,"REME_ComplimentaryCards":0,"Old Coin":0}]},"card_choices":[],"player_experience":1481846,"relics_obtained":[{"floor":1,"key":"Oddly Smooth Stone"},{"floor":2,"key":"infinitespire:CheckeredPen"},{"floor":5,"key":"infinitespire:Broken Mirror"}],"event_choices":[{"damage_healed":0,"gold_gain":0,"player_choice":"Ignored","damage_taken":0,"max_hp_gain":0,"max_hp_loss":0,"event_name":"Shining Light","floor":3,"gold_loss":0}],"is_beta":false,"boss_relics":[],"items_purged_floors":[4],"is_endless":false,"potions_floor_spawned":[1,5],"killed_by":"3 Sentries","ascension_level":20}}