{"host":"eil9x6nly2al6731","time":1608459029,"event":{"mods":["Aspiration","BaseMod","Better Third Choice","Colored Powertips","Conspire","Energized Spire","Friendly Minions","Halation","Hubris","Infinite Spire","Minty Spire (QoL Compilation)","Random Character Button","Replay The Spire","Robot Space Explorer","Shop Mod","StSLib","The Druid","The Factory","The Jungle","The Mystic","The Servant 0.9.4","TheBandit"],"gold_per_floor":[115,115,151,176,100,136,156,172,172,172,172,172,133,156,156,156,156,170,170,170,170,188,246,246,246,246],"floor_reached":24,"playtime":886,"items_purged":[],"score":194,"play_id":"bc803917-6e6f-4bb9-826c-5a06185f8223","local_time":"20201220181029","is_ascension_mode":false,"campfire_choices":[{"data":"wariomod:GreaterGuard","floor":11,"key":"SMITH"},{"data":"wariomod:DisarmingMoves","floor":15,"key":"SMITH"}],"circlet_count":0,"master_deck":["wariomod:Strike","wariomod:Strike","wariomod:Defend+1","wariomod:Defend","wariomod:Defend+1","wariomod:Defend","wariomod:Step+1","wariomod:Leap","wariomod:Hopshield","wariomod:DanceDash","wariomod:SmallSprint","wariomod:GreaterGuard+1","wariomod:DeepDig","wariomod:WhirlwindBurst","wariomod:TempestBlasts","wariomod:DisarmingMoves+1","wariomod:GoAgain","wariomod:EndlessBlast","wariomod:WipeClean","wariomod:BodyBlock+1"],"relics":["wariomod:TheHat","NeowsBlessing","Golden Idol","War Paint","Mummified Hand","halation:BlackBeret","Black Star","conspire:Flyswatter"],"acts_visited":["Exordium","TheCity"],"potions_floor_usage":[16],"damage_taken":[{"damage":0,"enemies":"2 Louse","floor":1,"turns":1},{"damage":0,"enemies":"conspire:MimicChest","floor":3,"turns":1},{"damage":0,"enemies":"Jaw Worm","floor":4,"turns":1},{"damage":22,"enemies":"3 Sentries","floor":6,"turns":6},{"damage":0,"enemies":"Small Slimes","floor":7,"turns":3},{"damage":2,"enemies":"2 Fungi Beasts","floor":8,"turns":3},{"damage":0,"enemies":"Looter","floor":14,"turns":4},{"damage":30,"enemies":"The Guardian","floor":16,"turns":10},{"damage":29,"enemies":"2 Thieves","floor":18,"turns":4},{"damage":16,"enemies":"Shell Parasite","floor":22,"turns":8},{"damage":15,"enemies":"Sentry and Sphere","floor":24,"turns":3}],"seed_played":"811161526693731503","potions_obtained":[{"floor":3,"key":"Milkshake"},{"floor":7,"key":"Milkshake"},{"floor":14,"key":"Venom Potion"},{"floor":16,"key":"Explosive Potion"}],"is_trial":false,"path_per_floor":["M","?","?","M","$","E","M","M","T","?","R","?","$","M","R","B",null,"M","?","?","?","M","?","M"],"character_chosen":"THE_BANDIT","items_purchased":["wariomod:GreaterGuard","wariomod:TempestBlasts"],"campfire_rested":0,"item_purchase_floors":[5,13],"current_hp_per_floor":[80,74,74,74,74,52,52,50,50,50,50,50,50,50,50,20,74,45,45,45,45,29,11,0,0,0],"gold":246,"neow_bonus":"THREE_ENEMY_KILL","is_daily":false,"chose_seed":false,"campfire_upgraded":2,"win_rate":0.0,"timestamp":1608459029,"path_taken":["M","?","?","?","$","E","M","M","T","?","R","?","$","M","R","BOSS","M","?","?","?","M","?","?"],"items_purchased_type":["Card","Card"],"build_version":"2020-12-13","purchased_purges":0,"victory":false,"max_hp_per_floor":[80,74,74,74,74,74,74,74,74,74,74,74,74,74,74,74,74,74,74,74,74,74,74,74,74,74],"card_choices":[{"not_picked":["wariomod:Purify","wariomod:TrekTime"],"picked":"wariomod:Hopshield","floor":1},{"not_picked":["wariomod:Smackflip","wariomod:SpikeSlash"],"picked":"wariomod:DanceDash","floor":3},{"not_picked":["wariomod:DoubleDash","wariomod:TrekTime"],"picked":"wariomod:SmallSprint","floor":4},{"not_picked":["wariomod:Sidestep","wariomod:EndlessBlast"],"picked":"wariomod:DeepDig","floor":6},{"not_picked":["wariomod:Immortalize","wariomod:Game"],"picked":"wariomod:WhirlwindBurst","floor":7},{"not_picked":["wariomod:BodyBlock","wariomod:BlastDash","wariomod:WhirlwindBurst"],"picked":"SKIP","floor":8},{"not_picked":["wariomod:AwfulLook","wariomod:Smackflip"],"picked":"wariomod:DisarmingMoves","floor":14},{"not_picked":["wariomod:DeadlyDash","wariomod:SpacialMastery"],"picked":"wariomod:GoAgain","floor":16},{"not_picked":["wariomod:HappyHop","wariomod:NullJump+1","wariomod:Smackflip+1"],"picked":"SKIP","floor":18},{"not_picked":["wariomod:Smackflip+1","wariomod:BigUpgrade"],"picked":"wariomod:BodyBlock+1","floor":22}],"player_experience":1463578,"relics_obtained":[{"floor":3,"key":"War Paint"},{"floor":6,"key":"Mummified Hand"},{"floor":9,"key":"halation:BlackBeret"},{"floor":23,"key":"conspire:Flyswatter"}],"event_choices":[{"damage_healed":0,"gold_gain":0,"player_choice":"Lose Max HP","damage_taken":0,"relics_obtained":["Golden Idol"],"max_hp_gain":0,"max_hp_loss":6,"event_name":"Golden Idol","floor":2,"gold_loss":0},{"damage_healed":0,"gold_gain":0,"player_choice":"Ignored","damage_taken":0,"max_hp_gain":0,"max_hp_loss":0,"event_name":"Cursed Tome","floor":19,"gold_loss":0},{"damage_healed":0,"gold_gain":0,"cards_transformed":["wariomod:Strike","wariomod:Strike"],"player_choice":"Became Test Subject","damage_taken":0,"max_hp_gain":0,"max_hp_loss":0,"event_name":"Drug Dealer","floor":21,"gold_loss":0,"cards_obtained":["wariomod:EndlessBlast","wariomod:WipeClean"]}],"is_beta":false,"boss_relics":[{"not_picked":["Fusion Hammer","energizedSpire:StickyHand"],"picked":"Black Star"}],"items_purged_floors":[],"is_endless":false,"potions_floor_spawned":[3,7,14,16,22],"killed_by":"Sentry and Sphere","ascension_level":0}}