{"host":"cccop0r9ue4xv1s4","time":1608491181,"event":{"mods":["AchievementEnabler","BaseMod","Downfall","Marisa¡]Ãú«B¡@Å]²z¨F¡^","Minty Spire (QoL Compilation)","Quick Restart","Shop Mod","StSLib","SuperFastMode","The Servant 0.9.4"],"gold_per_floor":[118,128,128,228,245,245,245,277,351,351,369,369,271,288,288,390,390,403,415,415,415,415,415,434,448,530,530,252,265,191,191,191,293,293,313,313,313,328,345,345,361,361,361,376,376,376],"floor_reached":45,"playtime":907,"items_purged":["Defend_R","Rage"],"score":465,"play_id":"a259f7e1-f9eb-42e0-8867-61855f33a729","local_time":"20201221030621","is_ascension_mode":false,"campfire_choices":[{"data":"Inflame","floor":6.0,"key":"SMITH"},{"data":"Heavy Blade","floor":10.0,"key":"SMITH"},{"floor":15.0,"key":"REST"},{"data":"Limit Break","floor":23.0,"key":"SMITH"},{"floor":27.0,"key":"REST"},{"data":"Bash","floor":32.0,"key":"SMITH"},{"floor":40,"key":"REST"}],"circlet_count":0,"master_deck":["Strike_R+1","Strike_R+1","Strike_R+1","Strike_R+1","Bash+1","Heavy Blade+1","Clash","Flex+1","Limit Break+1","Inflame","Offering"],"relics":["Burning Blood"],"acts_visited":["Exordium","TheCity","TheBeyond"],"potions_floor_usage":[35,38,39,41,45],"damage_taken":[{"damage":1.0,"enemies":"Cultist","floor":1.0,"turns":3.0},{"damage":1.0,"enemies":"2 Louse","floor":2.0,"turns":4.0},{"damage":3.0,"enemies":"Small Slimes","floor":5.0,"turns":3.0},{"damage":54.0,"enemies":"3 Sentries","floor":8.0,"turns":8.0},{"damage":10.0,"enemies":"Looter","floor":11.0,"turns":2.0},{"damage":7.0,"enemies":"Blue Slaver","floor":14.0,"turns":2.0},{"damage":29.0,"enemies":"The Guardian","floor":16.0,"turns":6.0},{"damage":19.0,"enemies":"Shell Parasite","floor":18.0,"turns":3.0},{"damage":32.0,"enemies":"3 Byrds","floor":19.0,"turns":4.0},{"damage":15.0,"enemies":"Snake Plant","floor":24.0,"turns":2.0},{"damage":21.0,"enemies":"3 Cultists","floor":25.0,"turns":4.0},{"damage":8.0,"enemies":"Snecko","floor":29.0,"turns":3.0},{"damage":22.0,"enemies":"Automaton","floor":33.0,"turns":3.0},{"damage":21,"enemies":"3 Darklings","floor":35,"turns":3},{"damage":13,"enemies":"3 Shapes","floor":38,"turns":3},{"damage":41,"enemies":"3 Darklings","floor":39,"turns":4},{"damage":32,"enemies":"Spire Growth","floor":41,"turns":3},{"damage":26,"enemies":"Jaw Worm Horde","floor":44,"turns":3},{"damage":13,"enemies":"Writhing Mass","floor":45,"turns":2}],"seed_played":"8350634368989244972","potions_obtained":[{"floor":2.0,"key":"SpeedPotion"},{"floor":8.0,"key":"HeartOfIron"},{"floor":11.0,"key":"DistilledChaos"},{"floor":24.0,"key":"DistilledChaos"},{"floor":35,"key":"BlessingOfTheForge"},{"floor":37,"key":"AttackPotion"},{"floor":37,"key":"FearPotion"},{"floor":38,"key":"FearPotion"},{"floor":44,"key":"EssenceOfSteel"}],"is_trial":false,"path_per_floor":["M","M","?","?","M","R","?","E","T","R","M","?","$","M","R","B",null,"M","M","?","?","?","R","M","M","T","R","$","M","$","?","R","B",null,"M","?","?","M","M","R","M","?","T","M","M"],"character_chosen":"IRONCLAD","items_purchased":["Flex","Strength Potion","Swift Potion","GamblersBrew","DistilledChaos"],"campfire_rested":3,"item_purchase_floors":[13,28,28,28,30],"current_hp_per_floor":[61,66,71,71,74,74,74,26,26,26,22,22,22,21,46,23,85,72,46,46,46,46,46,37,22,22,47,47,45,45,73,73,57,85,70,70,70,63,28,53,27,27,27,7,0,0],"gold":376,"neow_bonus":"REMOVE_TWO","is_daily":false,"chose_seed":false,"campfire_upgraded":4,"win_rate":0.0,"timestamp":1608491181,"path_taken":["M","?","?","?","?","R","?","E","T","R","M","?","$","M","R","BOSS","M","M","?","?","?","R","M","?","T","R","$","M","$","?","R","BOSS","M","?","?","?","M","R","M","?","T","M","M"],"items_purchased_type":["Card","Potion","Potion","Potion","Potion"],"build_version":"2020-12-13","purchased_purges":2,"victory":false,"max_hp_per_floor":[80,80,85,85,85,85,85,85,85,85,85,85,85,85,85,85,85,85,85,85,85,85,85,85,85,85,85,85,85,85,85,85,85,85,85,85,85,85,85,85,85,85,85,85,85,85],"card_choices":[{"not_picked":["Havoc","Whirlwind","Thunderclap"],"picked":"SKIP","floor":1.0},{"not_picked":["Body Slam","Iron Wave"],"picked":"Inflame","floor":2.0},{"not_picked":["Headbutt","Spot Weakness","Shrug It Off"],"picked":"SKIP","floor":5.0},{"not_picked":["Perfected Strike","Wild Strike"],"picked":"Heavy Blade","floor":8.0},{"not_picked":["Whirlwind","Dropkick"],"picked":"Clash","floor":11.0},{"not_picked":["Metallicize","Shrug It Off","Offering"],"picked":"SKIP","floor":14.0},{"not_picked":["Corruption","Juggernaut"],"picked":"Limit Break","floor":16.0},{"not_picked":["Bloodletting","Pommel Strike","Shrug It Off"],"picked":"SKIP","floor":18.0},{"not_picked":["Thunderclap","Body Slam","Flex"],"picked":"SKIP","floor":19.0},{"not_picked":["Warcry","Anger","Disarm"],"picked":"SKIP","floor":24.0},{"not_picked":["Fire Breathing","Searing Blow","Entrench"],"picked":"SKIP","floor":25.0},{"not_picked":["Heavy Blade","Fiend Fire","Spot Weakness"],"picked":"SKIP","floor":29.0},{"not_picked":["Fiend Fire","Reaper"],"picked":"Offering","floor":33.0},{"not_picked":["Wild Strike+1","Rupture","Havoc+1"],"picked":"SKIP","floor":35},{"not_picked":["Havoc+1","Reckless Charge","Clothesline"],"picked":"SKIP","floor":38},{"not_picked":["Shockwave+1","True Grit+1","Bloodletting"],"picked":"SKIP","floor":39},{"not_picked":["Pommel Strike+1","Armaments+1","Clothesline"],"picked":"SKIP","floor":41},{"not_picked":["Cleave+1","Wild Strike+1","Heavy Blade+1"],"picked":"SKIP","floor":44}],"player_experience":284459,"relics_obtained":[],"event_choices":[{"damage_healed":0.0,"max_hp_gain":5.0,"max_hp_loss":0.0,"gold_gain":0.0,"event_name":"Big Fish","player_choice":"Donut","floor":3.0,"gold_loss":0.0,"damage_taken":0.0},{"damage_healed":0.0,"max_hp_gain":0.0,"max_hp_loss":0.0,"gold_gain":100.0,"event_name":"Golden Shrine","player_choice":"Pray","floor":4.0,"gold_loss":0.0,"damage_taken":0.0},{"damage_healed":0.0,"max_hp_gain":0.0,"max_hp_loss":0.0,"gold_gain":0.0,"event_name":"Liars Game","player_choice":"Ignored","floor":7.0,"gold_loss":0.0,"damage_taken":0.0},{"damage_healed":0.0,"max_hp_gain":0.0,"max_hp_loss":0.0,"gold_gain":0.0,"event_name":"Scrap Ooze","player_choice":"Fled","floor":12.0,"gold_loss":0.0,"damage_taken":0.0},{"damage_healed":0.0,"max_hp_gain":0.0,"max_hp_loss":0.0,"gold_gain":0.0,"cards_transformed":["Defend_R","Strike_R"],"event_name":"Drug Dealer","player_choice":"Became Test Subject","floor":20.0,"gold_loss":0.0,"damage_taken":0.0,"cards_obtained":["Rage","Inflame"]},{"damage_healed":0.0,"max_hp_gain":0.0,"max_hp_loss":0.0,"gold_gain":0.0,"event_name":"Back to Basics","player_choice":"Simplicity","floor":21.0,"gold_loss":0.0,"damage_taken":0.0,"cards_upgraded":["Strike_R","Strike_R","Strike_R","Strike_R"]},{"damage_healed":0.0,"max_hp_gain":0.0,"max_hp_loss":0.0,"gold_gain":0.0,"event_name":"Upgrade Shrine","player_choice":"Upgraded","floor":22.0,"gold_loss":0.0,"damage_taken":0.0,"cards_upgraded":["Flex"]},{"damage_healed":28.0,"max_hp_gain":0.0,"max_hp_loss":0.0,"gold_gain":0.0,"event_name":"The Library","player_choice":"Heal","floor":31.0,"gold_loss":0.0,"damage_taken":0.0},{"damage_healed":0,"gold_gain":0,"player_choice":"Memory 1","damage_taken":0,"max_hp_gain":0,"max_hp_loss":0,"event_name":"SensoryStone","floor":36,"gold_loss":0},{"damage_healed":0,"gold_gain":0,"player_choice":"Got Potions","damage_taken":0,"max_hp_gain":0,"max_hp_loss":0,"event_name":"Lab","floor":37,"gold_loss":0},{"cards_removed":["Inflame"],"damage_healed":0,"gold_gain":0,"player_choice":"Removed Power","damage_taken":0,"max_hp_gain":0,"max_hp_loss":0,"event_name":"Falling","floor":42,"gold_loss":0}],"is_beta":false,"boss_relics":[{"not_picked":["Runic Pyramid","Sozu","Runic Dome"]},{"not_picked":["Mark of Pain","Velvet Choker","Fusion Hammer"]}],"items_purged_floors":[13,28],"is_endless":false,"potions_floor_spawned":[2,8,11,24,35,38,44],"killed_by":"Writhing Mass","ascension_level":0}}