{"host":"15dd7v8o90xso62x","time":1608480760,"event":{"mods":["BaseMod","Minty Spire (QoL Compilation)","Quick Restart","StSLib"],"gold_per_floor":[19,29,49,63,63,90,90,102,102,102,117,131,166,166,166,243,243,257,272,292,325,335,335,335],"floor_reached":23,"playtime":1526,"items_purged":[],"score":414,"play_id":"729be746-4ff7-45cc-add8-ed7b98c62f46","local_time":"20201221011240","is_ascension_mode":true,"campfire_choices":[{"data":"Second Wind","floor":7.0,"key":"SMITH"},{"data":"Blood for Blood","floor":10.0,"key":"SMITH"},{"data":"Pommel Strike","floor":15,"key":"SMITH"}],"circlet_count":0,"master_deck":["AscendersBane","Bash","Second Wind+1","Feel No Pain","Reaper","Carnage","Blood for Blood+1","Shrug It Off","Pommel Strike+1","Impervious","Exhume","Headbutt","Power Through","Clothesline","True Grit","Dual Wield","Reckless Charge","Dark Embrace+1","Entrench","Body Slam+1"],"relics":["Burning Blood","Nunchaku","Mummified Hand","Boot","Pandora\u0027s Box","Red Mask"],"acts_visited":["Exordium","TheCity"],"potions_floor_usage":[13,16,20,21],"damage_taken":[{"damage":5.0,"enemies":"Small Slimes","floor":1.0,"turns":4.0},{"damage":1.0,"enemies":"Cultist","floor":2.0,"turns":4.0},{"damage":8.0,"enemies":"2 Louse","floor":3.0,"turns":3.0},{"damage":23.0,"enemies":"Lots of Slimes","floor":4.0,"turns":5.0},{"damage":15.0,"enemies":"3 Sentries","floor":6.0,"turns":17.0},{"damage":19.0,"enemies":"Large Slime","floor":8.0,"turns":8.0},{"damage":26.0,"enemies":"3 Louse","floor":11.0,"turns":4.0},{"damage":13.0,"enemies":"Exordium Thugs","floor":12.0,"turns":4.0},{"damage":28,"enemies":"Gremlin Nob","floor":13,"turns":4},{"damage":76,"enemies":"The Guardian","floor":16,"turns":12},{"damage":25,"enemies":"2 Thieves","floor":18,"turns":4},{"damage":22,"enemies":"Shell Parasite","floor":19,"turns":12},{"damage":19,"enemies":"Shelled Parasite and Fungi","floor":20,"turns":6},{"damage":17,"enemies":"Masked Bandits","floor":21,"turns":6},{"damage":11,"enemies":"Sentry and Sphere","floor":22,"turns":15},{"damage":29,"enemies":"Gremlin Leader","floor":23,"turns":5}],"seed_played":"1427021432091809324","potions_obtained":[{"floor":1.0,"key":"Dexterity Potion"},{"floor":3.0,"key":"Strength Potion"},{"floor":4.0,"key":"Energy Potion"},{"floor":12.0,"key":"Energy Potion"},{"floor":13,"key":"Regen Potion"},{"floor":19,"key":"LiquidMemories"},{"floor":20,"key":"Energy Potion"},{"floor":22,"key":"Ancient Potion"}],"is_trial":false,"path_per_floor":["M","M","M","M","$","E","R","M","T","R","M","M","E","?","R","B",null,"M","M","M","?","M","E"],"character_chosen":"IRONCLAD","items_purchased":[],"campfire_rested":0,"item_purchase_floors":[],"current_hp_per_floor":[69,74,72,55,55,58,58,49,49,49,41,38,20,75,75,22,62,52,36,23,27,22,3,3],"gold":335,"neow_bonus":"REMOVE_TWO","is_daily":false,"chose_seed":false,"campfire_upgraded":3,"win_rate":0.0,"timestamp":1608480760,"path_taken":["M","M","M","M","$","E","R","M","T","R","M","M","E","?","R","BOSS","M","M","M","?","M","E"],"items_purchased_type":[],"build_version":"2020-12-13","purchased_purges":0,"victory":false,"max_hp_per_floor":[75,75,75,75,75,75,75,75,75,75,75,75,75,75,75,75,75,75,75,75,75,75,75,75],"card_choices":[{"not_picked":["Seeing Red","Wild Strike"],"picked":"Second Wind","floor":1.0},{"not_picked":["Bloodletting","Cleave"],"picked":"Feel No Pain","floor":2.0},{"not_picked":["Clash","Perfected Strike","Wild Strike"],"picked":"SKIP","floor":3.0},{"not_picked":["Infernal Blade","Wild Strike"],"picked":"Reaper","floor":4.0},{"not_picked":["Iron Wave","Sever Soul"],"picked":"Carnage","floor":6.0},{"not_picked":["Clothesline","Iron Wave"],"picked":"Blood for Blood","floor":8.0},{"not_picked":["Clash","Iron Wave","Burning Pact"],"picked":"SKIP","floor":11.0},{"not_picked":["Cleave","Rampage"],"picked":"Shrug It Off","floor":12.0},{"not_picked":["Sword Boomerang","Uppercut"],"picked":"Pommel Strike","floor":13},{"not_picked":["Limit Break","Reaper"],"picked":"Impervious","floor":16},{"not_picked":["Entrench","Uppercut"],"picked":"Dark Embrace+1","floor":18},{"not_picked":["Carnage","Armaments"],"picked":"Entrench","floor":19},{"not_picked":["Clothesline","Cleave","Iron Wave"],"picked":"SKIP","floor":20},{"not_picked":["Dual Wield","Dark Embrace"],"picked":"Body Slam+1","floor":22}],"player_experience":932573,"relics_obtained":[{"floor":6.0,"key":"Nunchaku"},{"floor":9.0,"key":"Mummified Hand"},{"floor":13,"key":"Boot"},{"floor":21,"key":"Red Mask"}],"event_choices":[{"damage_healed":55,"gold_gain":0,"player_choice":"Full Heal","damage_taken":0,"max_hp_gain":0,"max_hp_loss":0,"event_name":"Wheel of Change","floor":14,"gold_loss":0},{"damage_healed":0,"gold_gain":0,"player_choice":"Fought Bandits","damage_taken":0,"max_hp_gain":0,"max_hp_loss":0,"event_name":"Masked Bandits","floor":21,"gold_loss":0}],"is_beta":false,"boss_relics":[{"not_picked":["Velvet Choker","Black Blood"],"picked":"Pandora\u0027s Box"}],"items_purged_floors":[],"is_endless":false,"potions_floor_spawned":[1,3,4,12,13,19,20,22],"killed_by":"Gremlin Leader","ascension_level":20}}