{"host":"ln76an1o32p2wxtf","time":1608477560,"event":{"mods":["AchievementEnabler","Act Like it!","BaseMod","BetterRewards","Colored Powertips","Energized Spire","GifTheSpireLib","Infinite Spire","Minty Spire (QoL Compilation)","Shop Mod","StSLib"],"gold_per_floor":[119,219,232,157,172,202,202,227,227,258,258,275,310,310,310,310,310],"floor_reached":16,"playtime":2096,"items_purged":["Strike_P"],"score":161,"play_id":"50d99241-733e-4b90-b48d-753e8d709c81","local_time":"20201220231920","is_ascension_mode":true,"campfire_choices":[{"floor":7,"key":"REST"},{"floor":11,"key":"REST"},{"floor":15,"key":"REST"}],"circlet_count":0,"master_deck":["Strike_P","Strike_P","Strike_P","Defend_P","Defend_P","Defend_P","Defend_P","Eruption","Vigilance","Pray","CutThroughFate","Consecrate","Brilliance","Pray","infinitespire:Pacifist"],"relics":["energizedSpire:CursedPentagram","Toy Ornithopter","WingedGreaves","infinitespire:CheckeredPen","Art of War","Regal Pillow","FaceOfCleric"],"acts_visited":["Exordium"],"potions_floor_usage":[6,6],"damage_taken":[{"damage":0,"enemies":"Cultist","floor":1,"turns":2},{"damage":5,"enemies":"infinitespire:Voidling","floor":3,"turns":5},{"damage":0,"enemies":"Small Slimes","floor":5,"turns":4},{"damage":24,"enemies":"Gremlin Nob","floor":6,"turns":4},{"damage":19,"enemies":"3 Sentries","floor":8,"turns":9},{"damage":24,"enemies":"Gremlin Nob","floor":10,"turns":4},{"damage":0,"enemies":"Gremlin Gang","floor":12,"turns":2},{"damage":0,"enemies":"Lagavulin","floor":13,"turns":5},{"damage":73,"enemies":"Hexaghost","floor":16,"turns":9}],"seed_played":"-4997481042121633531","potions_obtained":[{"floor":1,"key":"Dexterity Potion"},{"floor":3,"key":"LiquidMemories"},{"floor":12,"key":"BottledMiracle"}],"is_trial":false,"path_per_floor":["M","?","M","$","M","E","R","E","T","E","R","M","E","?","R","B"],"character_chosen":"WATCHER","items_purchased":[],"campfire_rested":3,"item_purchase_floors":[],"current_hp_per_floor":[72,72,67,67,67,43,64,45,45,21,42,42,42,42,72,0,0],"gold":310,"neow_bonus":"BOSS_RELIC","is_daily":false,"chose_seed":false,"campfire_upgraded":0,"win_rate":0.0,"timestamp":1608477560,"path_taken":["M","?","M","$","M","E","R","E","T","E","R","?","E","?","R","BOSS"],"items_purchased_type":[],"build_version":"2020-12-13","purchased_purges":1,"victory":false,"max_hp_per_floor":[72,72,72,72,72,72,72,72,72,72,72,72,72,72,72,72,72],"card_choices":[{"not_picked":["CrushJoints","LikeWater"],"picked":"Pray","floor":1},{"not_picked":["Crescendo","Swivel"],"picked":"CutThroughFate","floor":3},{"not_picked":["Swivel","PathToVictory","FlurryOfBlows"],"picked":"SKIP","floor":5},{"not_picked":["CarveReality","Vengeance","Wireheading"],"picked":"SKIP","floor":6},{"not_picked":["Protect","WindmillStrike"],"picked":"Consecrate","floor":8},{"not_picked":["CarveReality","Prostrate"],"picked":"Brilliance","floor":10},{"not_picked":["InnerPeace","BattleHymn"],"picked":"Pray","floor":12},{"not_picked":["Crescendo","PathToVictory","Conclude"],"picked":"SKIP","floor":13}],"player_experience":636887,"relics_obtained":[{"floor":6,"key":"Toy Ornithopter"},{"floor":8,"key":"WingedGreaves"},{"floor":9,"key":"infinitespire:CheckeredPen"},{"floor":10,"key":"Art of War"},{"floor":13,"key":"Regal Pillow"}],"event_choices":[{"damage_healed":0,"gold_gain":100,"player_choice":"Pray","damage_taken":0,"max_hp_gain":0,"max_hp_loss":0,"event_name":"Golden Shrine","floor":2,"gold_loss":0},{"damage_healed":0,"gold_gain":0,"player_choice":"Trade","damage_taken":0,"relics_obtained":["FaceOfCleric"],"max_hp_gain":0,"max_hp_loss":0,"event_name":"FaceTrader","floor":14,"gold_loss":0}],"is_beta":false,"boss_relics":[],"items_purged_floors":[4],"is_endless":false,"potions_floor_spawned":[1,3,12],"killed_by":"Hexaghost","ascension_level":1}}