{"host":"eq1m0q9u0q68wvol","time":1608435011,"event":{"mods":["Act Like it!","BaseMod","Colored Powertips","Gensokyo","Marisa（霧雨　魔理沙）","Minty Spire (QoL Compilation)","StSLib","The Servant 0.9.4","[IsaacMod]以撒尖塔"],"gold_per_floor":[117,192,212,212,228,256,275,275,275,450,450,450],"floor_reached":11,"playtime":582,"items_purged":[],"score":73,"play_id":"0272b6c3-6243-4d4d-a65f-3517f14e23c9","local_time":"20201220113011","is_ascension_mode":false,"campfire_choices":[{"floor":8,"key":"REST"}],"circlet_count":0,"master_deck":["Strike_P","Strike_P","Strike_P","Defend_P","Defend_P","Defend_P","Eruption","Vigilance","MentalFortress","ConjureBlade","Doubt"],"relics":["HushsDoor","GuppysHead","Empty Cage","Bag of Marbles","Damaru"],"acts_visited":["Exordium"],"potions_floor_usage":[],"damage_taken":[{"damage":4,"enemies":"Small Slimes","floor":1,"turns":5},{"damage":2,"enemies":"Cultist","floor":3,"turns":3},{"damage":6,"enemies":"2 Louse","floor":5,"turns":3},{"damage":23,"enemies":"3 Sentries","floor":6,"turns":13},{"damage":0,"enemies":"Looter","floor":7,"turns":4},{"damage":49,"enemies":"Gremlin Nob","floor":11,"turns":4}],"seed_played":"9195294871311604299","potions_obtained":[{"floor":1,"key":"BlessingOfTheForge"}],"is_trial":false,"path_per_floor":["M","?","M","$","M","E","M","R","T","?","E"],"character_chosen":"WATCHER","items_purchased":[],"campfire_rested":1,"item_purchase_floors":[],"current_hp_per_floor":[68,57,55,55,49,26,26,47,47,47,0,0],"gold":450,"neow_bonus":"BOSS_RELIC","is_daily":false,"chose_seed":false,"campfire_upgraded":0,"win_rate":0.0,"timestamp":1608435011,"path_taken":["M","?","M","$","?","E","M","R","T","?","E"],"items_purchased_type":[],"build_version":"2020-12-13","purchased_purges":0,"victory":false,"max_hp_per_floor":[72,72,72,72,72,72,72,72,72,72,72,72],"card_choices":[{"not_picked":["Bomb","Crescendo"],"picked":"MentalFortress","floor":1},{"not_picked":["Wallop","CarveReality","Halt"],"picked":"SKIP","floor":3},{"not_picked":["CrushJoints","CutThroughFate","Bomb"],"picked":"SKIP","floor":5},{"not_picked":["SashWhip","Meditate"],"picked":"ConjureBlade","floor":6},{"not_picked":["Protect","ThirdEye","Evaluate"],"picked":"SKIP","floor":7}],"player_experience":305294,"relics_obtained":[{"floor":6,"key":"Bag of Marbles"},{"floor":9,"key":"Damaru"}],"event_choices":[{"damage_healed":0,"gold_gain":75,"player_choice":"Gather Gold","damage_taken":11,"max_hp_gain":0,"max_hp_loss":0,"event_name":"World of Goop","floor":2,"gold_loss":0},{"damage_healed":0,"gold_gain":175,"player_choice":"AGREE","damage_taken":0,"max_hp_gain":0,"max_hp_loss":0,"event_name":"Liars Game","floor":10,"gold_loss":0,"cards_obtained":["Doubt"]}],"is_beta":false,"boss_relics":[],"items_purged_floors":[],"is_endless":false,"potions_floor_spawned":[1],"killed_by":"Gremlin Nob","ascension_level":0}}