{"host":"qwie84gwfccqh4mc","time":1608451050,"event":{"mods":["Alarm Clock","Aspiration","BaseMod","Challenge The Spire","Colored Map","Colored Powertips","Conspire","DeckTracker","Downfall","Hubris","Marisa£®ÏF”Í°°ƒß¿Ì…≥£©","Minty Spire (QoL Compilation)","Quick Restart","Random Character Button","Relic Sorter","Relic Stats","Replay The Spire","RumiaBox-¬∂√◊Ê´µƒ…Ò√ÿ∫–◊”","StSLib","Synergy Search","UnlockEverythingMod","vexMod","¿œ“¡¿Ú—≈"],"gold_per_floor":[119,136,136,136,136,152,152,168,168,16,16,16,16,33,33,136,136,153,153,93,112,128,159,159,192,192,192,192,192,249,249,265,294,294,399,399,437,437,447,747,766,791,791,368,436,453,330,347,360,360,360,360,360,360,293,322,322,322],"floor_reached":57,"playtime":4366,"items_purged":["StarBarrage+1","Injury"],"score":1087,"play_id":"04c3991f-2d18-407f-b4ec-cf2ed122fc5d","local_time":"20201220155730","is_ascension_mode":true,"campfire_choices":[{"floor":7.0,"key":"RECALL"},{"data":"UpSweep","floor":13.0,"key":"SMITH"},{"data":"Strike_MRS","floor":15.0,"key":"PURGE"},{"data":"AsteroidBelt","floor":24.0,"key":"SMITH"},{"floor":29.0,"key":"REST"},{"data":"Delirium","floor":34.0,"key":"PURGE"},{"data":"EnergyFlow","floor":43,"key":"SMITH"},{"data":"MasterSpark","floor":51,"key":"SMITH"},{"data":"Defend_MRS","floor":54,"key":"SMITH"}],"circlet_count":0,"master_deck":["Defend_MRS","Defend_MRS","Defend_MRS","Defend_MRS+1","MasterSpark+1","UpSweep+1","GasGiant+1","AsteroidBelt+1","EnergyRecoil+1","IllusionStar+1","PulseMagic+1","StarDustReverie+1","ShootingEcho+1","SuperPerseids+1","DragonMeteor+1","MilkyWay+1","MagicChant+1","OpenUniverse+1","Acceleration+1","WitchOfGreed+1","EnergyFlow+1","PowerUp+1","GalacticHalo+1","StarDustReverie+1","ManaConvection+1","IllusionStar+1","MilkyWay+1","EnergyRecoil+1","Pot Of Greed+1","Pot Of Greed+1","Pot Of Greed+1","Acceleration+1","EnergyFlow+1","IllusionStar+1","Acceleration+1","StarDustReverie+1"],"relics":["MiniHakkero","NeowsBlessing","MoreBug","Toxic Egg 2","Lantern","Astrolabe","ReplayTheSpireMod:TigerMarble","Dream Catcher","Molten Egg 2","Incense Burner","hubris:TerracottaHorce","conspire:DeflatedDodgeball","Grinning Jar","DollysMirror","MagicDraw3","ReplayFunnel"],"acts_visited":["Exordium","TheCity","TheBeyond","TheEnding"],"potions_floor_usage":[39,48,48,57],"damage_taken":[{"damage":0.0,"enemies":"Small Slimes","floor":1.0,"turns":1.0},{"damage":0.0,"enemies":"2 Louse","floor":2.0,"turns":1.0},{"damage":0.0,"enemies":"Jaw Worm","floor":6.0,"turns":1.0},{"damage":2.0,"enemies":"Large Slime","floor":8.0,"turns":3.0},{"damage":7.0,"enemies":"conspire:2 RoseBushes","floor":14.0,"turns":6.0},{"damage":17.0,"enemies":"Hexaghost","floor":16.0,"turns":11.0},{"damage":0.0,"enemies":"Shell Parasite","floor":18.0,"turns":3.0},{"damage":0.0,"enemies":"3 Byrds","floor":21.0,"turns":2.0},{"damage":0.0,"enemies":"conspire:HollyBat","floor":22.0,"turns":4.0},{"damage":0.0,"enemies":"conspire:Head Lice","floor":23.0,"turns":3.0},{"damage":14.0,"enemies":"Replay:Snechameleon","floor":25.0,"turns":4.0},{"damage":22.0,"enemies":"conspire:MimicChest","floor":30.0,"turns":7.0},{"damage":7.0,"enemies":"Cultist and Chosen","floor":32.0,"turns":3.0},{"damage":0.0,"enemies":"Book of Stabbing","floor":33.0,"turns":5.0},{"damage":7.0,"enemies":"hubris:MusketHawk","floor":35.0,"turns":3.0},{"damage":11.0,"enemies":"Orb Walker","floor":37.0,"turns":5.0},{"damage":4,"enemies":"3 Darklings","floor":39,"turns":3},{"damage":0,"enemies":"Sphere and 2 Shapes","floor":41,"turns":3},{"damage":0,"enemies":"R_Hoarder","floor":42,"turns":3},{"damage":2,"enemies":"Writhing Mass","floor":46,"turns":2},{"damage":7,"enemies":"Transient","floor":48,"turns":5},{"damage":0,"enemies":"Spire Growth","floor":49,"turns":2},{"damage":9,"enemies":"hubris:GrandSnecko","floor":52,"turns":3},{"damage":0,"enemies":"Shield and Spear","floor":56,"turns":3},{"damage":80,"enemies":"The Heart","floor":57,"turns":5}],"seed_played":"-5904112168195358292","potions_obtained":[{"floor":1.0,"key":"Milkshake"},{"floor":14.0,"key":"Fire Potion"},{"floor":16.0,"key":"BottledSpark"},{"floor":18.0,"key":"DistilledChaos"},{"floor":23.0,"key":"SkillPotion"},{"floor":25.0,"key":"FearPotion"},{"floor":30.0,"key":"Guardian:BlockOnCardUsePotion"},{"floor":31.0,"key":"DuplicationPotion"},{"floor":31.0,"key":"GamblersBrew"},{"floor":33.0,"key":"Ancient Potion"},{"floor":35.0,"key":"Languid Potion"},{"floor":37.0,"key":"Venom Potion"},{"floor":39,"key":"Regen Potion"},{"floor":46,"key":"AttackPotion"},{"floor":49,"key":"LiquidBronze"},{"floor":56,"key":"Milkshake"}],"is_trial":false,"path_per_floor":["M","M","?","?","?","M","R","M","T","$","?","$","R","M","R_BF","B",null,"M","?","?","M","M","E","R","E","T","PTL","PTL","R","?","?","M","E","R_BF","B",null,"M","?","M","?","M","E","R","$","T","M","$","M","M","?","R","B",null,"R","$","E","B"],"character_chosen":"MARISA","items_purchased":["BinaryStars+1","Grinning Jar","Acceleration+1","DollysMirror","IllusionStar+1","StarDustReverie+1"],"campfire_rested":1,"item_purchase_floors":[10,44,44,44,47,55],"current_hp_per_floor":[75,75,57,57,57,57,57,55,55,55,55,55,55,48,48,31,75,75,75,75,75,75,75,75,67,67,67,67,75,63,63,56,62,62,55,75,77,77,77,77,77,77,77,77,77,76,76,75,75,75,75,66,77,77,77,77,0,0],"gold":322,"neow_bonus":"THREE_ENEMY_KILL","is_daily":false,"chose_seed":false,"campfire_upgraded":5,"win_rate":0.0,"timestamp":1608451050,"path_taken":["M","M","?","?","?","M","R","?","T","$","?","?","R","M","R_BF","BOSS","M","?","?","M","M","E","R","E","T","PTL","PTL","R","?","?","?","E","R_BF","BOSS","M","?","M","?","M","E","R","$","T","?","?","?","?","?","R","BOSS","R","$","E","BOSS"],"items_purchased_type":["Card","Relic","Card","Relic","Card","Card"],"build_version":"2020-12-13","purchased_purges":2,"victory":false,"max_hp_per_floor":[75,75,75,75,75,75,75,75,75,75,75,75,75,75,75,75,75,75,75,75,75,75,75,75,75,75,75,75,75,75,75,75,81,81,81,81,81,81,81,81,81,81,81,81,81,81,81,81,81,81,81,81,81,81,81,81,81,81],"relic_stats":{"Dream Catcher":1,"counters":[25,91],"Astrolabe":["ShootingEcho","SuperPerseids","DragonMeteor"],"obtain_stats":[{"MoreBug":3,"ReplayFunnel":56,"Lantern":9,"NeowsBlessing":0,"Astrolabe":17,"vexMod:BerryBomb":33,"Incense Burner":30,"Letter Opener":21,"MagicDraw3":45,"hubris:TerracottaHorce":36,"Dream Catcher":23,"Sundial":42,"DollysMirror":44,"Shuriken":48,"Ornamental Fan":49,"Molten Egg 2":25,"ReplayTheSpireMod:TigerMarble":19,"MiniHakkero":0,"Kunai":39,"Toxic Egg 2":5,"conspire:DeflatedDodgeball":42,"Grinning Jar":44},{"MoreBug":2,"ReplayFunnel":24,"Lantern":4,"NeowsBlessing":0,"Astrolabe":6,"vexMod:BerryBomb":14,"Incense Burner":12,"Letter Opener":8,"MagicDraw3":19,"hubris:TerracottaHorce":15,"Dream Catcher":10,"Sundial":19,"DollysMirror":19,"Shuriken":21,"Ornamental Fan":22,"Molten Egg 2":11,"ReplayTheSpireMod:TigerMarble":7,"MiniHakkero":0,"Kunai":17,"Toxic Egg 2":2,"conspire:DeflatedDodgeball":19,"Grinning Jar":19},{"MoreBug":2,"ReplayFunnel":86,"Lantern":6,"NeowsBlessing":0,"Astrolabe":23,"vexMod:BerryBomb":54,"Incense Burner":46,"Letter Opener":27,"MagicDraw3":71,"hubris:TerracottaHorce":57,"Dream Catcher":35,"Sundial":69,"DollysMirror":71,"Shuriken":76,"Ornamental Fan":79,"Molten Egg 2":39,"ReplayTheSpireMod:TigerMarble":26,"MiniHakkero":0,"Kunai":63,"Toxic Egg 2":2,"conspire:DeflatedDodgeball":71,"Grinning Jar":71}]},"card_choices":[{"not_picked":["GrandCross","SporeBomb"],"picked":"GasGiant","floor":1.0},{"not_picked":["WitchOfGreed","Acceleration"],"picked":"AsteroidBelt","floor":2.0},{"not_picked":["ShootingEcho","WitchLeyline"],"picked":"EnergyRecoil+1","floor":6.0},{"not_picked":["SporeBomb+1","GravityBeat"],"picked":"IllusionStar+1","floor":8.0},{"not_picked":["NonDirectionalLaser","Singularity"],"picked":"PulseMagic+1","floor":14.0},{"not_picked":["BigCrunch+1","BinaryStars+1"],"picked":"StarDustReverie+1","floor":16.0},{"not_picked":["WitchLeyline","ManaConvection+1"],"picked":"MilkyWay+1","floor":18.0},{"not_picked":["DarkMatter+1","MilkyWay+1"],"picked":"MagicChant+1","floor":21.0},{"not_picked":["ManaConvection+1","BlazeAway+1"],"picked":"OpenUniverse+1","floor":22.0},{"not_picked":["WitchLeyline","IllusionStar+1"],"picked":"Acceleration+1","floor":23.0},{"not_picked":["SporeBomb+1","DC+1"],"picked":"WitchOfGreed+1","floor":25.0},{"not_picked":["DC+1","ChargeUpSpray+1"],"picked":"EnergyFlow","floor":30.0},{"not_picked":["AlicesGift+1","6A+1"],"picked":"PowerUp+1","floor":32.0},{"not_picked":["MilkyWay+1","Occultation+1"],"picked":"GalacticHalo+1","floor":33.0},{"not_picked":["CollectingQuirk+1","FinalSpark+1"],"picked":"StarDustReverie+1","floor":35.0},{"not_picked":["MilkyWay+1","BlazeAway+1"],"picked":"ManaConvection+1","floor":37.0},{"not_picked":["WitchOfGreed","NonDirectionalLaser+1"],"picked":"MilkyWay+1","floor":39},{"not_picked":["AsteroidBelt+1","MysteriousBeam+1"],"picked":"EnergyRecoil+1","floor":41},{"not_picked":["ChargeUpSpray+1","DoubleSpark+1","BigCrunch+1"],"picked":"SKIP","floor":42},{"not_picked":["PowerUp+1","DC+1","StarlightTyphoon+1"],"picked":"SKIP","floor":46},{"not_picked":["NonDirectionalLaser+1","ShootingEcho+1"],"picked":"Acceleration+1","floor":48},{"not_picked":["WitchLeyline+1","UnstableBomb+1","PropBag+1"],"picked":"SKIP","floor":49},{"not_picked":["DoubleSpark+1","MilkyWay+1","PowerUp+1"],"picked":"SKIP","floor":56}],"player_experience":174412,"relics_obtained":[{"floor":9.0,"key":"Lantern"},{"floor":23.0,"key":"Dream Catcher"},{"floor":25.0,"key":"Molten Egg 2"},{"floor":30.0,"key":"Incense Burner"},{"floor":33.0,"key":"vexMod:BerryBomb"},{"floor":42,"key":"conspire:DeflatedDodgeball"},{"floor":45,"key":"MagicDraw3"},{"floor":56,"key":"ReplayFunnel"}],"event_choices":[{"damage_healed":0.0,"max_hp_gain":0.0,"max_hp_loss":0.0,"gold_gain":0.0,"event_name":"Scrap Ooze","player_choice":"Success","floor":3.0,"gold_loss":0.0,"damage_taken":18.0,"relics_obtained":["MoreBug"]},{"damage_healed":0.0,"max_hp_gain":0.0,"max_hp_loss":0.0,"gold_gain":0.0,"event_name":"conspire:LoneGhost","player_choice":"Disagree","floor":4.0,"gold_loss":0.0,"damage_taken":0.0},{"damage_healed":0.0,"max_hp_gain":0.0,"max_hp_loss":0.0,"gold_gain":0.0,"event_name":"Lab","player_choice":"Got Potions","floor":31.0,"gold_loss":0.0,"damage_taken":0.0},{"damage_healed":0,"gold_gain":300,"player_choice":"Gold","damage_taken":0,"max_hp_gain":0,"max_hp_loss":0,"event_name":"Wheel of Change","floor":40,"gold_loss":0},{"damage_healed":0,"gold_gain":0,"player_choice":"Upgraded","damage_taken":0,"max_hp_gain":0,"max_hp_loss":0,"event_name":"Upgrade Shrine","floor":50,"gold_loss":0,"cards_upgraded":["GasGiant"]}],"is_beta":false,"boss_relics":[{"not_picked":["vexMod:ImprovementManual","Empty Cage"],"picked":"Astrolabe"},{"not_picked":["Honey Jar","aspiration:FutureDiary"],"picked":"hubris:TerracottaHorce"}],"items_purged_floors":[44,47],"is_endless":false,"potions_floor_spawned":[1,14,16,18,23,25,33,35,39,46,49,56],"killed_by":"The Heart","ascension_level":3}}