{"host":"ix2a18c4ohfsrslv","time":1608497266,"event":{"mods":["BaseMod","Better Third Choice","Downfall","Halation","Marisa????????","Minty Spire (QoL Compilation)","Replay The Spire","StSLib","The Bladedancer","The Blue Laboratory"],"gold_per_floor":[119,119,119,132,155,188,200,200,255,95,106,67,67,83,83,184,234,248,188,140,140,140,69,115,15,41,60,60,60,60,76,76,179,179,199,199,199,215,12,38,50,50,96,96,96],"floor_reached":44,"playtime":2105,"items_purged":["Strike_B","Strike_B"],"score":477,"play_id":"495ec12d-2f60-4fb0-8cda-b32c8e945007","local_time":"20201220124746","is_ascension_mode":false,"campfire_choices":[{"floor":8,"key":"REST"},{"floor":15,"key":"REST"},{"floor":28,"key":"REST"},{"floor":30,"key":"REST"},{"floor":32,"key":"REST"},{"data":"Defend_B+1","floor":42,"key":"SMITH"}],"circlet_count":0,"master_deck":["Strike_B+3","Defend_B+3","Defend_B+2","Defend_B+2","Defend_B+2","Zap+1","Dualcast+1","Go for the Eyes+1","ReplayTheSpireMod:Calculation Training+1","Gash+1","Electrodynamics+1","FTL+1","Loop+1","Hologram+1","BasicCrystalCard+1","BasicCrystalCard+1","Leap+1","Gash+1","ReplayTheSpireMod:IOU","Hologram+1","Defragment+1","All For One+1","Time Bomb+1","Thunder Strike","Defragment+1"],"relics":["Cracked Core","ReplayTheSpireMod:TigerMarble","ReplayTheSpireMod:Lightbulb","Replay:Wax Seal","Gremlin Food","Tiny House","MutagenicStrength","halation:TwoAmDonut","Simple Rune","Blue Doll","Replay:Antivirus Software","Black Star","Mark of the Bloom","Vajra","War Paint","Gremlin Horn","Potion Belt"],"acts_visited":["Exordium","TheCity","TheBeyond"],"potions_floor_usage":[6,16,16,33,33,33,40,44],"damage_taken":[{"damage":5,"enemies":"Small Slimes","floor":1,"turns":3},{"damage":1,"enemies":"Jaw Worm","floor":4,"turns":3},{"damage":34,"enemies":"3 Sentries","floor":6,"turns":8},{"damage":0,"enemies":"Cultist","floor":7,"turns":2},{"damage":15,"enemies":"Lots of Slimes","floor":11,"turns":2},{"damage":5,"enemies":"2 Fungi Beasts","floor":14,"turns":3},{"damage":30,"enemies":"Hexaghost","floor":16,"turns":8},{"damage":16,"enemies":"2 Thieves","floor":18,"turns":3},{"damage":32,"enemies":"Slavers","floor":23,"turns":4},{"damage":21,"enemies":"Spheric Guardian","floor":27,"turns":4},{"damage":27,"enemies":"Snake Plant","floor":31,"turns":5},{"damage":45,"enemies":"Automaton","floor":33,"turns":11},{"damage":2,"enemies":"3 Shapes","floor":35,"turns":4},{"damage":7,"enemies":"3 Darklings","floor":38,"turns":3},{"damage":47,"enemies":"Nemesis","floor":40,"turns":7},{"damage":15,"enemies":"Spire Growth","floor":41,"turns":5},{"damage":12,"enemies":"4 Shapes","floor":44,"turns":1}],"seed_played":"-57249799558480557","potions_obtained":[{"floor":1,"key":"blueLaboratory:AbyssPotion"},{"floor":6,"key":"blueLaboratory:BottleOfRum"},{"floor":11,"key":"blueLaboratory:NullPotion"},{"floor":16,"key":"BlessingOfTheForge"},{"floor":17,"key":"Adrenaline Potion"},{"floor":23,"key":"Fire Potion"},{"floor":40,"key":"Weak Potion"}],"is_trial":false,"path_per_floor":["M","?","?","M","T","E","M","R","T","$","M","$","?","M","R","B",null,"M","?","$","?","?","E","T","?","T","M","R","$","R","M","R","B",null,"M","?","?","M","$","E","M","R","T","M"],"character_chosen":"DEFECT","items_purchased":["FTL","Loop","Toxic Potion","BasicCrystalCard","Block Potion","Vajra","PowerPotion"],"campfire_rested":5,"item_purchase_floors":[10,10,10,12,20,39,39],"current_hp_per_floor":[70,55,55,54,54,20,20,42,42,42,27,27,20,15,37,7,80,64,64,64,64,64,32,32,32,32,11,35,35,59,32,56,11,80,78,78,78,71,71,24,9,9,9,0,0],"gold":96,"neow_bonus":"THREE_CARDS","is_daily":false,"chose_seed":false,"campfire_upgraded":1,"win_rate":0.0,"timestamp":1608497266,"path_taken":["M","?","?","M","?","E","M","R","T","$","?","?","?","?","R","BOSS","M","?","$","?","?","E","?","?","T","?","R","$","R","M","R","BOSS","M","?","?","M","$","E","M","R","T","?"],"items_purchased_type":["Card","Card","Potion","Card","Potion","Relic","Potion"],"build_version":"2020-12-13","purchased_purges":2,"victory":false,"max_hp_per_floor":[75,75,75,75,75,75,75,75,75,75,75,75,75,75,75,75,80,80,80,80,80,80,80,80,80,80,80,80,80,80,80,80,80,80,80,80,80,80,80,80,80,80,80,80,80],"card_choices":[{"not_picked":["Melter","Barrage"],"picked":"Go for the Eyes","floor":0},{"not_picked":["ReplayTheSpireMod:GoodbyeWorld","Go for the Eyes"],"picked":"ReplayTheSpireMod:Calculation Training","floor":1},{"not_picked":["Lockon","Go for the Eyes"],"picked":"Gash","floor":4},{"not_picked":["Steam","Chaos"],"picked":"Electrodynamics","floor":6},{"not_picked":["Rebound","Cold Snap","Force Field"],"picked":"SKIP","floor":7},{"not_picked":["Ball Lightning","FTL"],"picked":"Hologram","floor":11},{"not_picked":["Go for the Eyes","Coolheaded","ReplayTheSpireMod:Repulse"],"picked":"SKIP","floor":14},{"not_picked":["Skim","Coolheaded"],"picked":"Leap","floor":17},{"not_picked":["ReplayTheSpireMod:Repulse+1","Static Discharge+1"],"picked":"Gash","floor":18},{"not_picked":["Leap","Streamline"],"picked":"Hologram","floor":23},{"not_picked":["Compile Driver","Ball Lightning","Sweeping Beam"],"picked":"SKIP","floor":27},{"not_picked":["Cold Snap","Go for the Eyes"],"picked":"Defragment","floor":31},{"not_picked":["Creative AI","Multi-Cast"],"picked":"All For One","floor":33},{"not_picked":["Coolheaded","Cold Snap+1"],"picked":"Time Bomb","floor":35},{"not_picked":["Compile Driver","Hello World+1"],"picked":"Defragment+1","floor":38},{"not_picked":["Chaos","Heatsinks+1","Force Field+1"],"picked":"SKIP","floor":40},{"not_picked":["Hologram+1","Self Repair","Rip and Tear+1"],"picked":"SKIP","floor":41}],"player_experience":85631,"relics_obtained":[{"floor":5,"key":"ReplayTheSpireMod:TigerMarble"},{"floor":6,"key":"ReplayTheSpireMod:Lightbulb"},{"floor":9,"key":"Replay:Wax Seal"},{"floor":23,"key":"halation:TwoAmDonut"},{"floor":24,"key":"Simple Rune"},{"floor":26,"key":"Replay:Antivirus Software"},{"floor":40,"key":"War Paint"},{"floor":40,"key":"Gremlin Horn"},{"floor":43,"key":"Potion Belt"}],"event_choices":[{"damage_healed":70,"gold_gain":0,"player_choice":"Upgrade","damage_taken":15,"max_hp_gain":0,"max_hp_loss":75,"event_name":"betterThird:BetterShining","floor":2,"gold_loss":0,"cards_upgraded":["Strike_B","ReplayTheSpireMod:Calculation Training"]},{"damage_healed":0,"gold_gain":0,"player_choice":"Relic ","damage_taken":7,"max_hp_gain":0,"max_hp_loss":0,"event_name":"betterThird:BetterScrap","floor":13,"gold_loss":0,"cards_obtained":["Dark Embrace"]},{"damage_healed":0,"gold_gain":0,"player_choice":"Inject Mutagens","damage_taken":0,"relics_obtained":["MutagenicStrength"],"max_hp_gain":0,"max_hp_loss":0,"event_name":"Drug Dealer","floor":21,"gold_loss":0},{"damage_healed":0,"gold_gain":0,"player_choice":"Ignored","damage_taken":0,"max_hp_gain":0,"max_hp_loss":0,"event_name":"Cursed Tome","floor":22,"gold_loss":0},{"damage_healed":0,"gold_gain":0,"player_choice":"Paid Gold","damage_taken":0,"relics_obtained":["Blue Doll"],"max_hp_gain":0,"max_hp_loss":0,"event_name":"WeMeetAgain","floor":25,"gold_loss":100},{"damage_healed":0,"gold_gain":0,"player_choice":"Upgrade","damage_taken":0,"relics_obtained":["Mark of the Bloom"],"max_hp_gain":0,"max_hp_loss":0,"event_name":"MindBloom","floor":36,"gold_loss":0,"cards_upgraded":["Strike_B","Strike_B","Defend_B","Defend_B","Defend_B","Defend_B","Dualcast","Go for the Eyes","Gash","Electrodynamics","Loop","Hologram","Leap","Gash","Hologram","Defragment","All For One","Time Bomb"]},{"damage_healed":0,"gold_gain":0,"cards_transformed":["Strike_B"],"player_choice":"Transformed","damage_taken":0,"max_hp_gain":0,"max_hp_loss":0,"event_name":"Transmorgrifier","floor":37,"gold_loss":0,"cards_obtained":["Thunder Strike"]}],"is_beta":false,"boss_relics":[{"not_picked":["ReplayTheSpireMod:DimensionalGlitch","Ectoplasm"],"picked":"Tiny House"},{"not_picked":["Nuclear Battery","Replay:Drink Me"],"picked":"Black Star"}],"items_purged_floors":[10,20],"is_endless":false,"potions_floor_spawned":[1,6,11,16,23,27,40],"killed_by":"4 Shapes","ascension_level":0}}