{"host":"i3w38rq1z4slkels","time":1608466498,"event":{"mods":["2.2 Compatiblity","Act Like it!","BaseMod","Better Match","Better Vampires","BetterRewards","Conspire","Downfall","Hallownest","Infinite Spire","Minty Spire (QoL Compilation)","Rare Cards Sparkle","Replay The Spire","StSLib","The Bug Knight"],"gold_per_floor":[99,124,124,124,124,158,158,192,42,71,88,73,58,58,69,170,170,95,111,111,129,129,156,156,174,24,24,24,24,35,35,49,148,148,148,148,148,270,295,295,342,374,394,394,406,419,86,96,111,211,211,211,211,230,230,230,250,275,308,323,323,323,340,188,204,224,329,329,329,340,340,340,370,370,405,405,436,131,145,177,190,208,228,329,329,329,329,329,344,229,245,277,306,340,340,340,340,350,0,18,118,118,118,132,139,147,155,155,173,175,175,192,200,200,125,55,62,158,158,158,182,191,191,179,35,59,59,14,14,32,32,32,39,100,186,186,186,199,210,213,213,140,154,76,84,84,86,59,59,56,61,140,140,140,149,149,149,170,194,213,238,238,263,270,146,152,152,170,105,105,105,131,131,158,158,158,180,247,276,276,201,201,213,213],"floor_reached":183,"playtime":11597,"items_purged":["Guardian:Defend_Guardian","Guardian:Strike_Guardian","Guardian:TimeSifter","Guardian:Defend_Guardian+1","Guardian:Gem_Yellow"],"score":5719,"play_id":"fa027811-34e0-4b41-a8bf-40e40662a0c9","local_time":"20201220191458","is_ascension_mode":true,"campfire_choices":[{"floor":1.0,"key":"RECALL"},{"data":"Guardian:CurlUp","floor":9.0,"key":"SMITH"},{"data":"Guardian:GemFinder","floor":18.0,"key":"SMITH"},{"data":"Guardian:PrismaticBeam","floor":20.0,"key":"SMITH"},{"data":"Guardian:PrismaticBarrier","floor":22.0,"key":"SMITH"},{"data":"Guardian:ExploitGems","floor":27.0,"key":"SMITH"},{"data":"Guardian:TwinSlam","floor":35.0,"key":"SMITH"},{"data":"1","floor":37.0,"key":"LIFT"},{"data":"2","floor":44.0,"key":"LIFT"},{"data":"3","floor":52.0,"key":"LIFT"},{"data":"After Image","floor":56.0,"key":"SMITH"},{"data":"Guardian:PiercingHide","floor":61.0,"key":"SMITH"},{"data":"Guardian:Defend_Guardian","floor":69.0,"key":"SMITH"},{"floor":71.0,"key":"REST"},{"floor":74.0,"key":"REST"},{"floor":76.0,"key":"REST"},{"data":"Juggernaut","floor":88.0,"key":"SMITH"},{"data":"infinitespire:TheBestDefense","floor":95.0,"key":"SMITH"},{"data":"Guardian:BaubleBeam","floor":103.0,"key":"SMITH"},{"data":"Guardian:WalkerClaw","floor":108.0,"key":"SMITH"},{"floor":111.0,"key":"REST"},{"data":"Guardian:SphericShield","floor":120.0,"key":"SMITH"},{"data":"Replay:GuardianCast","floor":162.0,"key":"SMITH"},{"data":"sneckomod:GlitteringGambit","floor":171.0,"key":"SMITH"},{"data":"Limit Break","floor":176.0,"key":"SMITH"},{"data":"Guardian:StasisStrike","floor":180.0,"key":"SMITH"}],"circlet_count":0,"master_deck":["Guardian:CurlUp+1","Guardian:TwinSlam+1","Guardian:PrismaticBarrier+1","Guardian:PrismaticBeam+1","Guardian:PrimingBeam+1","Guardian:ExploitGems+1","Guardian:PiercingHide+1","After Image+1","Guardian:BaubleBeam+1","Juggernaut+1","infinitespire:TheBestDefense+1","Guardian:WalkerClaw+1","Guardian:SphericShield+1","Guardian:Gem_Orange","Guardian:Gem_Fragmented","Replay:GuardianCast+1","sneckomod:GlitteringGambit+1","Guardian:StasisStrike","Guardian:StasisStrike+1","Limit Break+1"],"relics":["downfall:HeartsMalice","Guardian:GemstoneGun","Pet Ghost","Girya","Blue Doll","downfall:HeartBlessingBlue","downfall:HeartBlessingRed","infinitespire:PuzzleCube","Guardian:StasisSlotReductionRelic","downfall:HeartBlessingGreen","Omamori","InkBottle","infinitespire:Cupcake","PrismaticShard","Replay:Drink Me","Blood Vial","Lantern","Guardian:PickAxe","Onion Ring","Black Star","infinitespire:Golems Mask","expansioncontent:StudyCardRelic","Tiny Chest","ReplayTheSpireMod:ShopPack","SlaversCollar","Unceasing Top","BargainBundle","Bronze Scales","Replay:Bandana","Coffee Dripper","Membership Card","conspire:RunicOctahedron","Potion Belt","Strawberry","Bag of Marbles","Replay:Bronze Core","Cracked Core","infinitespire:Lucky Rock","Question Card","Cursed Key","Guardian:DefensiveModeMoreBlock","MawBank"],"acts_visited":["Exordium","TheCity","TheBeyond","Exordium","TheCity","TheBeyond","Hallownest:Greenpath","Hallownest:CityofTears","Hallownest:KingdomsEdge","Exordium","TheCity"],"potions_floor_usage":[],"damage_taken":[{"damage":0.0,"enemies":"conspire:MimicChest","floor":2.0,"turns":1.0},{"damage":0.0,"enemies":"Gremlin Nob","floor":6.0,"turns":1.0},{"damage":0.0,"enemies":"Replay:BlueRogue","floor":8.0,"turns":1.0},{"damage":14.0,"enemies":"Gremlin Nob","floor":10.0,"turns":4.0},{"damage":0.0,"enemies":"2 Louse","floor":11.0,"turns":1.0},{"damage":0.0,"enemies":"downfall:FleeingMerchant","floor":12.0,"turns":4.0},{"damage":0.0,"enemies":"downfall:FleeingMerchant","floor":13.0,"turns":4.0},{"damage":0.0,"enemies":"conspire:RoseBush","floor":15.0,"turns":1.0},{"damage":45.0,"enemies":"downfall:Defect","floor":16.0,"turns":11.0},{"damage":0.0,"enemies":"Chosen","floor":19.0,"turns":3.0},{"damage":4.0,"enemies":"Snake Plant","floor":21.0,"turns":5.0},{"damage":0.0,"enemies":"Book of Stabbing","floor":23.0,"turns":4.0},{"damage":0.0,"enemies":"Snecko","floor":25.0,"turns":3.0},{"damage":0.0,"enemies":"downfall:FleeingMerchant","floor":26.0,"turns":4.0},{"damage":0.0,"enemies":"Centurion and Healer","floor":30.0,"turns":3.0},{"damage":0.0,"enemies":"Snake Plant","floor":32.0,"turns":2.0},{"damage":9.0,"enemies":"downfall:Watcher","floor":33.0,"turns":7.0},{"damage":0.0,"enemies":"downfall:FleeingMerchant","floor":38.0,"turns":1.0},{"damage":0.0,"enemies":"Nemesis","floor":39.0,"turns":3.0},{"damage":0.0,"enemies":"Nightmare","floor":42.0,"turns":5.0},{"damage":0.0,"enemies":"3 Shapes","floor":43.0,"turns":1.0},{"damage":0.0,"enemies":"3 Darklings","floor":45.0,"turns":1.0},{"damage":0.0,"enemies":"Transient","floor":46.0,"turns":5.0},{"damage":0.0,"enemies":"Spire Growth","floor":48.0,"turns":1.0},{"damage":0.0,"enemies":"Transient","floor":49.0,"turns":5.0},{"damage":0.0,"enemies":"downfall:Ironclad","floor":50.0,"turns":3.0},{"damage":0.0,"enemies":"Small Slimes","floor":54.0,"turns":1.0},{"damage":0.0,"enemies":"Jaw Worm","floor":57.0,"turns":1.0},{"damage":0.0,"enemies":"3 Sentries","floor":59.0,"turns":2.0},{"damage":0.0,"enemies":"conspire:RoseBush","floor":60.0,"turns":1.0},{"damage":0.0,"enemies":"3 Louse","floor":63.0,"turns":1.0},{"damage":0.0,"enemies":"Lots of Slimes","floor":65.0,"turns":1.0},{"damage":0.0,"enemies":"Blue Slaver","floor":66.0,"turns":1.0},{"damage":0.0,"enemies":"Slime Boss","floor":67.0,"turns":2.0},{"damage":0.0,"enemies":"Spheric Guardian","floor":70.0,"turns":1.0},{"damage":0.0,"enemies":"Slavers","floor":73.0,"turns":2.0},{"damage":0.0,"enemies":"Book of Stabbing","floor":75.0,"turns":2.0},{"damage":0.0,"enemies":"Nightmare","floor":77.0,"turns":3.0},{"damage":0.0,"enemies":"Shell Parasite","floor":79.0,"turns":1.0},{"damage":0.0,"enemies":"conspire:Head Lice","floor":80.0,"turns":2.0},{"damage":0.0,"enemies":"Snake Plant","floor":81.0,"turns":1.0},{"damage":0.0,"enemies":"3 Cultists","floor":82.0,"turns":2.0},{"damage":0.0,"enemies":"Cultist and Chosen","floor":83.0,"turns":2.0},{"damage":0.0,"enemies":"Automaton","floor":84.0,"turns":3.0},{"damage":0.0,"enemies":"Orb Walker","floor":89.0,"turns":1.0},{"damage":0.0,"enemies":"3 Shapes","floor":91.0,"turns":2.0},{"damage":0.0,"enemies":"Giant Head","floor":92.0,"turns":2.0},{"damage":0.0,"enemies":"Nemesis","floor":93.0,"turns":1.0},{"damage":0.0,"enemies":"Giant Head","floor":94.0,"turns":1.0},{"damage":0.0,"enemies":"Sphere and 2 Shapes","floor":98.0,"turns":1.0},{"damage":0.0,"enemies":"3 Darklings","floor":100.0,"turns":1.0},{"damage":0.0,"enemies":"Donu and Deca","floor":101.0,"turns":2.0},{"damage":0.0,"enemies":"Hallownest:eliteVengeflyKing","floor":104.0,"turns":1.0},{"damage":0.0,"enemies":"Hallownest:monsterHuskWarrior","floor":105.0,"turns":1.0},{"damage":0.0,"enemies":"Nightmare","floor":106.0,"turns":3.0},{"damage":0.0,"enemies":"Hallownest:2_MossCreeps","floor":107.0,"turns":1.0},{"damage":0.0,"enemies":"Hallownest:eliteCrystalGuardian","floor":109.0,"turns":1.0},{"damage":0.0,"enemies":"Hallownest:2_Baldur","floor":110.0,"turns":1.0},{"damage":0.0,"enemies":"Hallownest:eliteVengeflyKing","floor":112.0,"turns":1.0},{"damage":0.0,"enemies":"Hallownest:monsterAspidMother","floor":113.0,"turns":1.0},{"damage":0.0,"enemies":"Hallownest:Wandering_and_Horned","floor":117.0,"turns":1.0},{"damage":0.0,"enemies":"Hallownest:BossHornet","floor":118.0,"turns":1.0},{"damage":0.0,"enemies":"Hallownest:Nosk","floor":121.0,"turns":1.0},{"damage":0.0,"enemies":"Hallownest:3_Youths","floor":122.0,"turns":1.0},{"damage":0.0,"enemies":"Hallownest:eliteWatcherKnight","floor":124.0,"turns":5.0},{"damage":0.0,"enemies":"Hallownest:Nosk","floor":126.0,"turns":1.0},{"damage":0.0,"enemies":"Hallownest:2_Mistakes","floor":130.0,"turns":1.0},{"damage":0.0,"enemies":"Hallownest:monsterShrumalOgre","floor":133.0,"turns":1.0},{"damage":0.0,"enemies":"Hallownest:Glutton_and_Coward","floor":134.0,"turns":2.0},{"damage":0.0,"enemies":"Hallownest:BossMantisLord","floor":135.0,"turns":1.0},{"damage":0.0,"enemies":"Hallownest:eliteHiveKnight","floor":138.0,"turns":1.0},{"damage":0.0,"enemies":"Hallownest:StalkingDevout","floor":139.0,"turns":1.0},{"damage":0.0,"enemies":"Hallownest:Shield_Heavy","floor":140.0,"turns":1.0},{"damage":0.0,"enemies":"Hallownest:eliteHiveKnight","floor":143.0,"turns":1.0},{"damage":0.0,"enemies":"Nightmare","floor":145.0,"turns":1.0},{"damage":0.0,"enemies":"Hallownest:2_Littles","floor":147.0,"turns":1.0},{"damage":0.0,"enemies":"Hallownest:2_Wandering_and_1_Horned","floor":148.0,"turns":2.0},{"damage":0.0,"enemies":"Hallownest:Shield_Sturdy","floor":150.0,"turns":1.0},{"damage":0.0,"enemies":"Hallownest:2_Great","floor":151.0,"turns":1.0},{"damage":0.0,"enemies":"infinitespire:LordOfFortification","floor":152.0,"turns":1.0},{"damage":0.0,"enemies":"Small Slimes","floor":155.0,"turns":1.0},{"damage":0.0,"enemies":"Lagavulin","floor":158.0,"turns":2.0},{"damage":0.0,"enemies":"3 Sentries","floor":159.0,"turns":1.0},{"damage":0.0,"enemies":"Lagavulin","floor":160.0,"turns":1.0},{"damage":0.0,"enemies":"Gremlin Nob","floor":161.0,"turns":1.0},{"damage":0.0,"enemies":"Lagavulin","floor":163.0,"turns":1.0},{"damage":0.0,"enemies":"Jaw Worm","floor":164.0,"turns":1.0},{"damage":0.0,"enemies":"Cultist","floor":166.0,"turns":1.0},{"damage":0.0,"enemies":"2 Fungi Beasts","floor":168.0,"turns":1.0},{"damage":83.0,"enemies":"infinitespire:LordOfFortification","floor":169.0,"turns":17.0},{"damage":0.0,"enemies":"Chosen","floor":172.0,"turns":1.0},{"damage":0.0,"enemies":"Slavers","floor":174.0,"turns":1.0},{"damage":0.0,"enemies":"Gremlin Leader","floor":177.0,"turns":1.0},{"damage":0.0,"enemies":"Slavers","floor":178.0,"turns":1.0},{"damage":0.0,"enemies":"3 Byrds","floor":179.0,"turns":1.0},{"damage":0,"enemies":"Centurion and Healer","floor":183,"turns":1}],"seed_played":"-5618924283763714672","potions_obtained":[{"floor":6.0,"key":"BlessingOfTheForge"},{"floor":10.0,"key":"PowerPotion"},{"floor":11.0,"key":"DistilledChaos"},{"floor":19.0,"key":"Swift Potion"},{"floor":25.0,"key":"EntropicBrew"},{"floor":30.0,"key":"Slimebound:ThreeZeroPotion"},{"floor":32.0,"key":"Energy Potion"},{"floor":39.0,"key":"Explosive Potion"},{"floor":54.0,"key":"Fire Potion"},{"floor":75.0,"key":"LiquidMemories"},{"floor":83.0,"key":"Fruit Juice"},{"floor":89.0,"key":"Regen Potion"},{"floor":94.0,"key":"Adrenaline Potion"},{"floor":135.0,"key":"LiquidMemories"},{"floor":147.0,"key":"FearPotion"},{"floor":148.0,"key":"Explosive Potion"},{"floor":164.0,"key":"LifebloodPotion"},{"floor":166.0,"key":"EntropicBrew"}],"is_trial":false,"path_per_floor":["R","?","?","?","T","E","T","E","R","E","M","$","$","?","M","B",null,"R","M","R","M","R","E","T","M","$","R","?","?","M","AVR","M","B",null,"R","?","R","$","E","?","T","NM","M","R","M","M","?","M","M","B",null,"R","?","M","AVR","R","M","T","E","M","R","?","M","$","M","M","B",null,"R","M","R","?","E","R","E","R","NM","$","M","E","M","M","M","B",null,"R","?","R","M","$","M","E","E","E","R","AVR","?","M","$","M","B",null,"R","E","M","NM","M","R","E","M","R","E","M","AVR","?","$","M","B",null,"R","E","M","R","E","$","E","R","?","R","M","$","AVR","M","M","B",null,"R","E","E","M","AVR","$","E","$","NM","R","M","M","$","M","M","B",null,"R","M","R","?","E","E","E","E","R","E","M","$","M","AVR","M","B",null,"R","M","?","E","?","R","E","E","M","R","$","AVR","M"],"character_chosen":"GUARDIAN","items_purchased":["Guardian:ExploitGems","Blood Vial","Replay:Rubber Ducky","Guardian:BaubleBeam","Guardian:Gem_White","ReplayTheSpireMod:ShopPack","Guardian:WalkerClaw","BargainBundle","Guardian:Gem_Purple","Bronze Scales","Languid Potion","Guardian:Gem_Fragmented","Membership Card","Strawberry","Bag of Marbles","infinitespire:Lucky Rock","Guardian:StasisStrike","Guardian:DefensiveModeMoreBlock"],"campfire_rested":4,"item_purchase_floors":[26,38,64,78,78,78,90,99,99,99,99,116,125,142,144,165,165,181],"current_hp_per_floor":[80,80,80,80,80,80,80,80,90,76,76,76,76,76,76,31,75,75,75,75,71,71,71,71,71,71,71,71,71,71,71,71,62,67,67,67,67,67,68,68,68,68,68,68,68,68,77,77,77,77,77,77,77,77,77,77,77,77,77,77,77,77,77,77,77,77,77,77,77,77,77,77,77,77,77,77,77,77,77,77,77,77,82,82,82,82,82,82,82,82,82,82,82,82,82,82,82,82,82,82,82,82,82,82,82,82,82,82,82,82,82,82,82,82,82,82,82,82,82,82,82,82,82,82,82,82,82,88,88,88,88,88,88,88,88,88,88,88,88,88,88,95,95,95,95,95,95,95,95,95,95,95,95,95,95,95,95,95,95,95,95,95,95,95,95,95,95,95,24,77,77,79,79,81,81,81,83,85,87,87,87,87,89,89],"gold":213,"neow_bonus":"THREE_ENEMY_KILL","is_daily":false,"chose_seed":false,"campfire_upgraded":18,"win_rate":0.0,"timestamp":1608466498,"path_taken":["R","?","?","?","?","E","T","E","R","E","?","?","$","?","M","BOSS","R","M","R","?","R","E","T","M","$","R","?","?","M","AVR","M","BOSS","R","?","R","$","E","?","T","NM","M","R","?","M","?","M","M","BOSS","R","?","M","AVR","R","M","T","E","M","R","?","M","$","M","M","BOSS","R","M","R","?","?","R","E","R","NM","$","M","?","?","M","M","BOSS","R","?","R","M","$","?","E","E","?","R","AVR","?","?","?","M","BOSS","R","?","M","NM","M","R","E","M","R","E","M","AVR","?","$","M","BOSS","R","E","?","R","E","$","E","R","?","R","M","$","AVR","M","M","BOSS","R","E","?","?","AVR","$","E","?","NM","R","M","M","$","M","M","BOSS","R","M","R","?","E","?","E","E","R","E","?","$","?","AVR","M","BOSS","R","M","?","?","?","R","E","E","M","R","$","AVR","M"],"items_purchased_type":["Card","Relic","Relic","Card","Card","Relic","Card","Relic","Card","Relic","Potion","Card","Relic","Relic","Relic","Relic","Card","Relic"],"build_version":"2020-12-13","purchased_purges":5,"victory":false,"max_hp_per_floor":[80,80,80,80,80,80,80,80,90,90,90,90,90,90,90,90,90,90,90,90,90,90,90,90,90,90,90,90,90,90,90,90,90,68,68,68,68,68,68,68,68,68,68,68,68,68,77,77,77,77,77,77,77,77,77,77,77,77,77,77,77,77,77,77,77,77,77,77,77,77,77,77,77,77,77,77,77,77,77,77,77,77,82,82,82,82,82,82,82,82,82,82,82,82,82,82,82,82,82,82,82,82,82,82,82,82,82,82,82,82,82,82,82,82,82,82,82,82,82,82,82,82,82,82,82,82,82,88,88,88,88,88,88,88,88,88,88,88,88,88,88,95,95,95,95,95,95,95,95,95,95,95,95,95,95,95,95,95,95,95,95,95,95,95,95,95,95,95,95,95,95,95,95,95,95,95,95,95,95,95,95,95,95,95],"card_choices":[{"not_picked":["Guardian:DecasProtection","Guardian:SentryBeam"],"picked":"Guardian:Gem_Crimson","floor":2.0},{"not_picked":["Guardian:EvasiveProtocol","Guardian:WalkerClaw"],"picked":"Guardian:Gem_Purple","floor":6.0},{"not_picked":["Guardian:PrimingBeam","Guardian:ChargeCore","Guardian:Gem_Blue"],"picked":"SKIP","floor":8.0},{"not_picked":["Guardian:PrimingBeam","Guardian:ChargeCore","Guardian:Gem_Blue"],"picked":"SKIP","floor":8.0},{"not_picked":["Guardian:Suspension","Guardian:GuardianWhirl"],"picked":"Guardian:PrismaticBarrier","floor":10.0},{"not_picked":["Guardian:PrimingBeam","Guardian:FloatingOrbs"],"picked":"Guardian:PrismaticBeam","floor":11.0},{"not_picked":["Guardian:FierceBash","Guardian:WalkerClaw"],"picked":"Guardian:Gem_Crimson","floor":12.0},{"not_picked":["Guardian:Gem_Yellow","Guardian:Gem_Lightblue"],"picked":"Guardian:Gem_Red","floor":13.0},{"not_picked":["Guardian:Planning","Guardian:PiercingHide"],"picked":"Guardian:Gem_Cyan","floor":15.0},{"not_picked":["Guardian:FierceBash","Guardian:ExploitGems"],"picked":"Guardian:GemFinder","floor":16.0},{"not_picked":["Guardian:Gem_Cyan","Guardian:Gem_Green"],"picked":"Guardian:Gem_Lightblue","floor":19.0},{"not_picked":["Guardian:DonusPower+1","Guardian:PrimingBeam","Guardian:WalkerClaw"],"picked":"SKIP","floor":19.0},{"not_picked":["Guardian:Gem_Green","Guardian:Gem_Lightblue"],"picked":"Guardian:Gem_Red","floor":21.0},{"not_picked":["Guardian:PrimingBeam","Guardian:Recover+1"],"picked":"Guardian:Gem_Blue","floor":21.0},{"not_picked":["Guardian:SentryBeam+1","Guardian:Gem_Yellow","Guardian:Harden"],"picked":"SKIP","floor":23.0},{"not_picked":["Guardian:SentryBeam+1","Guardian:Gem_Yellow","Guardian:Harden"],"picked":"SKIP","floor":23.0},{"not_picked":["Guardian:ShieldCharger","Guardian:Gem_Green"],"picked":"Guardian:PrimingBeam","floor":25.0},{"not_picked":["Guardian:TemporalShield","Guardian:Planning+1"],"picked":"Guardian:Gem_White","floor":26.0},{"not_picked":["Guardian:Gem_Green","Guardian:Gem_Red"],"picked":"Guardian:Gem_Lightblue","floor":30.0},{"not_picked":["Guardian:CrystalBeam+1","Guardian:Orbwalk","Guardian:ChargeCore"],"picked":"SKIP","floor":30.0},{"not_picked":["Guardian:Gem_Red","Guardian:Gem_Green"],"picked":"Guardian:Gem_Cyan","floor":32.0},{"not_picked":["FlyingSleeves+1","Footwork","Wild Strike"],"picked":"SKIP","floor":32.0},{"not_picked":["Guardian:Gem_Lightblue","Guardian:Gem_Red"],"picked":"Guardian:Gem_Cyan","floor":33.0},{"not_picked":["Consecrate","Dagger Throw+1","Protect"],"picked":"SKIP","floor":38.0},{"not_picked":["Defy Death","Slimebound:Chomp","Guardian:SentryBeam+1"],"picked":"SKIP","floor":39.0},{"not_picked":["Guardian:Clone+1","Deflect","CrushJoints+1"],"picked":"SKIP","floor":42.0},{"not_picked":["Guardian:Clone+1","Deflect","CrushJoints+1"],"picked":"SKIP","floor":42.0},{"not_picked":["Prostrate+1","champ:PerfectedStrike+1","Warcry"],"picked":"SKIP","floor":43.0},{"not_picked":["champ:BladeFlurry","HollowMod:QuirrelsAssistance+1","champ:GladiatorsShout"],"picked":"SKIP","floor":45.0},{"not_picked":["Slimebound:SplitBruiser+1","Protect+1","sneckomod:QuickMove"],"picked":"SKIP","floor":46.0},{"not_picked":["HollowMod:Grubsong+1","HollowMod:DungDefenderAura+1","Guardian:FierceBash"],"picked":"SKIP","floor":48.0},{"not_picked":["Slimebound:Equalize","Reckless Charge+1","champ:Haymaker+1"],"picked":"SKIP","floor":49.0},{"not_picked":["HollowMod:VoidDash","champ:StrikeOfGenius"],"picked":"After Image","floor":50.0},{"not_picked":["HollowMod:MothsMistake","champ:SwordSigil","Shrug It Off"],"picked":"SKIP","floor":54.0},{"not_picked":["Perfected Strike","Bane","hexamod:RetreatToShadows"],"picked":"SKIP","floor":57.0},{"not_picked":["Cloak And Dagger","FIFO Queue","Whirlwind"],"picked":"SKIP","floor":59.0},{"not_picked":["Replay:Hum","Crescendo","PathToVictory"],"picked":"SKIP","floor":60.0},{"not_picked":["Guardian:CrystalBeam","sneckomod:RainOfDice","Outmaneuver"],"picked":"SKIP","floor":63.0},{"not_picked":["HollowMod:LifebloodCocoon","Distraction","Coolheaded"],"picked":"SKIP","floor":65.0},{"not_picked":["sneckomod:UnknownVulnerable","FearNoEvil","HollowMod:CornifersMapStart"],"picked":"SKIP","floor":66.0},{"not_picked":["champ:BerserkersShout","sneckomod:UnknownStrike+1","Clash"],"picked":"SKIP","floor":70.0},{"not_picked":["champ:BladeFlurry","champ:Shatter+1","HollowMod:DescendingDark"],"picked":"SKIP","floor":73.0},{"not_picked":["Iron Wave+1","Heavy Blade+1","HollowMod:CycloneSlash"],"picked":"SKIP","floor":75.0},{"not_picked":["HollowMod:SoulSplash","champ:StanceDance","Blood for Blood"],"picked":"SKIP","floor":77.0},{"not_picked":["Warcry","hexamod:Haunt","Backstab"],"picked":"SKIP","floor":79.0},{"not_picked":["HollowMod:SoulSplash+1","WheelKick","ThirdEye"],"picked":"SKIP","floor":80.0},{"not_picked":["Guardian:Reroute","HollowMod:SoulSplash+1","EmptyFist"],"picked":"SKIP","floor":81.0},{"not_picked":["Guardian:Gem_Cyan","Trip","HollowMod:SharpenedShadows"],"picked":"SKIP","floor":82.0},{"not_picked":["Reprogram","Combust","Slimebound:SpikyOuterGoop"],"picked":"SKIP","floor":83.0},{"not_picked":["champ:EnchantCrown","Berserk"],"picked":"Juggernaut","floor":84.0},{"not_picked":["infinitespire:Menacing","infinitespire:FinalStrike"],"picked":"infinitespire:TheBestDefense","floor":85.0},{"not_picked":["Combust+1","Thunderclap","Skewer"],"picked":"SKIP","floor":89.0},{"not_picked":["True Grit+1","Outmaneuver+1","sneckomod:DiceCrush+1"],"picked":"SKIP","floor":91.0},{"not_picked":["Slimebound:GrowthPunch+1","champ:ShieldThrow","HollowMod:NewLittleFool"],"picked":"SKIP","floor":92.0},{"not_picked":["sneckomod:ImprovisedAttack+1","Guardian:Gem_Crimson","Slimebound:SplitBruiser+1"],"picked":"SKIP","floor":93.0},{"not_picked":["champ:CrownThrow","Clothesline","champ:PerfectedStrike+1"],"picked":"SKIP","floor":94.0},{"not_picked":["BattleHymn+1","HollowMod:HeavyBlow+1","Sweeping Beam+1"],"picked":"SKIP","floor":98.0},{"not_picked":["ReplayTheSpireMod:Tripwire+1","Survey Options","Turbo"],"picked":"SKIP","floor":100.0},{"not_picked":["sneckomod:SoulRoll","sneckomod:QuickMove","conspire:PoisonWeapons"],"picked":"SKIP","floor":104.0},{"not_picked":["hexamod:GhostLash","FollowUp","ReplayTheSpireMod:Strike From Hell"],"picked":"SKIP","floor":105.0},{"not_picked":["Warcry","Heel Hook","champ:ShieldSlam"],"picked":"SKIP","floor":106.0},{"not_picked":["Havoc","Predator","sneckomod:UnknownCommonSkill"],"picked":"SKIP","floor":107.0},{"not_picked":["Havoc","Predator","sneckomod:UnknownCommonSkill"],"picked":"SKIP","floor":107.0},{"not_picked":["Havoc","Predator","sneckomod:UnknownCommonSkill"],"picked":"SKIP","floor":107.0},{"not_picked":["Hemogenesis","BowlingBash","Slimebound:FlameTackle"],"picked":"SKIP","floor":109.0},{"not_picked":["hexamod:HeatMetal","sneckomod:UnknownClassTHE_CHAMP_GRAY","Leap"],"picked":"SKIP","floor":110.0},{"not_picked":["Heatsinks","Poison Darts","Slimebound:SlimeSpikes"],"picked":"SKIP","floor":112.0},{"not_picked":["sneckomod:UnknownCommonAttack","champ:Haymaker","ReplayTheSpireMod:Exploit Weakness"],"picked":"SKIP","floor":113.0},{"not_picked":["Guardian:GemFinder","Guardian:StasisField"],"picked":"Guardian:Gem_Orange","floor":115.0},{"not_picked":["Guardian:TimeBomb","Guardian:ShieldSpikes"],"picked":"Guardian:Gem_White","floor":115.0},{"not_picked":["hexamod:SpectersWail","sneckomod:QuickMove","HollowMod:SiblingsSouls"],"picked":"SKIP","floor":117.0},{"not_picked":["HollowMod:Weaversong","Burst"],"picked":"Guardian:SphericShield","floor":118.0},{"not_picked":["sneckomod:DiceBoulder","ReplayTheSpireMod:Necrogeddon","Nirvana"],"picked":"SKIP","floor":121.0},{"not_picked":["Cleave","sneckomod:UnknownClassBLUE","Hemokinesis+1"],"picked":"SKIP","floor":122.0},{"not_picked":["Dropkick","Redo","Bandage Up"],"picked":"SKIP","floor":124.0},{"not_picked":["FTL+1","hexamod:CatchUp+1","hexamod:TimeWarp"],"picked":"SKIP","floor":126.0},{"not_picked":["infinitespire:OneForAll","ClearTheMind+1","HollowMod:GoodIntentions"],"picked":"SKIP","floor":130.0},{"not_picked":["expansioncontent:SlimeTackle+1","HollowMod:DescendingDark+1","conspire:Banana"],"picked":"SKIP","floor":133.0},{"not_picked":["sneckomod:UnknownVulnerable","champ:Backstep","ReachHeaven"],"picked":"SKIP","floor":134.0},{"not_picked":["Guardian:Preprogram+1","Flash of Steel","ReplayTheSpireMod:Stacked"],"picked":"SKIP","floor":138.0},{"not_picked":["Dodge and Roll+1","Guardian:Suspension","HollowMod:SiblingsSouls"],"picked":"SKIP","floor":139.0},{"not_picked":["Skewer+1","FlurryOfBlows+1","Slimebound:SlimeSpikes+1"],"picked":"SKIP","floor":140.0},{"not_picked":["Guardian:TemporalStrike+1","sneckomod:UnknownDexterity+1","champ:CrookedStrike"],"picked":"SKIP","floor":143.0},{"not_picked":["champ:BladeFlurry","HollowMod:ChannelNail+1","Self Repair+1"],"picked":"SKIP","floor":145.0},{"not_picked":["hexamod:SuperheatedStrike","Slimebound:Equalize+1","Rebound"],"picked":"SKIP","floor":147.0},{"not_picked":["Slimebound:ComboTackle+1","Replay:ManipulateFuture+1","sneckomod:Rotation+1"],"picked":"SKIP","floor":148.0},{"not_picked":["Slimebound:Schlurp","sneckomod:UnknownVulnerable","Cloak And Dagger+1"],"picked":"SKIP","floor":150.0},{"not_picked":["Guardian:Gem_Red","hexamod:Hexaguard+1","Streamline"],"picked":"SKIP","floor":151.0},{"not_picked":["hexamod:FlamesFromBeyond","champ:ShieldSigil","Slimebound:Equalize"],"picked":"SKIP","floor":155.0},{"not_picked":["champ:FaceSlap","HandOfGreed","HollowMod:GoodIntentions"],"picked":"SKIP","floor":158.0},{"not_picked":["Spot Weakness","champ:FightOn","expansioncontent:SuperHexaguard"],"picked":"SKIP","floor":159.0},{"not_picked":["sneckomod:DangerNoodle","Survey Options","Slimebound:GrowthPunch"],"picked":"SKIP","floor":160.0},{"not_picked":["sneckomod:UnknownWeak","Flying Knee","Clash"],"picked":"SKIP","floor":161.0},{"not_picked":["Bandage Up","hexamod:Hexaguard"],"picked":"sneckomod:GlitteringGambit","floor":163.0},{"not_picked":["Pommel Strike","Clash","sneckomod:SerpentIdol"],"picked":"SKIP","floor":164.0},{"not_picked":["hexamod:BacktrackSmack","ReplayTheSpireMod:The Works","sneckomod:RainOfDice"],"picked":"SKIP","floor":166.0},{"not_picked":["champ:CalledShot","hexamod:GhostShield","Guardian:RollAttack","Clothesline"],"picked":"SKIP","floor":168.0},{"not_picked":["expansioncontent:Corrupt","Sadistic Nature","Transmutation"],"picked":"Limit Break","floor":169.0},{"not_picked":["Havoc+1","champ:CrookedStrike","champ:BerserkerStyle+1","sneckomod:UnknownCommonAttack"],"picked":"SKIP","floor":172.0},{"not_picked":["Shockwave","champ:Balance+1","Searing Blow","HollowMod:MonarchWings+1"],"picked":"SKIP","floor":174.0},{"not_picked":["Purity","Clash+1","Replay:AtTheReady","ConjureBlade"],"picked":"SKIP","floor":177.0},{"not_picked":["hexamod:GhostLash","Guardian:Recover","Doom and Gloom","Slimebound:Repurpose"],"picked":"SKIP","floor":178.0},{"not_picked":["Clash","Guardian:ChargeCore+1","hexamod:HauntingEcho+1","Dash"],"picked":"SKIP","floor":179.0}],"player_experience":460315,"relics_obtained":[{"floor":2.0,"key":"Guardian:GemstoneGun"},{"floor":6.0,"key":"Pet Ghost"},{"floor":7.0,"key":"Girya"},{"floor":8.0,"key":"Blue Doll"},{"floor":10.0,"key":"infinitespire:PuzzleCube"},{"floor":23.0,"key":"Omamori"},{"floor":24.0,"key":"InkBottle"},{"floor":39.0,"key":"Lantern"},{"floor":41.0,"key":"Guardian:PickAxe"},{"floor":42.0,"key":"Onion Ring"},{"floor":58.0,"key":"Tiny Chest"}],"event_choices":[{"cards_removed":["Guardian:Defend_Guardian"],"damage_healed":0.0,"max_hp_gain":0.0,"max_hp_loss":0.0,"gold_gain":0.0,"event_name":"Bonfire Elementals","player_choice":"Offered Basic","floor":14.0,"gold_loss":0.0,"damage_taken":0.0},{"damage_healed":0.0,"max_hp_gain":0.0,"max_hp_loss":0.0,"gold_gain":0.0,"event_name":"The Library","player_choice":"Read","floor":28.0,"gold_loss":0.0,"damage_taken":0.0,"cards_obtained":["Guardian:PiercingHide"]},{"cards_removed":["Guardian:GemFinder"],"damage_healed":0.0,"max_hp_gain":0.0,"max_hp_loss":0.0,"gold_gain":0.0,"event_name":"Falling","player_choice":"Removed Power","floor":40.0,"gold_loss":0.0,"damage_taken":0.0},{"damage_healed":0.0,"max_hp_gain":0.0,"max_hp_loss":0.0,"gold_gain":0.0,"event_name":"Living Wall","player_choice":"Grow","floor":62.0,"gold_loss":0.0,"damage_taken":0.0,"cards_upgraded":["Guardian:PrimingBeam"]},{"damage_healed":0.0,"max_hp_gain":0.0,"max_hp_loss":0.0,"gold_gain":0.0,"event_name":"betterMatch:BetterMatch","player_choice":"1","floor":115.0,"gold_loss":0.0,"damage_taken":0.0,"cards_obtained":["betterMatch:UncommonCard","betterMatch:RareCard","betterMatch:ColorlessUncommonCard"]},{"damage_healed":0.0,"max_hp_gain":0.0,"max_hp_loss":0.0,"gold_gain":0.0,"event_name":"conspire:Investor","player_choice":"Leave","floor":173.0,"gold_loss":0.0,"damage_taken":0.0},{"damage_healed":0.0,"max_hp_gain":0.0,"max_hp_loss":0.0,"gold_gain":0.0,"event_name":"Back to Basics","player_choice":"Simplicity","floor":175.0,"gold_loss":0.0,"damage_taken":0.0,"cards_upgraded":[]}],"is_beta":false,"boss_relics":[{"not_picked":["Tiny House","Pandora\u0027s Box"],"picked":"Guardian:StasisSlotReductionRelic"},{"not_picked":["expansioncontent:StudyCardRelic","Guardian:ModeShifterPlus"],"picked":"Replay:Drink Me"},{"not_picked":["conspire:SeveredTorchhead","Astrolabe"],"picked":"Black Star"},{"not_picked":["Runic Dome","ReplayTheSpireMod:SealedPack","Fusion Hammer"]},{"not_picked":["Replay:Grab Bag","Replay:Ancient Bell"],"picked":"SlaversCollar"},{"not_picked":["Painkiller Herb","conspire:SlowCooker","conspire:SeveredTorchhead"]},{"not_picked":["conspire:SpecialSausage","Ring of Chaos"],"picked":"Coffee Dripper"},{"not_picked":["Runic Pyramid","Cursed Key"],"picked":"conspire:RunicOctahedron"},{"not_picked":["ReplayTheSpireMod:DimensionalGlitch","Calling Bell"],"picked":"Replay:Bronze Core"},{"not_picked":["Busted Crown","Honey Jar"],"picked":"Cursed Key"}],"items_purged_floors":[38,55,90,96,132],"is_endless":true,"potions_floor_spawned":[6,10,11,19,25,30,32,39,43,45,48,54,63,66,67,75,79,81,82,83,89,94,100,105,107,110,118,124,126,134,135,138,139,147,148,160,161,163,164,166,178,179],"killed_by":"Centurion and Healer","ascension_level":5}}