{"host":"eil9x6nly2al6731","time":1608473473,"event":{"mods":["Aspiration","BaseMod","Better Third Choice","Colored Powertips","Conspire","Energized Spire","Friendly Minions","Halation","Hubris","Infinite Spire","Minty Spire (QoL Compilation)","Random Character Button","Replay The Spire","Robot Space Explorer","Shop Mod","StSLib","The Druid","The Factory","The Jungle","The Mystic","The Servant 0.9.4","TheBandit"],"gold_per_floor":[115,15,31,31,31,31,62,78,78,78,78,124,47,47,47,147,147,158,143,143,47,59,59,78,78,78,78,92,104,120,133,133,133,133],"floor_reached":33,"playtime":1106,"items_purged":[],"score":272,"play_id":"258aacb1-2003-4712-9802-52ba3b746e06","local_time":"20201220221113","is_ascension_mode":false,"campfire_choices":[{"data":"Ghostly","floor":6.0,"key":"SMITH"},{"data":"RobotSpaceExplorer:DroneSwarm","floor":11.0,"key":"SMITH"},{"data":"RobotSpaceExplorer:StarDust","floor":23.0,"key":"SMITH"},{"floor":25.0,"key":"REST"},{"data":"RobotSpaceExplorer:MetalStrike","floor":27.0,"key":"SMITH"},{"floor":32,"key":"REST"}],"circlet_count":0,"master_deck":["RobotSpaceExplorer:Strike","RobotSpaceExplorer:Strike","RobotSpaceExplorer:Strike","RobotSpaceExplorer:Strike","RobotSpaceExplorer:Defend","RobotSpaceExplorer:Defend","RobotSpaceExplorer:Defend","RobotSpaceExplorer:Defend","RobotSpaceExplorer:Scan","RobotSpaceExplorer:MiniLasers","RobotSpaceExplorer:FreezeRay","Ghostly+1","RobotSpaceExplorer:Pulsar","RobotSpaceExplorer:DroneSwarm+1","RobotSpaceExplorer:FrostMissile","RobotSpaceExplorer:PowerCollector+1","RobotSpaceExplorer:ChargingLaser","RobotSpaceExplorer:MetalStrike+1","RobotSpaceExplorer:StarDust+1","Good Instincts","RobotSpaceExplorer:Counterblock","RobotSpaceExplorer:Calculate+1","RobotSpaceExplorer:BlastShield","RobotSpaceExplorer:ScrapMissile"],"relics":["RobotSpaceExplorer:RoboCore","NeowsBlessing","halation:EternalFortune","halation:KoshaPiece","hubris:Towel","Pen Nib","infinitespire:Broken Mirror"],"acts_visited":["Exordium","TheCity"],"potions_floor_usage":[29,29],"damage_taken":[{"damage":0.0,"enemies":"2 Louse","floor":1.0,"turns":1.0},{"damage":0.0,"enemies":"Jaw Worm","floor":3.0,"turns":1.0},{"damage":0.0,"enemies":"3 Sentries","floor":7.0,"turns":1.0},{"damage":0.0,"enemies":"Small Slimes","floor":8.0,"turns":4.0},{"damage":16.0,"enemies":"conspire:MimicChest","floor":12.0,"turns":11.0},{"damage":1.0,"enemies":"Slime Boss","floor":16.0,"turns":12.0},{"damage":14.0,"enemies":"Shell Parasite","floor":18.0,"turns":8.0},{"damage":24.0,"enemies":"2 Thieves","floor":19.0,"turns":4.0},{"damage":7.0,"enemies":"Snecko","floor":22.0,"turns":5.0},{"damage":11.0,"enemies":"3 Cultists","floor":24.0,"turns":5.0},{"damage":24.0,"enemies":"Shelled Parasite and Fungi","floor":28.0,"turns":6.0},{"damage":10,"enemies":"Cultist and Chosen","floor":29,"turns":6},{"damage":0,"enemies":"Snecko","floor":30,"turns":5},{"damage":8,"enemies":"Snake Plant","floor":31,"turns":7},{"damage":25,"enemies":"Automaton","floor":33,"turns":4}],"seed_played":"8640675508220379111","potions_obtained":[{"floor":7.0,"key":"LiquidBronze"},{"floor":12.0,"key":"LiquidMemories"},{"floor":18.0,"key":"SteroidPotion"},{"floor":28.0,"key":"Doom Potion"},{"floor":30,"key":"Venom Potion"},{"floor":31,"key":"LiquidBronze"}],"is_trial":false,"path_per_floor":["M","?","M","$","?","R","E","M","T","?","R","?","$","?","R","B",null,"M","M","?","$","M","R","M","R","T","R","M","M","M","M","R","B"],"character_chosen":"RobotSpaceExplorer","items_purchased":["RobotSpaceExplorer:PowerCollector","Good Instincts"],"campfire_rested":2,"item_purchase_floors":[13,21],"current_hp_per_floor":[75,75,75,75,78,78,78,78,78,78,78,62,62,62,62,64,81,67,43,37,37,30,30,19,43,43,43,19,9,9,1,25,0,0],"gold":133,"neow_bonus":"THREE_ENEMY_KILL","is_daily":false,"chose_seed":false,"campfire_upgraded":4,"win_rate":0.0,"timestamp":1608473473,"path_taken":["M","?","M","$","?","R","E","M","T","?","R","?","$","?","R","BOSS","M","M","?","$","M","R","M","R","T","R","?","M","M","M","R","BOSS"],"items_purchased_type":["Card","Card"],"build_version":"2020-12-13","purchased_purges":0,"victory":false,"max_hp_per_floor":[75,75,75,75,78,78,78,78,78,78,78,78,78,78,78,81,81,81,81,81,81,81,81,81,81,81,81,81,81,81,81,81,81,81],"card_choices":[{"not_picked":["RobotSpaceExplorer:DoubleFind","RobotSpaceExplorer:SlimeMissile"],"picked":"RobotSpaceExplorer:FreezeRay","floor":1.0},{"not_picked":["RobotSpaceExplorer:SurgingShield","RobotSpaceExplorer:Probe"],"picked":"RobotSpaceExplorer:Pulsar","floor":3.0},{"not_picked":["RobotSpaceExplorer:SurgingStrike","RobotSpaceExplorer:TurboDodge"],"picked":"RobotSpaceExplorer:DroneSwarm","floor":7.0},{"not_picked":["RobotSpaceExplorer:SurgingStrike","RobotSpaceExplorer:RigExplosive"],"picked":"RobotSpaceExplorer:FrostMissile","floor":8.0},{"not_picked":["RobotSpaceExplorer:BlastShield","RobotSpaceExplorer:DroneSwarm"],"picked":"RobotSpaceExplorer:ChargingLaser","floor":16.0},{"not_picked":["RobotSpaceExplorer:ScrapShield","RobotSpaceExplorer:GlueShot"],"picked":"RobotSpaceExplorer:MetalStrike","floor":18.0},{"not_picked":["RobotSpaceExplorer:SlimeMissile","RobotSpaceExplorer:Exploration"],"picked":"RobotSpaceExplorer:StarDust","floor":19.0},{"not_picked":["RobotSpaceExplorer:StunGrenade","RobotSpaceExplorer:DualCore","RobotSpaceExplorer:LuckyStrike"],"picked":"SKIP","floor":22.0},{"not_picked":["RobotSpaceExplorer:DoubleBlock","RobotSpaceExplorer:LuckyStrike"],"picked":"RobotSpaceExplorer:Counterblock","floor":24.0},{"not_picked":["RobotSpaceExplorer:FrostMissile+1","RobotSpaceExplorer:Counterblock+1"],"picked":"RobotSpaceExplorer:Calculate+1","floor":28.0},{"not_picked":["RobotSpaceExplorer:MetalStrike","RobotSpaceExplorer:DualCore","RobotSpaceExplorer:SlimeMissile+1"],"picked":"SKIP","floor":29},{"not_picked":["RobotSpaceExplorer:MetalStrike","RobotSpaceExplorer:DualCore","RobotSpaceExplorer:SlimeMissile+1"],"picked":"SKIP","floor":29},{"not_picked":["RobotSpaceExplorer:Ammunition","RobotSpaceExplorer:FranticSearch"],"picked":"RobotSpaceExplorer:BlastShield","floor":30},{"not_picked":["RobotSpaceExplorer:Counterblock","RobotSpaceExplorer:SlimeMissile"],"picked":"RobotSpaceExplorer:ScrapMissile","floor":31}],"player_experience":1468623,"relics_obtained":[{"floor":7.0,"key":"halation:KoshaPiece"},{"floor":12.0,"key":"Pen Nib"},{"floor":16.0,"key":"halation:EternalFortune"},{"floor":26.0,"key":"infinitespire:Broken Mirror"}],"event_choices":[{"damage_healed":0.0,"max_hp_gain":0.0,"max_hp_loss":0.0,"gold_gain":0.0,"event_name":"conspire:LoneGhost","player_choice":"Argue","floor":2.0,"gold_loss":0.0,"damage_taken":0.0},{"damage_healed":0.0,"max_hp_gain":0.0,"max_hp_loss":0.0,"gold_gain":0.0,"event_name":"Dead Adventurer","player_choice":"Searched \u00270\u0027 times","floor":14.0,"gold_loss":0.0,"damage_taken":0.0},{"damage_healed":0.0,"max_hp_gain":0.0,"max_hp_loss":0.0,"gold_gain":0.0,"event_name":"Living Wall","player_choice":"Grow","floor":15.0,"gold_loss":0.0,"damage_taken":0.0,"cards_upgraded":["RobotSpaceExplorer:PowerCollector"]},{"damage_healed":0.0,"max_hp_gain":0.0,"max_hp_loss":0.0,"gold_gain":0.0,"event_name":"Knowing Skull","player_choice":"","floor":20.0,"potions_obtained":[],"gold_loss":0.0,"damage_taken":6.0,"cards_obtained":[]}],"is_beta":false,"boss_relics":[{"not_picked":["Replay:Bronze Core","Cursed Key","ReplayTheSpireMod:DimensionalGlitch"]}],"items_purged_floors":[],"is_endless":false,"potions_floor_spawned":[7,12,18,19,28,30,31],"killed_by":"Automaton","ascension_level":0}}