{"host":"e48gchmu8shm63ip","time":1608471131,"event":{"mods":["Abigail Mod","AchievementEnabler","Act Like it!","Bartender","BaseMod","Better Match","Better Note","Better Vampires","CapriCore","DeckTracker","Exacting","Fireblade Mod","Googly Eyes","Hallownest","Hermit","HololiveMod","Infinite Spire","Jorbs\u0027s Wanderer Trilogy","Koishi","Marisa????????","Minty Spire (QoL Compilation)","Railgun Mod","Rare Cards Sparkle","Relic Filter","Shade Mod","StSLib","The Animator","The Construct","The Death Knight","The Forsaken","The Immortal","The Judge","The Poker Player","The Servant 0.9.4","TheFirefly","TheLocksmith","TheSwordswoman","Waifu the Spire"],"gold_per_floor":[219,70,70,70,80,111,111,124,172,190,37,37,77,91,91,186,186,216,232,232,84,96,96,96,107,107,107,117,144,144,174,174,174,174,174],"floor_reached":33,"playtime":2079,"items_purged":["MokouMod:Strike"],"score":269,"play_id":"624cf629-f747-44c7-ae18-5a4af7dc6186","local_time":"20201220143211","is_ascension_mode":false,"campfire_choices":[{"floor":7,"key":"REST"},{"floor":12,"key":"REST"},{"floor":15,"key":"REST"},{"floor":23,"key":"REST"},{"floor":27,"key":"REST"},{"floor":32,"key":"REST"}],"circlet_count":0,"master_deck":["MokouMod:Strike+1","MokouMod:Strike","MokouMod:Strike+1","MokouMod:Strike","MokouMod:Defend","MokouMod:Defend","MokouMod:Defend","MokouMod:Defend","MokouMod:HeatSpark","MokouMod:FlickeringFlame","MokouMod:ResoluteFlare","MokouMod:IgnitionBarrier","MokouMod:Ventilation","MokouMod:Overheat","MokouMod:HouraiForge","MokouMod:Meltdown","MokouMod:IgnitionBlast+1","MokouMod:RoaringFlare","MokouMod:FlareStarter","MokouMod:RadiantBlade"],"relics":["MokouMod:PhoenixFeather","infinitespire:CheckeredPen","Question Card","Dream Catcher","Art of War","Sozu","Whetstone","HornCleat"],"acts_visited":["Exordium","TheCity"],"potions_floor_usage":[16],"damage_taken":[{"damage":8,"enemies":"2 Louse","floor":1,"turns":3},{"damage":6,"enemies":"Cultist","floor":5,"turns":3},{"damage":53,"enemies":"Lagavulin","floor":6,"turns":7},{"damage":1,"enemies":"Jaw Worm","floor":8,"turns":3},{"damage":5,"enemies":"Red Slaver","floor":10,"turns":4},{"damage":1,"enemies":"Exordium Wildlife","floor":13,"turns":4},{"damage":1,"enemies":"2 Fungi Beasts","floor":14,"turns":3},{"damage":68,"enemies":"Hexaghost","floor":16,"turns":15},{"damage":3,"enemies":"3 Byrds","floor":18,"turns":5},{"damage":4,"enemies":"Shell Parasite","floor":19,"turns":7},{"damage":35,"enemies":"Snake Plant","floor":22,"turns":5},{"damage":23,"enemies":"Centurion and Healer","floor":25,"turns":9},{"damage":40,"enemies":"Shelled Parasite and Fungi","floor":28,"turns":7},{"damage":50,"enemies":"Slavers","floor":29,"turns":7},{"damage":31,"enemies":"Chosen and Byrds","floor":31,"turns":8},{"damage":8152036,"enemies":"Champ","floor":33,"turns":7}],"seed_played":"6569396253502982694","potions_obtained":[{"floor":5,"key":"DeathKnight:RimePotion"},{"floor":6,"key":"Dexterity Potion"},{"floor":10,"key":"Weak Potion"},{"floor":14,"key":"Regen Potion"},{"floor":16,"key":"Fire Potion"}],"is_trial":false,"path_per_floor":["M","?","$","T","M","E","R","M","T","M","$","R","M","M","R","B",null,"M","M","?","$","M","R","?","M","T","R","M","E","?","M","R","B"],"character_chosen":"MKU","items_purchased":["MokouMod:Ventilation","Whetstone"],"campfire_rested":6,"item_purchase_floors":[11,21],"current_hp_per_floor":[67,67,67,67,61,8,30,29,29,24,24,46,45,44,66,13,75,72,68,68,68,33,55,55,32,32,54,14,18,18,13,35,0,0,0],"gold":174,"neow_bonus":"HUNDRED_GOLD","is_daily":false,"chose_seed":false,"campfire_upgraded":0,"win_rate":0.0,"timestamp":1608471131,"path_taken":["M","?","?","?","M","E","R","M","T","M","$","R","M","M","R","BOSS","M","M","?","$","M","R","?","M","T","R","M","E","?","M","R","BOSS"],"items_purchased_type":["Card","Relic"],"build_version":"2020-12-13","purchased_purges":1,"victory":false,"max_hp_per_floor":[75,75,75,75,75,75,75,75,75,75,75,75,75,75,75,75,75,75,75,75,75,75,75,75,75,75,75,75,75,75,75,75,75,75,75],"card_choices":[{"not_picked":["MokouMod:BurningDraft","MokouMod:AdaptivePyromancy"],"picked":"MokouMod:FlickeringFlame","floor":1},{"not_picked":["MokouMod:UncontrollableSolarReaction","MokouMod:ResoluteFlare","MokouMod:Cataclysm","MokouMod:IndiscriminateIgnition"],"picked":"SKIP","floor":5},{"not_picked":["MokouMod:IndiscriminateIgnition","MokouMod:ControlledCombustion","MokouMod:Combust"],"picked":"MokouMod:ResoluteFlare","floor":6},{"not_picked":["MokouMod:CrimsonFlare","MokouMod:BlazingComet","MokouMod:Singe"],"picked":"MokouMod:IgnitionBarrier","floor":8},{"not_picked":["MokouMod:IcarusDive","MokouMod:Sear","MokouMod:ResoluteFlare","MokouMod:UncontrollableSolarReaction"],"picked":"SKIP","floor":10},{"not_picked":["MokouMod:IgnitionBarrier","MokouMod:FujiyamaVolcano","MokouMod:FlickeringFlame","MokouMod:AdaptivePyromancy"],"picked":"SKIP","floor":13},{"not_picked":["MokouMod:HeatTransfer","MokouMod:FlickeringFlame","MokouMod:BlazingComet","MokouMod:Wildfire"],"picked":"SKIP","floor":14},{"not_picked":["MokouMod:BurningDraft","MokouMod:ScorchingColumn","MokouMod:ProfanedFlare"],"picked":"MokouMod:Overheat","floor":15},{"not_picked":["MokouMod:RadiantBlade","MokouMod:SpontaneousHumanCombustion","MokouMod:SearingBlow"],"picked":"MokouMod:HouraiForge","floor":16},{"not_picked":["MokouMod:UncontrollableSolarReaction","MokouMod:InfernalWave","MokouMod:EternalBurstReactor"],"picked":"MokouMod:Meltdown","floor":18},{"not_picked":["MokouMod:Sear","MokouMod:Scorch","MokouMod:EternalBurstReactor+1"],"picked":"MokouMod:IgnitionBlast+1","floor":19},{"not_picked":["MokouMod:BurningDraft","MokouMod:Wildfire+1","MokouMod:UncontrollableSolarReaction"],"picked":"MokouMod:RoaringFlare","floor":22},{"not_picked":["MokouMod:AdaptivePyromancy+1","MokouMod:InfernalWave","MokouMod:BurningDraft"],"picked":"MokouMod:FlareStarter","floor":23},{"not_picked":["MokouMod:SearingShot","MokouMod:RoaringFlare+1","MokouMod:WarmUp"],"picked":"MokouMod:RadiantBlade","floor":25},{"not_picked":["MokouMod:InfernalWave","MokouMod:ResoluteFlare+1","MokouMod:GuidingSmoke","MokouMod:CrimsonArmoury"],"picked":"SKIP","floor":28},{"not_picked":["MokouMod:Overheat","MokouMod:SearingBlow","MokouMod:Sear","MokouMod:GuidingSmoke+1"],"picked":"SKIP","floor":29},{"not_picked":["MokouMod:HeatFactory","MokouMod:Combust","MokouMod:TemporalFireSeal","MokouMod:ShiftIgnition"],"picked":"SKIP","floor":31}],"player_experience":566089,"relics_obtained":[{"floor":4,"key":"Question Card"},{"floor":6,"key":"Dream Catcher"},{"floor":9,"key":"Art of War"},{"floor":29,"key":"HornCleat"}],"event_choices":[{"damage_healed":0,"gold_gain":0,"player_choice":"Paid Gold","damage_taken":0,"relics_obtained":["infinitespire:CheckeredPen"],"max_hp_gain":0,"max_hp_loss":0,"event_name":"WeMeetAgain","floor":2,"gold_loss":149},{"damage_healed":0,"gold_gain":0,"player_choice":"Ignored","damage_taken":0,"max_hp_gain":0,"max_hp_loss":0,"event_name":"betterNote:BetterNote","floor":20,"gold_loss":0,"cards_obtained":["Iron Wave"]}],"is_beta":false,"boss_relics":[{"not_picked":["Runic Pyramid","Coffee Dripper"],"picked":"Sozu"}],"items_purged_floors":[11],"is_endless":false,"potions_floor_spawned":[5,6,10,16,19,22,31],"killed_by":"Champ","ascension_level":0}}