{"host":"7l2t4psy44vpcd9q","time":1608475804,"event":{"mods":["AchievementEnabler","BaseMod","DeckTracker","Minty Spire (QoL Compilation)","SuperFastMode"],"gold_per_floor":[112,131,1,16,16,16,48,59,86,29,29,29,29,29,29,29,29],"floor_reached":16,"playtime":420,"items_purged":["Parasite"],"score":191,"play_id":"13fed853-a22c-4f9b-9ad1-38909d09cf42","local_time":"20201220235004","is_ascension_mode":true,"campfire_choices":[{"data":"Beam Cell","floor":6,"key":"SMITH"},{"floor":12,"key":"REST"},{"floor":15,"key":"REST"}],"circlet_count":0,"master_deck":["AscendersBane","Strike_B+1","Strike_B","Strike_B+1","Strike_B","Defend_B","Defend_B","Defend_B","Defend_B","Zap+1","Dualcast","Go for the Eyes","Conserve Battery","Gash","Beam Cell+1","Rebound","BootSequence"],"relics":["Cracked Core","Smiling Mask","Whetstone","Orichalcum"],"acts_visited":["Exordium"],"potions_floor_usage":[2,7,8,16],"damage_taken":[{"damage":7,"enemies":"2 Louse","floor":1,"turns":3},{"damage":1,"enemies":"Small Slimes","floor":2,"turns":3},{"damage":9,"enemies":"Jaw Worm","floor":4,"turns":4},{"damage":34,"enemies":"Gremlin Nob","floor":7,"turns":4},{"damage":7,"enemies":"2 Fungi Beasts","floor":8,"turns":3},{"damage":67,"enemies":"The Guardian","floor":16,"turns":11}],"seed_played":"-2687708942094187413","potions_obtained":[{"floor":1,"key":"Explosive Potion"},{"floor":4,"key":"LiquidMemories"},{"floor":7,"key":"DuplicationPotion"},{"floor":8,"key":"Regen Potion"}],"is_trial":false,"path_per_floor":["M","M","$","M","?","R","E","M","T","?","?","R","$","?","R","B"],"character_chosen":"DEFECT","items_purchased":["Gash"],"campfire_rested":2,"item_purchase_floors":[3],"current_hp_per_floor":[71,70,70,61,43,43,9,2,2,2,2,26,26,26,50,0,0],"gold":29,"neow_bonus":"TWENTY_PERCENT_HP_BONUS","is_daily":false,"chose_seed":false,"campfire_upgraded":1,"win_rate":0.0,"timestamp":1608475804,"path_taken":["M","M","$","M","?","R","E","M","T","?","?","R","$","?","R","BOSS"],"items_purchased_type":["Card"],"build_version":"2020-12-13","purchased_purges":1,"victory":false,"max_hp_per_floor":[85,85,82,82,82,82,82,82,82,82,82,82,82,82,82,82,82],"card_choices":[{"not_picked":["Hologram","Reprogram"],"picked":"Go for the Eyes","floor":1},{"not_picked":["Aggregate","Capacitor"],"picked":"Conserve Battery","floor":2},{"not_picked":["Capacitor","Leap"],"picked":"Beam Cell","floor":4},{"not_picked":["Static Discharge","Hologram"],"picked":"Rebound","floor":7},{"not_picked":["Creative AI","Cold Snap"],"picked":"BootSequence","floor":8}],"player_experience":1110190,"relics_obtained":[{"floor":7,"key":"Whetstone"},{"floor":9,"key":"Orichalcum"}],"event_choices":[{"damage_healed":0,"gold_gain":0,"player_choice":"Success","damage_taken":18,"relics_obtained":["Smiling Mask"],"max_hp_gain":0,"max_hp_loss":0,"event_name":"Scrap Ooze","floor":5,"gold_loss":0},{"damage_healed":0,"gold_gain":0,"player_choice":"Left Gold","damage_taken":0,"max_hp_gain":0,"max_hp_loss":0,"event_name":"World of Goop","floor":10,"gold_loss":57},{"damage_healed":0,"gold_gain":0,"player_choice":"Grow","damage_taken":0,"max_hp_gain":0,"max_hp_loss":0,"event_name":"Living Wall","floor":11,"gold_loss":0,"cards_upgraded":["Zap"]},{"damage_healed":0,"gold_gain":0,"player_choice":"Ignored","damage_taken":0,"max_hp_gain":0,"max_hp_loss":0,"event_name":"Shining Light","floor":14,"gold_loss":0}],"is_beta":false,"boss_relics":[],"items_purged_floors":[3],"is_endless":false,"potions_floor_spawned":[1,4,7,8],"killed_by":"The Guardian","ascension_level":19}}