{"host":"wcdwdpnxbe04tinu","time":1608450379,"event":{"mods":["BaseMod","Downfall","Minty Spire (QoL Compilation)","Relic Sorter","StSLib"],"gold_per_floor":[199,217,227,227,253,253,253,265,296,221,236,336,349,349,359,359,359],"floor_reached":16,"playtime":693,"items_purged":[],"score":112,"play_id":"98bbad38-11ef-4686-96f4-cd2d888449c6","local_time":"20201220014619","is_ascension_mode":false,"campfire_choices":[{"data":"champ:Taunt","floor":1,"key":"SMITH"},{"data":"champ:BladeFlurry","floor":4,"key":"SMITH"},{"floor":6,"key":"RECALL"},{"data":"champ:GladiatorStyle","floor":10,"key":"SMITH"}],"circlet_count":0,"master_deck":["champ:Strike","champ:Strike","champ:Strike","champ:Strike","champ:Defend","champ:Defend","champ:Defend","champ:Defend","champ:Execute","champ:Taunt+1","champ:GladiatorsShout","champ:BladeFlurry+1","champ:GladiatorStyle+1","champ:Encircle","champ:BladeFlurry"],"relics":["champ:ChampionCrown","Mercury Hourglass","Mummified Hand","Gremlin Horn","downfall:HeartBlessingRed","CloakClasp","Singing Bowl"],"acts_visited":["Exordium"],"potions_floor_usage":[5,12,12,15],"damage_taken":[{"damage":11,"enemies":"Cultist","floor":2,"turns":4},{"damage":5,"enemies":"2 Louse","floor":3,"turns":3},{"damage":26,"enemies":"3 Sentries","floor":5,"turns":7},{"damage":11,"enemies":"Jaw Worm","floor":8,"turns":2},{"damage":28,"enemies":"Gremlin Nob","floor":9,"turns":4},{"damage":0,"enemies":"2 Fungi Beasts","floor":11,"turns":3},{"damage":13,"enemies":"2 Fungi Beasts","floor":12,"turns":5},{"damage":0,"enemies":"Large Slime","floor":13,"turns":2},{"damage":2,"enemies":"Lots of Slimes","floor":15,"turns":2},{"damage":38,"enemies":"downfall:Defect","floor":16,"turns":5}],"seed_played":"-502805862519318493","potions_obtained":[{"floor":3,"key":"PowerPotion"},{"floor":9,"key":"sneckomod:MuddlingPotion"},{"floor":11,"key":"champ:UltimateStancePotion"},{"floor":13,"key":"LiquidMemories"}],"is_trial":false,"path_per_floor":["R","M","M","R","E","R","T","M","E","R","M","?","M","T","M","B"],"character_chosen":"THE_CHAMP","items_purchased":[],"campfire_rested":0,"item_purchase_floors":[],"current_hp_per_floor":[90,89,89,89,63,63,63,52,24,24,24,24,24,24,24,0,0],"gold":359,"neow_bonus":"HUNDRED_GOLD","is_daily":false,"chose_seed":false,"campfire_upgraded":3,"win_rate":0.0,"timestamp":1608450379,"path_taken":["R","M","M","R","E","R","T","M","E","R","?","?","M","?","M","BOSS"],"items_purchased_type":[],"build_version":"2020-12-13","purchased_purges":0,"victory":false,"max_hp_per_floor":[90,90,90,90,90,90,90,90,90,90,90,90,90,90,90,90,90],"card_choices":[{"not_picked":["champ:AdrenalArmor","champ:BerserkersShout"],"picked":"champ:GladiatorsShout","floor":2},{"not_picked":["champ:BerserkersShout","champ:SwordSigil"],"picked":"champ:BladeFlurry","floor":3},{"not_picked":["champ:Backstep","champ:RageSigil"],"picked":"champ:GladiatorStyle","floor":5},{"not_picked":["champ:GutPunch","champ:Encircle","champ:BladeFlurry"],"picked":"SKIP","floor":8},{"not_picked":["champ:PerfectedStrike","champ:BerserkersShout","champ:SwordThrow"],"picked":"SKIP","floor":9},{"not_picked":["champ:FocusedGladiator","champ:ShieldWall"],"picked":"champ:Encircle","floor":11},{"not_picked":["champ:CrookedStrike","champ:ShieldSigil","champ:AdrenalArmor"],"picked":"SKIP","floor":13},{"not_picked":["champ:FaceSlap","champ:FlashCut"],"picked":"champ:BladeFlurry","floor":15}],"player_experience":522165,"relics_obtained":[{"floor":5,"key":"Mercury Hourglass"},{"floor":7,"key":"Mummified Hand"},{"floor":9,"key":"Gremlin Horn"},{"floor":12,"key":"CloakClasp"},{"floor":14,"key":"Singing Bowl"}],"event_choices":[],"is_beta":false,"boss_relics":[],"items_purged_floors":[],"is_endless":false,"potions_floor_spawned":[3,9,11,13],"killed_by":"downfall:Defect","ascension_level":0}}