{"host":"wwqaob8nn4pt4am5","time":1608443875,"event":{"mods":["BaseMod","Better Vampires","Colored Map","Colored Powertips","KinomotoSakuraMod(ƒæ÷Æ±æ”£)","Marisa£®ÏF”Í°°ƒß¿Ì…≥£©","Minty Spire (QoL Compilation)","MostiFishMod","Quick Restart","Remilia£®¿Ÿ√◊¿Ú—«£©","Replay The Spire","StSLib","The Cursed","The Servant 0.9.4","WarShipGirlsR/’ΩΩ¢…Ÿ≈ÆR mod","Youmu£®ªÍ∆«—˝√Œ£©","vexMod","°æ“≈ŒÔø®≈∆°øREMEMod"],"gold_per_floor":[109,127,143,157,177,177,211,223,249,249,249,267,229,229,229,326,992,1004,1004,964,984,994,1022,1039,1039,1064,1064,1081,1116,1135,1168,1168,1264,1264,1284,1301,1313,1313,1327,1327,736,763,763,775,793,793,793,804,819,833,913,913,913,913,462,488,488],"floor_reached":58,"playtime":1578,"items_purged":[],"score":1634,"play_id":"f61db066-b391-43ea-a524-b2fa1d170279","local_time":"20201220135755","is_ascension_mode":false,"campfire_choices":[{"floor":6,"key":"RECALL"},{"data":"Defragment","floor":10,"key":"SMITH"},{"data":"Beam Cell","floor":15,"key":"SMITH"},{"data":"MostiFishMod:GatherIntelligence","floor":25,"key":"SMITH"},{"data":"Capacitor","floor":27,"key":"SMITH"},{"data":"Redo","floor":32,"key":"SMITH"},{"data":"Echo Form","floor":40,"key":"SMITH"},{"data":"Gash","floor":54,"key":"SMITH"}],"circlet_count":0,"master_deck":["Strike_B+1","Strike_B","Strike_B","Strike_B","Defend_B","Defend_B","Defend_B","Defend_B+1","Zap","Dualcast","ReplayTheSpireMod:Private Reserves","Redo+1","Cold Snap","Beam Cell+1","Compile Driver","Machine Learning+1","Defragment+1","Streamline","Static Discharge+1","MostiFishMod:GatherIntelligence+1","Capacitor+1","BasicCrystalCard","REME_SelfUpgrade","Sweeping Beam","Genetic Algorithm+1","Double Energy+1","Panic Button+1","Sunder+1","Conserve Battery+1","Echo Form+1","Sunder","REME_SelfUpgrade+1","BasicCrystalCard+1","Streamline","FIFO Queue","Ball Lightning+1","Conserve Battery+1","Gash+1","Redo+1","Streamline+1","Creative AI","MostiFishMod:SparklingWater","ReplayTheSpireMod:Private Reserves","Double Energy+1"],"relics":["Cracked Core","REME_ComplimentaryCards","DaveBox","Civilization","NeowsBlessing","Question Card","Lizard Tail","Omamori","ImportantClient","vexMod:RockOfEvil","PreservedInsect","Dream Catcher","DataDisk","vexMod:TanglingVine","Counterbalance","Mummified Hand","SynthV","Replay:Mystery Machine","vexMod:InvisibilityCloak","Strawberry","Dodecahedron","Replay:WaspNest"],"acts_visited":["Exordium","TheCity","TheBeyond","TheEnding"],"potions_floor_usage":[16,16,16,44,52,52],"damage_taken":[{"damage":0,"enemies":"2 Louse","floor":1,"turns":1},{"damage":0,"enemies":"Small Slimes","floor":2,"turns":1},{"damage":0,"enemies":"Cultist","floor":3,"turns":1},{"damage":0,"enemies":"Exordium Thugs","floor":4,"turns":3},{"damage":0,"enemies":"Large Slime","floor":5,"turns":3},{"damage":7,"enemies":"3 Sentries","floor":7,"turns":3},{"damage":5,"enemies":"Lots of Slimes","floor":8,"turns":2},{"damage":0,"enemies":"Looter","floor":12,"turns":1},{"damage":0,"enemies":"Fading Forest","floor":16,"turns":7},{"damage":0,"enemies":"3 Byrds","floor":18,"turns":2},{"damage":0,"enemies":"2 Thieves","floor":21,"turns":1},{"damage":0,"enemies":"Snake Plant","floor":22,"turns":1},{"damage":15,"enemies":"Replay:Snechameleon","floor":23,"turns":2},{"damage":0,"enemies":"Snecko","floor":24,"turns":2},{"damage":0,"enemies":"3 Cultists","floor":28,"turns":2},{"damage":0,"enemies":"Book of Stabbing","floor":29,"turns":2},{"damage":0,"enemies":"Shelled Parasite and Fungi","floor":30,"turns":2},{"damage":0,"enemies":"REME_1_Revenger","floor":31,"turns":2},{"damage":0,"enemies":"Pondfish","floor":33,"turns":4},{"damage":0,"enemies":"Orb Walker","floor":35,"turns":1},{"damage":0,"enemies":"3 Darklings","floor":36,"turns":3},{"damage":2,"enemies":"Transient","floor":37,"turns":5},{"damage":0,"enemies":"Writhing Mass","floor":39,"turns":2},{"damage":0,"enemies":"R_Hoarder","floor":42,"turns":1},{"damage":0,"enemies":"Spire Growth","floor":44,"turns":1},{"damage":0,"enemies":"Sphere and 2 Shapes","floor":45,"turns":1},{"damage":0,"enemies":"4 Shapes","floor":48,"turns":2},{"damage":0,"enemies":"Writhing Mass","floor":49,"turns":1},{"damage":0,"enemies":"Jaw Worm Horde","floor":50,"turns":1},{"damage":0,"enemies":"Time Eater","floor":52,"turns":2},{"damage":0,"enemies":"Shield and Spear","floor":56,"turns":1},{"damage":11,"enemies":"The Heart","floor":57,"turns":3}],"seed_played":"3670757776696144708","potions_obtained":[{"floor":2,"key":"SpeedPotion"},{"floor":3,"key":"ColorlessPotion"},{"floor":7,"key":"Adrenaline Potion"},{"floor":12,"key":"Strength Potion"},{"floor":16,"key":"BlessingOfTheForge"},{"floor":18,"key":"DistilledChaos"},{"floor":23,"key":"Fire Potion"},{"floor":37,"key":"FairyPotion"},{"floor":44,"key":"Fruit Juice"},{"floor":45,"key":"SpeedPotion"},{"floor":49,"key":"Toxic Potion"}],"is_trial":false,"path_per_floor":["M","M","M","M","M","R","E","M","T","R","?","M","$","?","R","B",null,"M","?","?","M","M","E","M","R","T","R","M","E","M","E","R","B",null,"M","M","M","?","M","R","$","E","T","M","M","PTL","PTL","M","M","M","R_BF","B",null,"R","$","E","B",null],"character_chosen":"DEFECT","items_purchased":["Static Discharge","Counterbalance","Mummified Hand","SynthV","FIFO Queue","Strawberry","Dodecahedron","MostiFishMod:SparklingWater","ReplayTheSpireMod:Private Reserves"],"campfire_rested":0,"item_purchase_floors":[13,41,41,41,41,55,55,55,55],"current_hp_per_floor":[77,81,86,93,102,102,107,119,119,119,119,137,137,137,137,168,170,194,194,194,220,247,260,289,289,289,289,321,354,389,425,425,466,481,523,572,620,620,671,671,671,723,723,781,837,837,837,897,958,1022,1022,1087,1089,1089,1096,1163,1220],"gold":488,"neow_bonus":"THREE_ENEMY_KILL","is_daily":false,"chose_seed":false,"campfire_upgraded":7,"win_rate":0.0,"timestamp":1608443875,"path_taken":["M","M","M","M","M","R","E","M","T","R","?","M","$","?","R","BOSS","M","?","?","M","M","E","M","R","T","R","M","E","?","E","R","BOSS","M","M","M","?","?","R","$","E","T","M","M","PTL","PTL","M","M","M","R_BF","BOSS","R","$","E","BOSS"],"items_purchased_type":["Card","Relic","Relic","Relic","Card","Relic","Relic","Card","Card"],"build_version":"2020-12-13","purchased_purges":0,"victory":true,"max_hp_per_floor":[77,81,86,93,102,102,114,131,131,131,131,149,149,149,149,170,170,194,194,194,220,247,275,304,304,304,304,336,369,404,440,440,481,481,523,572,622,622,673,673,673,725,725,783,839,839,839,899,960,1024,1024,1089,1089,1089,1096,1163,1231],"card_choices":[{"not_picked":["ReplayTheSpireMod:GoodbyeWorld","FIFO Queue"],"picked":"Redo","floor":1},{"not_picked":["Sweeping Beam","Ball Lightning","Beam Cell"],"picked":"Cold Snap","floor":2},{"not_picked":["Rebound","Heatsinks","Steam Power","ReplayTheSpireMod:Repulse"],"picked":"SKIP","floor":3},{"not_picked":["Sweeping Beam","MostiFishMod:ReprogramOld","Compile Driver"],"picked":"Beam Cell","floor":4},{"not_picked":["Tempest","Barrage","Redo"],"picked":"Compile Driver","floor":5},{"not_picked":["Undo","Beam Cell","ReplayTheSpireMod:Calculation Training"],"picked":"Machine Learning","floor":7},{"not_picked":["ReplayTheSpireMod:Repulse","Turbo","Coolheaded"],"picked":"Defragment","floor":8},{"not_picked":["Conserve Battery","Rebound","Turbo"],"picked":"Streamline","floor":12},{"not_picked":["Creative AI","Rainbow","MostiFishMod:Tomorrow"],"picked":"MostiFishMod:GatherIntelligence","floor":16},{"not_picked":["Blizzard+1","Reinforced Body+1","Rip and Tear+1"],"picked":"Capacitor","floor":18},{"not_picked":["Hologram","Darkness","Lockon"],"picked":"BasicCrystalCard","floor":21},{"not_picked":["Sweeping Beam","Compile Driver","ReplayTheSpireMod:System Scan+1"],"picked":"REME_SelfUpgrade","floor":22},{"not_picked":["Turbo","ReplayTheSpireMod:Calculation Training","Steam","Compile Driver"],"picked":"Sweeping Beam","floor":23},{"not_picked":["Rebound","Conserve Battery","Sweeping Beam","MostiFishMod:ReprogramOld"],"picked":"Genetic Algorithm+1","floor":24},{"not_picked":["Ball Lightning","Beam Cell","Gash"],"picked":"Double Energy+1","floor":28},{"not_picked":["Sweeping Beam","Lockon","Buffer","Ball Lightning"],"picked":"Panic Button+1","floor":29},{"not_picked":["Reprogram+1","Turbo","Redo+1"],"picked":"Sunder+1","floor":30},{"not_picked":["Turbo+1","ReplaySort","Time Bomb"],"picked":"Conserve Battery+1","floor":31},{"not_picked":["MostiFishMod:IceShield","MostiFishMod:Exploitation","ReplayRNGCard"],"picked":"Echo Form","floor":33},{"not_picked":["Beam Cell+1","Reinforced Body","Gash+1"],"picked":"Sunder","floor":35},{"not_picked":["Streamline+1","Beam Cell+1","Sweeping Beam"],"picked":"REME_SelfUpgrade+1","floor":36},{"not_picked":["Hologram+1","Barrage+1","Coolheaded+1","MostiFishMod:ReprogramOld+1","BootSequence+1","MostiFishMod:ReadyAimFire","Ball Lightning+1"],"picked":"BasicCrystalCard+1","floor":37},{"not_picked":["Consume+1","Reinforced Body","Stack+1","Redo+1","Loop+1","Leap"],"picked":"Streamline","floor":39},{"not_picked":["MostiFishMod:FourSeasons","ReplayTheSpireMod:System Scan","REME_Compress","Compile Driver"],"picked":"Ball Lightning+1","floor":42},{"not_picked":["Ball Lightning+1","Hologram+1","Sweeping Beam"],"picked":"Conserve Battery+1","floor":44},{"not_picked":["MostiFishMod:ReprogramOld","REME_SelfUpgrade","ReplayTheSpireMod:GoodbyeWorld+1","Panic Button","BasicCrystalCard+1"],"picked":"Gash","floor":45},{"not_picked":["Turbo+1","Coolheaded+1","REME_Whirling+1","Doom and Gloom"],"picked":"Redo+1","floor":48},{"not_picked":["Leap","Sweeping Beam+1","Rebound+1"],"picked":"Streamline+1","floor":49},{"not_picked":["Genetic Algorithm","Streamline+1","Coolheaded"],"picked":"Creative AI","floor":50},{"not_picked":["Leap+1","Force Field","ReplayTheSpireMod:GoodbyeWorld+1"],"picked":"Double Energy+1","floor":56}],"player_experience":56518,"relics_obtained":[{"floor":1,"key":"Question Card"},{"floor":7,"key":"Lizard Tail"},{"floor":9,"key":"Omamori"},{"floor":16,"key":"ImportantClient"},{"floor":23,"key":"PreservedInsect"},{"floor":29,"key":"Dream Catcher"},{"floor":31,"key":"DataDisk"},{"floor":42,"key":"Replay:Mystery Machine"},{"floor":43,"key":"vexMod:InvisibilityCloak"},{"floor":56,"key":"Replay:WaspNest"}],"event_choices":[{"damage_healed":0,"gold_gain":0,"player_choice":"Upgraded","damage_taken":0,"max_hp_gain":0,"max_hp_loss":0,"event_name":"Upgrade Shrine","floor":14,"gold_loss":0,"cards_upgraded":["Static Discharge"]},{"damage_healed":0,"gold_gain":0,"player_choice":"Ignored","damage_taken":0,"max_hp_gain":0,"max_hp_loss":0,"event_name":"The Mausoleum","floor":19,"gold_loss":0},{"damage_healed":0,"gold_gain":0,"player_choice":"Upgraded Two","damage_taken":0,"max_hp_gain":0,"max_hp_loss":0,"event_name":"Designer","floor":20,"gold_loss":40,"cards_upgraded":["Strike_B","Machine Learning"]},{"damage_healed":0,"gold_gain":0,"player_choice":"Ignored","damage_taken":0,"max_hp_gain":0,"max_hp_loss":0,"event_name":"SecretPortal","floor":38,"gold_loss":0}],"is_beta":false,"boss_relics":[{"not_picked":["MostiFishMod:Hod","vexMod:DeviousBotling"],"picked":"vexMod:RockOfEvil"},{"not_picked":["Painkiller Herb","REME_DemonsWealth"],"picked":"vexMod:TanglingVine"}],"items_purged_floors":[],"is_endless":false,"potions_floor_spawned":[2,3,7,12,16,18,23,29,30,31,37,39,44,45,49],"ascension_level":0}}