{"host":"jkgg7n5hn1slsm35","time":1608458236,"event":{"mods":["Aspiration","BaseMod","BetterRewards","Conspire","Googly Eyes","Gremlin Skip","Halation","Highlight Path","Hubris","Infinite Spire","Minty Spire (QoL Compilation)","Permanent Neow","StSLib","SuperFastMode","vexMod"],"gold_per_floor":[119,119,119,119,119,119,142,176,226,226,247,272,272,272,272,397,397,418,441,204,227,227,227,243,243,288,288,288,304,304,337,337,466,466,490,490,504,517,532,532,545,545,545,545,583,635,635,680,680,739,739],"floor_reached":50,"playtime":1526,"items_purged":["Strike_R","Strike_R","Strike_R","Parasite"],"score":490,"play_id":"92b1be30-7ac1-4b3b-a646-86020b5a4764","local_time":"20201220105716","is_ascension_mode":false,"campfire_choices":[{"floor":6,"key":"REST"},{"floor":10,"key":"REST"},{"floor":13,"key":"REST"},{"data":"Iron Wave","floor":15,"key":"SMITH"},{"data":"Body Slam","floor":23,"key":"SMITH"},{"data":"Thunderclap","floor":25,"key":"SMITH"},{"data":"Bash","floor":28,"key":"SMITH"},{"data":"Heavy Blade","floor":32,"key":"SMITH"},{"data":"Limit Break","floor":40,"key":"SMITH"},{"data":"Pommel Strike","floor":42,"key":"SMITH"},{"data":"Defend_R","floor":44,"key":"SMITH"},{"data":"infinitespire:SevenWalls","floor":49,"key":"SMITH"}],"circlet_count":0,"master_deck":["Strike_R+1","Defend_R+1","Defend_R","Defend_R+1","Defend_R+1","Bash+1","Iron Wave+1","Iron Wave+1","Shrug It Off+1","Thunderclap+1","Body Slam+1","Heavy Blade+1","Limit Break+1","Body Slam+1","Pommel Strike+1","infinitespire:SevenWalls+1"],"relics":["Burning Blood","Dream Catcher","Golden Idol","Tiny Chest","hubris:OldNail","hubris:EvacipatedBox","infinitespire:PuzzleCube","Centennial Puzzle","War Paint","Philosopher\u0027s Stone","Membership Card","halation:PromiseList","Eternal Feather","aspiration:HiddenCompartment","Sozu","vexMod:ConsolationPrize","vexMod:RetaliationKit","Happy Flower","Akabeko"],"acts_visited":["Exordium","TheCity","TheBeyond"],"potions_floor_usage":[16,31,50,50],"damage_taken":[{"damage":0,"enemies":"Small Slimes","floor":1,"turns":3},{"damage":0,"enemies":"conspire:RoseBush","floor":7,"turns":3},{"damage":31,"enemies":"Lagavulin","floor":8,"turns":9},{"damage":0,"enemies":"Jaw Worm","floor":11,"turns":4},{"damage":8,"enemies":"Gremlin Gang","floor":12,"turns":5},{"damage":6,"enemies":"The Guardian","floor":16,"turns":14},{"damage":0,"enemies":"Spheric Guardian","floor":18,"turns":6},{"damage":0,"enemies":"Chosen","floor":19,"turns":4},{"damage":14,"enemies":"Snake Plant","floor":21,"turns":5},{"damage":0,"enemies":"conspire:HollyBat","floor":24,"turns":7},{"damage":11,"enemies":"Centurion and Healer","floor":29,"turns":5},{"damage":7,"enemies":"Nightmare","floor":31,"turns":7},{"damage":61,"enemies":"Champ","floor":33,"turns":11},{"damage":4,"enemies":"3 Darklings","floor":35,"turns":5},{"damage":0,"enemies":"Orb Walker","floor":37,"turns":2},{"damage":0,"enemies":"Writhing Mass","floor":38,"turns":5},{"damage":14,"enemies":"3 Darklings","floor":39,"turns":5},{"damage":1,"enemies":"4 Shapes","floor":41,"turns":6},{"damage":17,"enemies":"Sphere and 2 Shapes","floor":45,"turns":5},{"damage":17,"enemies":"Nemesis","floor":46,"turns":5},{"damage":65,"enemies":"Time Eater","floor":50,"turns":9}],"seed_played":"-4379778488733959572","potions_obtained":[{"floor":11,"key":"EssenceOfSteel"},{"floor":12,"key":"Strength Potion"},{"floor":16,"key":"HeartOfIron"},{"floor":21,"key":"ColorlessPotion"},{"floor":29,"key":"Dexterity Potion"},{"floor":33,"key":"Strength Potion"}],"is_trial":false,"path_per_floor":["M","?","?","?","$","R","M","E","T","R","M","M","R","T","R","B",null,"M","M","$","M","?","R","M","R","T","T","R","M","?","NM","R","B",null,"M","?","M","M","M","R","M","R","T","R","M","E","AVR","T","R","B"],"character_chosen":"IRONCLAD","items_purchased":["Tiny Chest","hubris:OldNail","hubris:EvacipatedBox","Body Slam","Membership Card"],"campfire_rested":3,"item_purchase_floors":[5,5,5,20,20],"current_hp_per_floor":[80,64,64,64,13,35,41,16,16,38,44,42,64,64,64,64,74,74,74,74,66,66,66,72,72,72,72,74,69,69,68,74,19,74,74,74,74,74,66,74,74,74,74,74,63,52,52,52,61,0,0],"gold":739,"neow_bonus":"RANDOM_COMMON_RELIC","is_daily":false,"chose_seed":false,"campfire_upgraded":9,"win_rate":0.0,"timestamp":1608458236,"path_taken":["M","?","?","?","?","R","M","E","T","R","?","M","R","?","R","BOSS","M","M","$","M","?","R","M","R","T","?","R","M","?","NM","R","BOSS","M","?","?","M","M","R","M","R","T","R","M","E","AVR","?","R","BOSS"],"items_purchased_type":["Relic","Relic","Relic","Card","Relic"],"build_version":"2020-12-13","purchased_purges":4,"victory":false,"max_hp_per_floor":[80,80,80,74,74,74,74,74,74,74,74,74,74,74,74,74,74,74,74,74,74,74,74,74,74,74,74,74,74,74,74,74,74,74,74,74,74,74,74,74,74,74,74,74,74,74,71,71,71,71,71],"card_choices":[{"not_picked":["True Grit","Carnage"],"picked":"Iron Wave","floor":1},{"not_picked":["Blood for Blood","Sword Boomerang"],"picked":"Iron Wave","floor":6},{"not_picked":["Power Through","Whirlwind","Combust"],"picked":"SKIP","floor":7},{"not_picked":["Cleave","Dark Embrace","Heavy Blade"],"picked":"SKIP","floor":8},{"not_picked":["Cleave","Headbutt","Clothesline"],"picked":"SKIP","floor":11},{"not_picked":["hubris:StunningStrike","Sword Boomerang"],"picked":"Shrug It Off","floor":12},{"not_picked":["Pummel","Blood for Blood"],"picked":"Thunderclap","floor":18},{"not_picked":["Thunderclap","Perfected Strike","Sword Boomerang"],"picked":"SKIP","floor":19},{"not_picked":["Wild Strike","Sentinel+1","Anger"],"picked":"SKIP","floor":21},{"not_picked":["Dual Wield","Anger+1","True Grit"],"picked":"SKIP","floor":24},{"not_picked":["Thunderclap+1","True Grit+1"],"picked":"Heavy Blade","floor":29},{"not_picked":["Twin Strike","Berserk","Corruption"],"picked":"SKIP","floor":31},{"not_picked":["Reaper","Demon Form"],"picked":"Limit Break","floor":33},{"not_picked":["Armaments+1","Flex","Feel No Pain"],"picked":"SKIP","floor":35},{"not_picked":["Thunderclap+1","Power Through","Sword Boomerang"],"picked":"SKIP","floor":37},{"not_picked":["Cleave+1","Dropkick"],"picked":"Pommel Strike","floor":38},{"not_picked":["Sentinel+1","Flex+1","Sword Boomerang+1"],"picked":"SKIP","floor":39},{"not_picked":["Carnage","Searing Blow+1","hubris:ReadiedAction"],"picked":"SKIP","floor":41},{"not_picked":["conspire:Charge+1","hubris:CleavingFinish","conspire:Purge"],"picked":"SKIP","floor":45},{"not_picked":["Warcry","Havoc","Cleave"],"picked":"SKIP","floor":46}],"player_experience":1771163,"relics_obtained":[{"floor":8,"key":"infinitespire:PuzzleCube"},{"floor":9,"key":"Centennial Puzzle"},{"floor":14,"key":"War Paint"},{"floor":26,"key":"halation:PromiseList"},{"floor":27,"key":"Eternal Feather"},{"floor":31,"key":"aspiration:HiddenCompartment"},{"floor":43,"key":"vexMod:ConsolationPrize"},{"floor":46,"key":"vexMod:RetaliationKit"},{"floor":48,"key":"Akabeko"}],"event_choices":[{"damage_healed":0,"gold_gain":0,"player_choice":"Entered Light","damage_taken":16,"max_hp_gain":0,"max_hp_loss":0,"event_name":"Shining Light","floor":2,"gold_loss":0,"cards_upgraded":["Strike_R","Defend_R"]},{"damage_healed":0,"gold_gain":0,"player_choice":"Lose Max HP","damage_taken":0,"relics_obtained":["Golden Idol"],"max_hp_gain":0,"max_hp_loss":6,"event_name":"Golden Idol","floor":4,"gold_loss":0},{"damage_healed":0,"gold_gain":0,"player_choice":"Ignored","damage_taken":0,"max_hp_gain":0,"max_hp_loss":0,"event_name":"NoteForYourself","floor":22,"gold_loss":0},{"cards_removed":["Strike_R"],"damage_healed":0,"gold_gain":0,"player_choice":"Purged","damage_taken":0,"max_hp_gain":0,"max_hp_loss":0,"event_name":"Purifier","floor":30,"gold_loss":0},{"damage_healed":0,"gold_gain":0,"player_choice":"Copied","damage_taken":0,"max_hp_gain":0,"max_hp_loss":0,"event_name":"Duplicator","floor":36,"gold_loss":0,"cards_obtained":["Body Slam"]}],"is_beta":false,"boss_relics":[{"not_picked":["Runic Pyramid","Mark of Pain","halation:SmartPhone"],"picked":"Philosopher\u0027s Stone"},{"not_picked":["halation:HeavySnake","Snecko Eye","SacredBark"],"picked":"Sozu"}],"items_purged_floors":[5,5,20,47],"is_endless":true,"potions_floor_spawned":[11,12,16,21,29,33,35,37,41],"killed_by":"Time Eater","ascension_level":0}}