{"host":"ecaj4hn004xnnrw9","time":1608433579,"event":{"mods":["AchievementEnabler","BaseMod","Hermit","Minty Spire (QoL Compilation)","Quick Restart","Replay The Spire","StSLib","The Cursed"],"gold_per_floor":[368,386,406,406,40,40,74,74,97,130,5,5,24,51,51,149,149,168,15,15,113,32,61,61,79,79,99,99,112,138,156,156,259,259,274,49,63,63,63,63],"floor_reached":39,"playtime":1785,"items_purged":["Pain","Strike_B","Strike_B+1"],"score":618,"play_id":"9af438b0-97b4-4c9a-bb33-27fc90f7d69e","local_time":"20201220030619","is_ascension_mode":true,"campfire_choices":[{"data":"Streamline","floor":6,"key":"SMITH"},{"data":"Barrage","floor":8,"key":"SMITH"},{"data":"Defragment","floor":15,"key":"SMITH"},{"floor":24,"key":"REST"},{"data":"Defragment","floor":28,"key":"SMITH"},{"data":"Defragment","floor":32,"key":"SMITH"}],"circlet_count":0,"master_deck":["Strike_B+1","Strike_B+1","Defend_B+1","Defend_B+1","Defend_B+1","Defend_B+1","Zap","Dualcast","Streamline+1","Melter","Capacitor","Barrage+1","ReplayTheSpireMod:Repulse","Chill","ReplaySort","Defragment+1","ReplayRNGCard","ReplayTheSpireMod:Calculation Training","Coolheaded","Hologram","Defragment+1","Defragment+1"],"relics":["Cracked Core","WarpedTongs","Calipers","Strawberry","Replay:Antivirus Software","Garlic","Mirror","Painkiller Herb","ReplayTheSpireMod:TigerMarble","Lantern","Gremlin Horn","Potion Belt","Ring of Chaos"],"acts_visited":["Exordium","TheCity","TheBeyond"],"potions_floor_usage":[7,7,14,16,23,33,33,39],"damage_taken":[{"damage":0,"enemies":"Small Slimes","floor":1,"turns":2},{"damage":1,"enemies":"Cultist","floor":2,"turns":3},{"damage":0,"enemies":"2 Louse","floor":3,"turns":2},{"damage":1,"enemies":"3 Sentries","floor":7,"turns":3},{"damage":20,"enemies":"Lagavulin","floor":10,"turns":5},{"damage":0,"enemies":"Large Slime","floor":13,"turns":4},{"damage":9,"enemies":"3 Sentries","floor":14,"turns":5},{"damage":12,"enemies":"Slime Boss","floor":16,"turns":6},{"damage":13,"enemies":"Chosen","floor":18,"turns":4},{"damage":30,"enemies":"Gremlin Leader","floor":23,"turns":6},{"damage":0,"enemies":"3 Byrds","floor":25,"turns":4},{"damage":1,"enemies":"Snake Plant","floor":27,"turns":4},{"damage":0,"enemies":"Centurion and Healer","floor":29,"turns":6},{"damage":0,"enemies":"Replay:Snechameleon","floor":30,"turns":4},{"damage":0,"enemies":"Cultist and Chosen","floor":31,"turns":5},{"damage":0,"enemies":"Automaton","floor":33,"turns":10},{"damage":58,"enemies":"3 Shapes","floor":35,"turns":4},{"damage":15,"enemies":"3 Darklings","floor":37,"turns":6},{"damage":12,"enemies":"Sphere and 2 Shapes","floor":39,"turns":3}],"seed_played":"-6958517590899233763","potions_obtained":[{"floor":1,"key":"PowerPotion"},{"floor":2,"key":"DistilledChaos"},{"floor":3,"key":"Death Potion"},{"floor":13,"key":"Venom Potion"},{"floor":18,"key":"Strength Potion"},{"floor":23,"key":"PotionOfCapacity"},{"floor":30,"key":"ColorlessPotion"},{"floor":31,"key":"Doom Potion"},{"floor":35,"key":"Elixir"}],"is_trial":false,"path_per_floor":["M","M","M","?","$","R","E","R","T","E","$","$","M","E","R","B",null,"?","T","?","?","T","E","T","?","T","?","T","?","E","?","T","B",null,"?","T","?","T","?"],"character_chosen":"DEFECT","items_purchased":["Calipers","Chill","Strength Potion","Coolheaded","Defragment","Energy Potion","Swift Potion"],"campfire_rested":1,"item_purchase_floors":[5,11,11,19,22,36,36],"current_hp_per_floor":[54,53,53,53,53,53,59,59,59,39,39,39,39,30,30,18,82,69,69,69,37,37,7,31,31,31,30,30,30,30,30,30,30,82,24,24,9,9,0,0],"gold":63,"neow_bonus":"TWO_FIFTY_GOLD","is_daily":false,"chose_seed":false,"campfire_upgraded":5,"win_rate":0.0,"timestamp":1608433579,"path_taken":["M","M","M","?","$","R","E","R","T","E","?","$","M","E","R","BOSS","?","T","?","?","T","E","T","?","T","?","T","?","E","?","T","BOSS","?","T","?","T","?"],"items_purchased_type":["Relic","Card","Potion","Card","Card","Potion","Potion"],"build_version":"2020-12-13","purchased_purges":3,"victory":false,"max_hp_per_floor":[75,75,75,75,75,75,82,82,82,82,82,82,82,82,82,82,82,82,82,82,82,82,82,82,82,82,82,82,82,82,82,82,82,82,82,82,82,82,82,82],"card_choices":[{"not_picked":["Hello World","Recycle"],"picked":"Streamline","floor":1},{"not_picked":["Go for the Eyes","Leap"],"picked":"Melter","floor":2},{"not_picked":["Leap","Turbo"],"picked":"Capacitor","floor":3},{"not_picked":["Force Field","Thunder Strike"],"picked":"Barrage","floor":7},{"not_picked":["Redo","Streamline"],"picked":"ReplayTheSpireMod:Repulse","floor":10},{"not_picked":["Beam Cell","Go for the Eyes"],"picked":"ReplaySort","floor":13},{"not_picked":["BootSequence","Doom and Gloom"],"picked":"Defragment","floor":14},{"not_picked":["ReplayTheSpireMod:Fabricate Wheel","ReplayTheSpireMod:Omega Cannon"],"picked":"ReplayRNGCard","floor":16},{"not_picked":["Compile Driver","Barrage"],"picked":"ReplayTheSpireMod:Calculation Training","floor":18},{"not_picked":["Ball Lightning","Conserve Battery"],"picked":"Hologram","floor":21},{"not_picked":["Rip and Tear+1","Compile Driver+1"],"picked":"Defragment","floor":23},{"not_picked":["Redo","ReplayTheSpireMod:Reroute Power","Doom and Gloom"],"picked":"SKIP","floor":25},{"not_picked":["ReplayTheSpireMod:System Scan","Stack","Sweeping Beam"],"picked":"SKIP","floor":27},{"not_picked":["Cold Snap","Doom and Gloom","Lockon"],"picked":"SKIP","floor":29},{"not_picked":["Redo","Cold Snap","Turbo"],"picked":"SKIP","floor":30},{"not_picked":["Steam","FTL","Melter+1"],"picked":"SKIP","floor":31},{"not_picked":["Streamline","FIFO Queue","Conserve Battery"],"picked":"SKIP","floor":35},{"not_picked":["Streamline","BasicCrystalCard","Melter+1"],"picked":"SKIP","floor":37}],"player_experience":185513,"relics_obtained":[{"floor":7,"key":"Strawberry"},{"floor":9,"key":"Replay:Antivirus Software"},{"floor":10,"key":"Garlic"},{"floor":14,"key":"Mirror"},{"floor":21,"key":"ReplayTheSpireMod:TigerMarble"},{"floor":23,"key":"Lantern"},{"floor":26,"key":"Gremlin Horn"},{"floor":30,"key":"Potion Belt"}],"event_choices":[{"damage_healed":0,"gold_gain":0,"player_choice":"Rummage","damage_taken":0,"relics_obtained":["WarpedTongs"],"max_hp_gain":0,"max_hp_loss":0,"event_name":"Accursed Blacksmith","floor":4,"gold_loss":0,"cards_obtained":["Pain"]},{"damage_healed":0,"gold_gain":0,"player_choice":"Simplicity","damage_taken":0,"max_hp_gain":0,"max_hp_loss":0,"event_name":"Back to Basics","floor":20,"gold_loss":0,"cards_upgraded":["Strike_B","Strike_B","Strike_B","Defend_B","Defend_B","Defend_B","Defend_B"]}],"is_beta":false,"boss_relics":[{"not_picked":["Fusion Hammer","Runic Pyramid"],"picked":"Painkiller Herb"},{"not_picked":["Abe\u0027s Treasure","SacredBark"],"picked":"Ring of Chaos"}],"items_purged_floors":[5,19,36],"is_endless":false,"potions_floor_spawned":[1,2,3,13,18,23,30,31,35],"killed_by":"Sphere and 2 Shapes","ascension_level":2}}