{"host":"iml8x8es9od4zowg","time":1608451649,"event":{"mods":["BaseMod","Minty Spire (QoL Compilation)","StSLib","The Jungle","¡¼?Úª?ø«¡½REMEMod"],"gold_per_floor":[20,20,40,52,227,262,262,262,289,289,304,338,109,122,122,222,222,236,236,252,252,265,294,305,305,305,340,353,503,523,180,180,275,275,287,287,287,87,104,134,54,54,54,54,72,104,119,119,119],"floor_reached":48,"playtime":3844,"items_purged":["Doubt","Shame","Strike_G"],"score":698,"play_id":"2c2c2f9f-486f-4831-ac2a-f4e32f51319e","local_time":"20201220170729","is_ascension_mode":true,"campfire_choices":[{"floor":8,"key":"REST"},{"floor":10,"key":"REST"},{"data":"Adrenaline","floor":15,"key":"SMITH"},{"floor":25,"key":"REST"},{"floor":32,"key":"REST"},{"data":"Envenom","floor":42,"key":"SMITH"},{"data":"After Image","floor":44,"key":"SMITH"}],"circlet_count":0,"master_deck":["Strike_G+1","Strike_G+1","Strike_G","Defend_G","Defend_G","Defend_G","Defend_G","Survivor","Neutralize","Adrenaline+1","Offering","Outmaneuver","Caltrops","Blur","Acrobatics","Storm of Steel+1","After Image+1","Deadly Poison+1","Blade Dance+1","PiercingWail+1","Bouncing Flask+1","Die Die Die","Outmaneuver+1","Catalyst+1","REME_MagicPocketWatch+1","Infinite Blades","Envenom+1","Madness+1","Madness+1","REME_GreenPollution","Distraction+1","Accuracy","Cloak And Dagger+1"],"relics":["Ring of the Serpent","REME_ComplimentaryCards","Whetstone","Happy Flower","PreservedInsect","Toxic Egg 2","Lee\u0027s Waffle","theJungle:PaperFaux","theJungle:WildStrawberry","Bottled Lightning","Bag of Marbles","Orichalcum","TungstenRod","Art of War"],"acts_visited":["Exordium","Exordium","TheBeyond"],"potions_floor_usage":[6,6,23,30,47,48],"damage_taken":[{"damage":6,"enemies":"Jaw Worm","floor":1,"turns":2},{"damage":6,"enemies":"Cultist","floor":3,"turns":3},{"damage":6,"enemies":"Small Slimes","floor":4,"turns":2},{"damage":36,"enemies":"Lagavulin","floor":6,"turns":10},{"damage":6,"enemies":"Looter","floor":11,"turns":2},{"damage":10,"enemies":"3 Sentries","floor":12,"turns":6},{"damage":14,"enemies":"Large Slime","floor":14,"turns":4},{"damage":32,"enemies":"Hexaghost","floor":16,"turns":11},{"damage":6,"enemies":"theJungle:GiantWrat","floor":18,"turns":4},{"damage":8,"enemies":"Shell Parasite","floor":20,"turns":4},{"damage":6,"enemies":"theJungle:Lyon","floor":22,"turns":4},{"damage":6,"enemies":"theJungle:MamaSnecko","floor":23,"turns":3},{"damage":11,"enemies":"theJungle:SlimyTreeVines","floor":24,"turns":8},{"damage":10,"enemies":"theJungle:2_Phrogs","floor":27,"turns":6},{"damage":12,"enemies":"theJungle:Snecko_Cultist_And_Trap","floor":28,"turns":5},{"damage":4,"enemies":"theJungle:Lyon","floor":30,"turns":4},{"damage":6,"enemies":"theJungle:QueenSpyder","floor":33,"turns":5},{"damage":8,"enemies":"Orb Walker","floor":35,"turns":5},{"damage":6,"enemies":"3 Shapes","floor":39,"turns":5},{"damage":15,"enemies":"Nemesis","floor":40,"turns":5},{"damage":9,"enemies":"Transient","floor":45,"turns":5},{"damage":5,"enemies":"Reptomancer","floor":46,"turns":5},{"damage":19,"enemies":"3 Darklings","floor":47,"turns":5},{"damage":14,"enemies":"Nemesis","floor":48,"turns":6}],"seed_played":"5367114433422273499","potions_obtained":[{"floor":1,"key":"Weak Potion"},{"floor":2,"key":"Regen Potion"},{"floor":2,"key":"PowerPotion"},{"floor":14,"key":"Block Potion"},{"floor":18,"key":"FearPotion"},{"floor":23,"key":"ColorlessPotion"},{"floor":30,"key":"LiquidBronze"},{"floor":33,"key":"Energy Potion"}],"is_trial":false,"path_per_floor":["M","?","M","M","?","E","?","R","T","R","M","E","$","M","R","B",null,"M","?","M","?","M","E","M","R","T","E","M","?","M","$","R","B",null,"M","?","?","$","M","E","$","R","T","R","M","E","M","E"],"character_chosen":"THE_SILENT","items_purchased":["Lee\u0027s Waffle","Catalyst+1","REME_MagicPocketWatch+1","Infinite Blades","REME_GreenPollution","Accuracy"],"campfire_rested":4,"item_purchase_floors":[13,31,31,31,38,41],"current_hp_per_floor":[64,64,58,52,52,31,19,40,40,61,55,45,77,63,63,31,77,71,71,63,56,50,44,39,64,64,54,42,42,38,38,63,57,84,76,76,65,65,59,44,44,44,44,44,35,30,11,0,0],"gold":119,"neow_bonus":"TRANSFORM_TWO_CARDS","is_daily":false,"chose_seed":false,"campfire_upgraded":3,"win_rate":0.0,"timestamp":1608451649,"path_taken":["M","?","M","?","?","E","?","R","T","R","M","E","$","M","R","BOSS","M","?","M","?","M","E","M","R","T","E","M","?","?","$","R","BOSS","M","?","?","$","M","E","?","R","T","R","M","E","?","E"],"items_purchased_type":["Relic","Card","Card","Card","Card","Card"],"build_version":"2020-12-13","purchased_purges":3,"victory":false,"max_hp_per_floor":[70,70,70,70,70,70,70,70,70,70,70,70,77,77,77,77,77,77,77,77,84,84,84,84,84,84,84,84,84,84,84,84,84,84,84,84,84,84,84,84,84,84,84,84,84,84,84,84,84],"card_choices":[{"not_picked":["Backstab","Underhanded Strike"],"picked":"Outmaneuver","floor":1},{"not_picked":["Sucker Punch","Dagger Spray","PiercingWail"],"picked":"SKIP","floor":3},{"not_picked":["Setup","Calculated Gamble"],"picked":"Caltrops","floor":4},{"not_picked":["Expertise","Deflect"],"picked":"Blur","floor":6},{"not_picked":["Flechettes","PiercingWail"],"picked":"Acrobatics","floor":11},{"not_picked":["Sucker Punch","Skewer"],"picked":"Storm of Steel+1","floor":12},{"not_picked":["Bane","Dodge and Roll+1","Skewer"],"picked":"SKIP","floor":14},{"not_picked":["Wraith Form v2","Die Die Die"],"picked":"After Image","floor":16},{"not_picked":["Flechettes","Backflip+1"],"picked":"Deadly Poison+1","floor":18},{"not_picked":["Acrobatics+1","Poisoned Stab"],"picked":"Blade Dance+1","floor":20},{"not_picked":["Dash","Dagger Throw"],"picked":"PiercingWail+1","floor":22},{"not_picked":["Underhanded Strike","Dodge and Roll+1","Bane"],"picked":"SKIP","floor":23},{"not_picked":["Eviscerate","Outmaneuver+1"],"picked":"Bouncing Flask+1","floor":24},{"not_picked":["Backflip+1","Deflect+1"],"picked":"Die Die Die","floor":27},{"not_picked":["PiercingWail+1","Flying Knee+1","Underhanded Strike+1"],"picked":"SKIP","floor":28},{"not_picked":["Slice","Concentrate+1"],"picked":"Outmaneuver+1","floor":30},{"not_picked":["After Image","Wraith Form v2"],"picked":"Envenom","floor":33},{"not_picked":["Flying Knee","Dagger Spray+1","Quick Slash"],"picked":"SKIP","floor":35},{"not_picked":["Quick Slash+1","Slice","Doppelganger+1"],"picked":"SKIP","floor":39},{"not_picked":["Flechettes","Sucker Punch"],"picked":"Distraction+1","floor":40},{"not_picked":["Endless Agony","Quick Slash+1"],"picked":"Cloak And Dagger+1","floor":45},{"not_picked":["Outmaneuver+1","Quick Slash+1","Calculated Gamble+1"],"picked":"SKIP","floor":46},{"not_picked":["Quick Slash+1","Dodge and Roll+1","Slice"],"picked":"SKIP","floor":47}],"player_experience":455271,"relics_obtained":[{"floor":6,"key":"Whetstone"},{"floor":9,"key":"PreservedInsect"},{"floor":12,"key":"Toxic Egg 2"},{"floor":23,"key":"Bottled Lightning"},{"floor":27,"key":"Bag of Marbles"},{"floor":40,"key":"Orichalcum"},{"floor":43,"key":"TungstenRod"},{"floor":46,"key":"Art of War"}],"event_choices":[{"damage_healed":0,"gold_gain":0,"player_choice":"Got Potions","damage_taken":0,"max_hp_gain":0,"max_hp_loss":0,"event_name":"Lab","floor":2,"gold_loss":0},{"damage_healed":0,"gold_gain":175,"player_choice":"AGREE","damage_taken":0,"max_hp_gain":0,"max_hp_loss":0,"event_name":"Liars Game","floor":5,"gold_loss":0,"cards_obtained":["Doubt"]},{"damage_healed":0,"gold_gain":0,"player_choice":"Success","damage_taken":12,"relics_obtained":["Happy Flower"],"max_hp_gain":0,"max_hp_loss":0,"event_name":"Scrap Ooze","floor":7,"gold_loss":0},{"cards_removed":["Dagger Throw"],"damage_healed":0,"gold_gain":0,"player_choice":"Removed Attack","damage_taken":0,"max_hp_gain":0,"max_hp_loss":0,"event_name":"Falling","floor":36,"gold_loss":0},{"damage_healed":0,"gold_gain":0,"player_choice":"Embrace Madness","damage_taken":11,"max_hp_gain":0,"max_hp_loss":0,"event_name":"Winding Halls","floor":37,"gold_loss":0,"cards_obtained":["Madness","Madness"]}],"is_beta":false,"boss_relics":[{"not_picked":["Ectoplasm","Runic Dome"],"picked":"Ring of the Serpent"},{"not_picked":["Coffee Dripper","Snecko Eye","REME_DuelDisc"]}],"items_purged_floors":[13,31,38],"is_endless":false,"potions_floor_spawned":[1,3,14,18,23,24,30,33,40,45],"killed_by":"Nemesis","ascension_level":1}}