{"host":"vumwfieg2b2mnrfl","time":1608500894,"event":{"mods":["AchievementEnabler","BaseMod","Minty Spire (QoL Compilation)","Rare Cards Sparkle","Relic Stats"],"gold_per_floor":[118,133,144,94,112,112,137,137,137,166,241,257,274,287,287,385,385,355,368,58,58,58,58,58,86,164,264,279,297,222,235,235,331,331,351,369,384,237,249,249,282,294,329,367,400,168,168,192,192,192],"floor_reached":51,"playtime":2484,"items_purged":["Strike_R","Strike_R"],"score":1048,"play_id":"7c3cb4c6-5176-4074-a0b3-da187ddd8e0e","local_time":"20201220154814","is_ascension_mode":true,"campfire_choices":[{"data":"Demon Form","floor":6.0,"key":"SMITH"},{"floor":8.0,"key":"REST"},{"floor":15.0,"key":"REST"},{"floor":23.0,"key":"RECALL"},{"floor":32,"key":"REST"},{"floor":40,"key":"REST"},{"floor":42,"key":"REST"},{"floor":49,"key":"REST"}],"circlet_count":0,"master_deck":["Strike_R","Strike_R","Strike_R","Defend_R","Defend_R","Defend_R","Defend_R","Bash","Demon Form+1","Armaments","Pommel Strike","Clothesline","Metallicize","Ghostly Armor","Spot Weakness","Reaper","Battle Trance","Heavy Blade+1","Apotheosis","Thunderclap","Double Tap","Dual Wield","Disarm+1","Twin Strike+1","Entrench","Metallicize+1","Impervious","Shrug It Off","Shrug It Off+1","Rage+1"],"relics":["Burning Blood","HornCleat","Bottled Tornado","Fusion Hammer","Omamori","Du-Vu Doll","Orichalcum","Frozen Egg 2","Gambling Chip","Mummified Hand","Cursed Key","MawBank","CeramicFish","Anchor"],"acts_visited":["Exordium","TheCity","TheBeyond"],"potions_floor_usage":[50,50],"damage_taken":[{"damage":9.0,"enemies":"Jaw Worm","floor":1.0,"turns":3.0},{"damage":6.0,"enemies":"Cultist","floor":2.0,"turns":4.0},{"damage":14.0,"enemies":"Small Slimes","floor":3.0,"turns":5.0},{"damage":1.0,"enemies":"2 Fungi Beasts","floor":5.0,"turns":4.0},{"damage":50.0,"enemies":"Gremlin Nob","floor":7.0,"turns":5.0},{"damage":12.0,"enemies":"Lagavulin","floor":10.0,"turns":7.0},{"damage":0.0,"enemies":"Blue Slaver","floor":12.0,"turns":5.0},{"damage":6.0,"enemies":"Red Slaver","floor":13.0,"turns":5.0},{"damage":14.0,"enemies":"Lots of Slimes","floor":14.0,"turns":7.0},{"damage":20.0,"enemies":"The Guardian","floor":16.0,"turns":11.0},{"damage":21.0,"enemies":"2 Thieves","floor":18.0,"turns":5.0},{"damage":14.0,"enemies":"3 Byrds","floor":19.0,"turns":6.0},{"damage":59.0,"enemies":"Slavers","floor":25.0,"turns":7.0},{"damage":20.0,"enemies":"Colosseum Slavers","floor":27.0,"turns":6.0},{"damage":2.0,"enemies":"Colosseum Nobs","floor":27.0,"turns":4.0},{"damage":30,"enemies":"Cultist and Chosen","floor":28,"turns":5},{"damage":14,"enemies":"Chosen and Byrds","floor":29,"turns":5},{"damage":2,"enemies":"Snecko","floor":31,"turns":5},{"damage":48,"enemies":"Automaton","floor":33,"turns":8},{"damage":4,"enemies":"3 Darklings","floor":35,"turns":4},{"damage":24,"enemies":"3 Shapes","floor":36,"turns":8},{"damage":23,"enemies":"Jaw Worm Horde","floor":37,"turns":4},{"damage":29,"enemies":"4 Shapes","floor":39,"turns":9},{"damage":50,"enemies":"Reptomancer","floor":41,"turns":7},{"damage":42,"enemies":"Sphere and 2 Shapes","floor":44,"turns":3},{"damage":4,"enemies":"Spire Growth","floor":45,"turns":5},{"damage":1,"enemies":"Maw","floor":48,"turns":5},{"damage":33,"enemies":"Awakened One","floor":50,"turns":64}],"seed_played":"-4284980563472323914","potions_obtained":[{"floor":1.0,"key":"Strength Potion"},{"floor":2.0,"key":"LiquidMemories"},{"floor":5.0,"key":"CultistPotion"},{"floor":14.0,"key":"EssenceOfSteel"},{"floor":25.0,"key":"ColorlessPotion"},{"floor":28,"key":"HeartOfIron"},{"floor":29,"key":"Explosive Potion"},{"floor":35,"key":"SmokeBomb"}],"is_trial":false,"path_per_floor":["M","M","M","?","M","R","E","R","T","E","?","M","M","M","R","B",null,"M","M","$","?","$","R","?","E","T","?","M","M","$","M","R","B",null,"M","M","M","$","M","R","E","R","T","M","M","$","?","M","R","B",null],"character_chosen":"IRONCLAD","items_purchased":["Apotheosis","Omamori","Entrench","Metallicize+1","Anchor"],"campfire_rested":6,"item_purchase_floors":[20,20,38,38,46],"current_hp_per_floor":[69,69,61,61,66,66,22,45,45,39,32,38,38,30,53,39,68,53,74,74,74,74,74,74,47,47,74,63,70,70,77,77,65,74,76,77,77,77,77,77,50,73,73,37,64,64,64,77,77,74],"gold":192,"neow_bonus":"THREE_RARE_CARDS","is_daily":false,"chose_seed":false,"campfire_upgraded":1,"win_rate":0.0,"timestamp":1608500894,"path_taken":["M","M","M","?","M","R","E","R","T","E","?","M","M","M","R","BOSS","M","M","$","?","$","R","?","E","T","?","M","M","?","?","R","BOSS","M","?","?","$","M","R","E","R","T","M","?","$","?","M","R","BOSS"],"items_purchased_type":["Card","Relic","Card","Card","Relic"],"build_version":"2020-12-13","purchased_purges":2,"victory":true,"max_hp_per_floor":[80,80,80,77,77,77,77,77,77,77,77,77,77,77,77,77,77,77,77,77,77,77,77,77,77,77,77,77,77,77,77,77,77,77,77,77,77,77,77,77,77,77,77,77,77,77,77,77,77,77],"relic_stats":{"counters":[28,216],"Mummified Hand":[45],"Gambling Chip":[42],"CeramicFish":27,"Orichalcum":[414],"Cursed Key":1,"MawBank":60,"obtain_stats":[{"CeramicFish":43,"Omamori":20,"Bottled Tornado":10,"Orichalcum":25,"Frozen Egg 2":26,"Cursed Key":34,"MawBank":41,"Burning Blood":0,"Du-Vu Doll":21,"Anchor":46,"HornCleat":9,"Mummified Hand":27,"Gambling Chip":27,"Fusion Hammer":17},{"CeramicFish":24,"Omamori":12,"Bottled Tornado":6,"Orichalcum":13,"Frozen Egg 2":13,"Cursed Key":19,"MawBank":24,"Burning Blood":0,"Du-Vu Doll":12,"Anchor":26,"HornCleat":5,"Mummified Hand":15,"Gambling Chip":15,"Fusion Hammer":10},{"CeramicFish":139,"Omamori":67,"Bottled Tornado":28,"Orichalcum":74,"Frozen Egg 2":74,"Cursed Key":107,"MawBank":139,"Burning Blood":0,"Du-Vu Doll":67,"Anchor":147,"HornCleat":21,"Mummified Hand":84,"Gambling Chip":84,"Fusion Hammer":56}],"Burning Blood":146},"card_choices":[{"not_picked":["Brutality","Exhume"],"picked":"Demon Form","floor":0.0},{"not_picked":["Pummel","Dropkick","Wild Strike"],"picked":"SKIP","floor":1.0},{"not_picked":["Thunderclap","Cleave"],"picked":"Armaments","floor":2.0},{"not_picked":["Iron Wave","Sword Boomerang"],"picked":"Pommel Strike","floor":3.0},{"not_picked":["Havoc","Iron Wave"],"picked":"Clothesline","floor":5.0},{"not_picked":["Thunderclap","Dual Wield"],"picked":"Metallicize","floor":7.0},{"not_picked":["Immolate","Perfected Strike"],"picked":"Ghostly Armor","floor":10.0},{"not_picked":["Dropkick","Pommel Strike","Perfected Strike"],"picked":"SKIP","floor":12.0},{"not_picked":["Headbutt","Pummel","Armaments"],"picked":"SKIP","floor":13.0},{"not_picked":["Iron Wave","True Grit"],"picked":"Spot Weakness","floor":14.0},{"not_picked":["Berserk","Brutality"],"picked":"Reaper","floor":16.0},{"not_picked":["True Grit+1","Blood for Blood"],"picked":"Battle Trance","floor":18.0},{"not_picked":["Fire Breathing+1","Dark Embrace"],"picked":"Heavy Blade+1","floor":19.0},{"not_picked":["Rupture","Uppercut"],"picked":"Thunderclap","floor":25.0},{"not_picked":["Perfected Strike","Shockwave","Fire Breathing+1"],"picked":"SKIP","floor":28},{"not_picked":["Anger","Uppercut+1","Blood for Blood"],"picked":"SKIP","floor":29},{"not_picked":["Pommel Strike","Wild Strike","Feel No Pain+1"],"picked":"SKIP","floor":31},{"not_picked":["Reaper","Immolate"],"picked":"Double Tap","floor":33},{"not_picked":["Perfected Strike+1","Cleave"],"picked":"Dual Wield","floor":35},{"not_picked":["Warcry","Cleave"],"picked":"Disarm+1","floor":36},{"not_picked":["Sever Soul+1","Anger"],"picked":"Twin Strike+1","floor":37},{"not_picked":["Anger","Inflame+1","Fire Breathing+1"],"picked":"SKIP","floor":39},{"not_picked":["Wild Strike+1","Flame Barrier"],"picked":"Impervious","floor":41},{"not_picked":["Twin Strike+1","Hemokinesis"],"picked":"Shrug It Off","floor":44},{"not_picked":["Warcry","Iron Wave+1"],"picked":"Shrug It Off+1","floor":45},{"not_picked":["Dark Embrace+1","Body Slam"],"picked":"Rage+1","floor":48}],"player_experience":270121,"relics_obtained":[{"floor":9.0,"key":"HornCleat"},{"floor":10.0,"key":"Bottled Tornado"},{"floor":25.0,"key":"Orichalcum"},{"floor":26.0,"key":"Frozen Egg 2"},{"floor":27.0,"key":"Gambling Chip"},{"floor":27.0,"key":"Mummified Hand"},{"floor":41,"key":"MawBank"},{"floor":43,"key":"CeramicFish"}],"event_choices":[{"cards_removed":["Parasite"],"damage_healed":0.0,"max_hp_gain":0.0,"max_hp_loss":0.0,"gold_gain":0.0,"event_name":"The Cleric","player_choice":"Card Removal","floor":4.0,"gold_loss":50.0,"damage_taken":0.0},{"damage_healed":0.0,"max_hp_gain":0.0,"max_hp_loss":0.0,"gold_gain":75.0,"event_name":"FaceTrader","player_choice":"Touch","floor":11.0,"gold_loss":0.0,"damage_taken":7.0},{"damage_healed":0.0,"max_hp_gain":0.0,"max_hp_loss":0.0,"gold_gain":0.0,"event_name":"Addict","player_choice":"Stole Relic","floor":21.0,"gold_loss":0.0,"damage_taken":0.0,"relics_obtained":["Du-Vu Doll"],"cards_obtained":["Shame"]},{"damage_healed":0.0,"max_hp_gain":0.0,"max_hp_loss":0.0,"gold_gain":0.0,"event_name":"Ghosts","player_choice":"Ignored","floor":24.0,"gold_loss":0.0,"damage_taken":0.0},{"damage_healed":0.0,"max_hp_gain":0.0,"max_hp_loss":0.0,"gold_gain":0.0,"event_name":"Colosseum","player_choice":"Fight","floor":27.0,"gold_loss":0.0,"damage_taken":0.0},{"damage_healed":0.0,"max_hp_gain":0.0,"max_hp_loss":0.0,"gold_gain":0.0,"event_name":"Colosseum","player_choice":"Fought Nobs","floor":27.0,"gold_loss":0.0,"damage_taken":0.0},{"damage_healed":0,"gold_gain":0,"player_choice":"Bought 0 Potions","damage_taken":0,"max_hp_gain":0,"max_hp_loss":0,"event_name":"The Woman in Blue","floor":47,"gold_loss":0}],"is_beta":false,"boss_relics":[{"not_picked":["Runic Pyramid","Snecko Eye"],"picked":"Fusion Hammer"},{"not_picked":["Black Star","Tiny House"],"picked":"Cursed Key"}],"items_purged_floors":[30,46],"is_endless":false,"potions_floor_spawned":[1,2,5,13,14,25,28,29,35,36,41,48],"ascension_level":9}}