{"host":"qg7fj05lalo09o61","time":1608480167,"event":{"mods":["Act Like it!","Always Whale","BaseMod","CapriCore","Gensokyo","Marisa????????","Minty Spire (QoL Compilation)","StSLib"],"gold_per_floor":[117,117,117,128,140,172,191,224,247,276,201,235,235,185,185,288,288,302,316,316,328,18,18,53,53,53,67,92,92,66,98,98,197,197,217,227,227,240,240,240,240,254,254,277,300,331,343,355,367,379],"floor_reached":51,"playtime":3377,"items_purged":["Strike_MRS"],"score":858,"play_id":"7da1f2bd-0c2e-4e67-b0ad-c44b945640d0","local_time":"20201220190247","is_ascension_mode":false,"campfire_choices":[{"data":"DC","floor":13.0,"key":"SMITH"},{"data":"OpenUniverse","floor":15.0,"key":"SMITH"},{"data":"CollectingQuirk","floor":23.0,"key":"SMITH"},{"data":"Gensokyo:BlessingOfVigor","floor":25.0,"key":"SMITH"},{"floor":29.0,"key":"DIG"},{"floor":32.0,"key":"DIG"},{"floor":40.0,"key":"DIG"},{"floor":41.0,"key":"DIG"},{"floor":47,"key":"DIG"},{"floor":49,"key":"DIG"}],"circlet_count":0,"master_deck":["Strike_MRS","Strike_MRS","Defend_MRS","Defend_MRS","Defend_MRS","Defend_MRS","UpSweep","ShootTheMoon","NonDirectionalLaser","DC+1","DarkMatter","MysteriousBeam","SuperPerseids","OpenUniverse+1","SuperPerseids","Gensokyo:BlessingOfVigor+1","CollectingQuirk+1","CurseOfTheBell","AsteroidBelt","AsteroidBelt","NonDirectionalLaser+1","GravityBeat","Orbital+1","GalacticHalo","GravityBeat","EscapeVelocity","GalacticHalo+1","AsteroidBelt+1","BigCrunch","GravityBeat+1","PowerUp+1"],"relics":["MiniHakkero","NeowsBlessing","Happy Flower","Mango","PreservedInsect","Lantern","Bag of Marbles","WingedGreaves","Calling Bell","Lizard Tail","Meat on the Bone","Oddly Smooth Stone","Gensokyo:DirgeOfMelancholy","Strawberry","Potion Belt","Toy Ornithopter","Ornamental Fan","Shovel","Du-Vu Doll","FossilizedHelix","Turnip","Busted Crown","Eternal Feather","Blood Vial","HornCleat","Pantograph","MawBank","Gambling Chip","InkBottle"],"acts_visited":["Exordium","Gensokyo:Gensokyo","TheBeyond"],"potions_floor_usage":[],"damage_taken":[{"damage":0.0,"enemies":"Gensokyo:2_Kodama","floor":1.0,"turns":1.0},{"damage":0.0,"enemies":"Gensokyo:Gryphon","floor":4.0,"turns":1.0},{"damage":0.0,"enemies":"Gensokyo:Python","floor":5.0,"turns":1.0},{"damage":9.0,"enemies":"Gensokyo:Aya","floor":6.0,"turns":3.0},{"damage":0.0,"enemies":"Gensokyo:LivingMonolith","floor":7.0,"turns":2.0},{"damage":0.0,"enemies":"Gensokyo:Mamizou","floor":8.0,"turns":5.0},{"damage":9.0,"enemies":"Gensokyo:Aya","floor":10.0,"turns":4.0},{"damage":10.0,"enemies":"Gensokyo:Cirno","floor":12.0,"turns":7.0},{"damage":32.0,"enemies":"Gensokyo:Kokoro","floor":16.0,"turns":11.0},{"damage":0.0,"enemies":"Gensokyo:AngelMirror","floor":18.0,"turns":1.0},{"damage":2.0,"enemies":"Gensokyo:3_Dogs","floor":19.0,"turns":4.0},{"damage":45.0,"enemies":"Gensokyo:Swordslinger","floor":21.0,"turns":3.0},{"damage":0.0,"enemies":"Gensokyo:Tenshi","floor":24.0,"turns":1.0},{"damage":9.0,"enemies":"Gensokyo:Mirror_and_Dog","floor":27.0,"turns":3.0},{"damage":0.0,"enemies":"Gensokyo:Koishi","floor":28.0,"turns":2.0},{"damage":18.0,"enemies":"Gensokyo:Tenshi","floor":31.0,"turns":3.0},{"damage":51.0,"enemies":"Gensokyo:Eternal_Rivals","floor":33.0,"turns":9.0},{"damage":0.0,"enemies":"3 Shapes","floor":35.0,"turns":3.0},{"damage":0.0,"enemies":"Orb Walker","floor":36.0,"turns":1.0},{"damage":0.0,"enemies":"Sphere and 2 Shapes","floor":38.0,"turns":3.0},{"damage":0.0,"enemies":"3 Darklings","floor":42.0,"turns":2.0},{"damage":0.0,"enemies":"4 Shapes","floor":45.0,"turns":3.0},{"damage":0,"enemies":"Transient","floor":46,"turns":5},{"damage":13,"enemies":"Awakened One","floor":50,"turns":10}],"seed_played":"8898281324638836405","potions_obtained":[{"floor":1.0,"key":"Energy Potion"},{"floor":5.0,"key":"SmokeBomb"},{"floor":12.0,"key":"SteroidPotion"},{"floor":27.0,"key":"BlessingOfTheForge"},{"floor":28.0,"key":"BlessingOfTheForge"},{"floor":33.0,"key":"SmokeBomb"}],"is_trial":false,"path_per_floor":["M","?","?","M","M","E","M","E","T","E","$","E","R","?","R","B",null,"M","M","?","M","$","R","E","R","T","M","E","R","$","E","R","B",null,"M","M","?","M","?","R","R","M","T","T","M","M","R","?","R","B",null],"character_chosen":"MARISA","items_purchased":["Strawberry","Potion Belt","GalacticHalo"],"campfire_rested":0,"item_purchase_floors":[22,22,30],"current_hp_per_floor":[75,75,75,75,75,80,80,80,80,71,71,61,61,61,61,29,89,89,87,87,54,61,61,61,61,61,52,57,57,57,51,51,60,96,96,96,96,96,96,96,96,96,96,96,96,96,96,87,96,83],"gold":391,"neow_bonus":"THREE_ENEMY_KILL","is_daily":false,"chose_seed":false,"campfire_upgraded":4,"win_rate":0.0,"timestamp":1608480167,"path_taken":["M","?","?","?","M","E","M","E","T","E","$","E","R","?","R","BOSS","M","M","?","M","$","R","E","R","T","?","E","R","?","E","R","BOSS","M","M","?","?","?","R","R","?","T","?","M","?","R","?","R","BOSS"],"items_purchased_type":["Relic","Relic","Card"],"build_version":"2020-12-13","purchased_purges":1,"victory":true,"max_hp_per_floor":[75,75,75,75,75,89,89,89,89,89,89,89,89,89,89,89,89,89,89,89,89,96,96,96,96,96,96,96,96,96,96,96,96,96,96,96,96,96,96,96,96,96,96,96,96,96,96,96,96,96],"card_choices":[{"not_picked":["DarkSpark","SprinkleStarSeal"],"picked":"ShootTheMoon","floor":1.0},{"not_picked":["WitchOfGreed","PowerUp"],"picked":"NonDirectionalLaser","floor":4.0},{"not_picked":["BlazeAway","StarBarrage"],"picked":"DC","floor":5.0},{"not_picked":["6A","DragonMeteor"],"picked":"DarkMatter","floor":6.0},{"not_picked":["NonDirectionalLaser","IllusionStar"],"picked":"MysteriousBeam","floor":7.0},{"not_picked":["GrandCross","BlazingStar"],"picked":"SuperPerseids","floor":8.0},{"not_picked":["WitchLeyline","MeteoricShower"],"picked":"OpenUniverse","floor":10.0},{"not_picked":["LuminesStrike","MysteriousBeam"],"picked":"SuperPerseids","floor":12.0},{"not_picked":["CasketOfStar","StarDustReverie"],"picked":"CollectingQuirk","floor":16.0},{"not_picked":["MilkyWay","SporeBomb"],"picked":"AsteroidBelt","floor":18.0},{"not_picked":["DragonMeteor+1","WitchLeyline"],"picked":"AsteroidBelt","floor":19.0},{"not_picked":["SporeBomb","GalacticHalo"],"picked":"NonDirectionalLaser+1","floor":21.0},{"not_picked":["StarDustReverie","DC+1"],"picked":"GravityBeat","floor":24.0},{"not_picked":["SprinkleStarSeal","DeepEcoloBomb"],"picked":"Orbital+1","floor":27.0},{"not_picked":["SporeBomb","6A","PulseMagic"],"picked":"SKIP","floor":28.0},{"not_picked":["GalacticHalo","WitchOfGreed"],"picked":"GravityBeat","floor":31.0},{"not_picked":["BinaryStars","AbsoluteMagnitude"],"picked":"EscapeVelocity","floor":33.0},{"not_picked":[],"picked":"GalacticHalo+1","floor":35.0},{"not_picked":[],"picked":"AsteroidBelt+1","floor":36.0},{"not_picked":["WitchOfGreed"],"picked":"SKIP","floor":38.0},{"not_picked":["AsteroidBelt+1"],"picked":"SKIP","floor":42.0},{"not_picked":[],"picked":"GravityBeat+1","floor":45.0},{"not_picked":[],"picked":"PowerUp+1","floor":46}],"player_experience":195184,"relics_obtained":[{"floor":6.0,"key":"Mango"},{"floor":8.0,"key":"PreservedInsect"},{"floor":9.0,"key":"Lantern"},{"floor":10.0,"key":"Bag of Marbles"},{"floor":12.0,"key":"WingedGreaves"},{"floor":17.0,"key":"Lizard Tail"},{"floor":17.0,"key":"Meat on the Bone"},{"floor":17.0,"key":"Oddly Smooth Stone"},{"floor":24.0,"key":"Toy Ornithopter"},{"floor":26.0,"key":"Ornamental Fan"},{"floor":28.0,"key":"Shovel"},{"floor":29.0,"key":"Du-Vu Doll"},{"floor":31.0,"key":"FossilizedHelix"},{"floor":32.0,"key":"Turnip"},{"floor":39.0,"key":"Eternal Feather"},{"floor":40.0,"key":"Blood Vial"},{"floor":41.0,"key":"HornCleat"},{"floor":43.0,"key":"Pantograph"},{"floor":44.0,"key":"MawBank"},{"floor":47,"key":"Gambling Chip"},{"floor":49,"key":"InkBottle"}],"event_choices":[{"damage_healed":0.0,"max_hp_gain":0.0,"max_hp_loss":0.0,"gold_gain":0.0,"cards_transformed":["Strike_MRS"],"event_name":"Transmorgrifier","player_choice":"Transformed","floor":37.0,"gold_loss":0.0,"damage_taken":0.0,"cards_obtained":["BigCrunch"]},{"damage_healed":0.0,"max_hp_gain":0.0,"max_hp_loss":0.0,"gold_gain":0.0,"event_name":"Wheel of Change","player_choice":"Relic","floor":39.0,"gold_loss":0.0,"damage_taken":0.0},{"damage_healed":0,"gold_gain":0,"player_choice":"Damaged","damage_taken":9,"max_hp_gain":0,"max_hp_loss":0,"event_name":"Wheel of Change","floor":48,"gold_loss":0}],"is_beta":false,"boss_relics":[{"not_picked":["Snecko Eye","Philosopher\u0027s Stone"],"picked":"Calling Bell"},{"not_picked":["Pandora\u0027s Box","RampagingMagicTools"],"picked":"Busted Crown"}],"items_purged_floors":[11],"is_endless":false,"potions_floor_spawned":[1,5,12,16,19,27,28,33,36,45,46],"ascension_level":0}}