{"host":"ix2a18c4ohfsrslv","time":1608430427,"event":{"mods":["BaseMod","Better Third Choice","Challenge The Spire","Downfall","Marisa????????","Minty Spire (QoL Compilation)","Replay The Spire","StSLib","The Blue Laboratory"],"gold_per_floor":[117,117,69,69,94,123,158,158,183,228,275,275,309,325,325,448,448,483,520,520,47,47,47,47,47,73,163,163,98,98,189,189,293,293,357,475,132,246,246,246,296,429,429,429,489,489,489,550,550,550,550],"floor_reached":50,"playtime":3599,"items_purged":["Strike_MRS","Strike_MRS","Strike_MRS"],"score":728,"play_id":"99f4d0af-7b60-41ba-82d5-52ab30868512","local_time":"20201219181347","is_ascension_mode":false,"campfire_choices":[{"data":"WitchOfGreed","floor":8,"key":"SMITH"},{"data":"UpSweep","floor":12,"key":"SMITH"},{"data":"MillisecondPulsars","floor":15,"key":"SMITH"},{"data":"WitchOfGreed","floor":23,"key":"SMITH"},{"data":"DeepEcoloBomb","floor":28,"key":"SMITH"},{"data":"WitchOfGreed","floor":32,"key":"SMITH"},{"data":"TreasureHunter","floor":40,"key":"SMITH"},{"data":"EventHorizon","floor":44,"key":"SMITH"},{"data":"BinaryStars","floor":46,"key":"SMITH"},{"data":"EventHorizon","floor":49,"key":"SMITH"}],"circlet_count":0,"master_deck":["Defend_MRS+1","Defend_MRS+1","Defend_MRS+1","Defend_MRS+1","MasterSpark+1","UpSweep+1","NonDirectionalLaser+1","Hallucinations","WitchOfGreed+1","MysteriousBeam+1","GrandCross+1","DeepEcoloBomb+1","LuminesStrike+1","Parasite","Parasite","MillisecondPulsars+1","BinaryStars+1","LuminesStrike+1","Singularity+1","WitchOfGreed+1","AsteroidBelt+1","WitchOfGreed+1","Delirium","OortCloud+1","WitchOfGreed+1","TreasureHunter+1","ChargeUpSpray+1","WitchOfGreed+1","Flash of Steel+1","FairyDestructionRay+1","EventHorizon+1","LuminesStrike+1","Clumsy","Slimebound:Icky","EventHorizon+1"],"relics":["MiniHakkero","NeowsBlessing","Ring of Peace","Ring of Panic","GremlinMask","MealTicket","Juzu Bracelet","Replay:Baseball","Cursed Key","Membership Card","Blue Doll","Mango","Pet Ghost","Replay:Wax Seal","Toy Ornithopter","Runic Pyramid","FossilizedHelix","TheAbacus","Replay:Mystery Machine","Mummified Hand","Potion Belt","Vajra","Mark of the Bloom","BigShroomBag"],"acts_visited":["Exordium","TheCity","TheBeyond"],"potions_floor_usage":[16,19,27,27,31,31,33,33,33,33,35,35,36,36,38,41,41,41,42,42,42,42,45,45,45,50,50,50,50],"damage_taken":[{"damage":0,"enemies":"2 Louse","floor":1,"turns":1},{"damage":0,"enemies":"Cultist","floor":5,"turns":2},{"damage":0,"enemies":"Gremlin Nob","floor":6,"turns":1},{"damage":5,"enemies":"Jaw Worm","floor":7,"turns":5},{"damage":1,"enemies":"Red Slaver","floor":10,"turns":4},{"damage":10,"enemies":"The Mushroom Lair","floor":11,"turns":5},{"damage":18,"enemies":"Lagavulin","floor":13,"turns":6},{"damage":4,"enemies":"Blue Slaver","floor":14,"turns":3},{"damage":0,"enemies":"Hexaghost","floor":16,"turns":9},{"damage":11,"enemies":"Chosen","floor":18,"turns":5},{"damage":9,"enemies":"Spheric Guardian","floor":19,"turns":4},{"damage":22,"enemies":"Cultist and Chosen","floor":27,"turns":6},{"damage":0,"enemies":"Centurion and Healer","floor":31,"turns":5},{"damage":68,"enemies":"Automaton","floor":33,"turns":9},{"damage":6,"enemies":"3 Shapes","floor":35,"turns":4},{"damage":20,"enemies":"3 Darklings","floor":36,"turns":5},{"damage":10,"enemies":"Sphere and 2 Shapes","floor":38,"turns":5},{"damage":9,"enemies":"Reptomancer","floor":41,"turns":8},{"damage":0,"enemies":"Maw","floor":42,"turns":7},{"damage":0,"enemies":"Spire Growth","floor":45,"turns":3},{"damage":97,"enemies":"Time Eater","floor":50,"turns":9}],"seed_played":"-2237102713294212370","potions_obtained":[{"floor":5,"key":"champ:CounterPotion"},{"floor":7,"key":"blueLaboratory:EnragingPotion"},{"floor":10,"key":"sneckomod:MuddlingPotion"},{"floor":11,"key":"Block Potion"},{"floor":16,"key":"Adrenaline Potion"},{"floor":18,"key":"blueLaboratory:BubblePotion"},{"floor":19,"key":"Strength Potion"},{"floor":27,"key":"Explosive Potion"},{"floor":27,"key":"Energy Potion"},{"floor":31,"key":"AttackPotion"},{"floor":31,"key":"blueLaboratory:PolymorphPotion"},{"floor":31,"key":"blueLaboratory:NullPotion"},{"floor":33,"key":"EntropicBrew"},{"floor":33,"key":"Weak Potion"},{"floor":33,"key":"Explosive Potion"},{"floor":35,"key":"sneckomod:MuddlingPotion"},{"floor":35,"key":"Energy Potion"},{"floor":36,"key":"Fire Potion"},{"floor":36,"key":"blueLaboratory:BottleOfVodka"},{"floor":38,"key":"Dexterity Potion"},{"floor":38,"key":"Dexterity Potion"},{"floor":41,"key":"blueLaboratory:ImpenetrablePotion"},{"floor":41,"key":"BottledSpark"},{"floor":41,"key":"PowerPotion"},{"floor":41,"key":"DistilledChaos"},{"floor":41,"key":"blueLaboratory:PhilterOfMotion"},{"floor":42,"key":"Strength Potion"},{"floor":42,"key":"blueLaboratory:NullPotion"},{"floor":42,"key":"Languid Potion"},{"floor":42,"key":"AttackPotion"},{"floor":45,"key":"blueLaboratory:HorrorPotion"},{"floor":45,"key":"Venom Potion"},{"floor":45,"key":"blueLaboratory:TrueEctoplasm"}],"is_trial":false,"path_per_floor":["M","?","$","?","M","E","M","R","T","M","?","R","E","M","R","B",null,"M","M","?","$","?","R","?","?","T","M","R","$","?","M","R","B",null,"M","M","$","M","?","R","E","M","T","R","M","R","?","?","R","B"],"character_chosen":"MARISA","items_purchased":["WitchOfGreed","Membership Card","Blue Doll","Mango","WitchOfGreed","AsteroidBelt","Replay:Wax Seal","Toy Ornithopter","OortCloud","FossilizedHelix","TheAbacus","WitchOfGreed","Flash of Steel","FairyDestructionRay","Replay:Mystery Machine"],"campfire_rested":0,"item_purchase_floors":[3,21,21,21,21,21,29,29,29,37,37,37,37,37,37],"current_hp_per_floor":[75,75,75,75,75,75,70,70,70,69,59,59,43,43,43,45,75,64,57,57,86,86,86,86,86,86,67,67,82,82,89,89,35,89,85,71,86,83,83,83,80,89,89,89,89,89,89,89,89,0,0],"gold":550,"neow_bonus":"THREE_ENEMY_KILL","is_daily":false,"chose_seed":false,"campfire_upgraded":10,"win_rate":0.0,"timestamp":1608430427,"path_taken":["M","?","$","?","?","E","M","R","T","M","?","R","E","M","R","BOSS","M","M","?","$","?","R","?","?","T","M","R","?","?","M","R","BOSS","M","M","$","M","?","R","E","M","T","R","M","R","?","?","R","BOSS"],"items_purchased_type":["Card","Relic","Relic","Relic","Card","Card","Relic","Relic","Card","Relic","Relic","Card","Card","Card","Relic"],"build_version":"2020-12-13","purchased_purges":3,"victory":false,"max_hp_per_floor":[75,75,75,75,75,75,75,75,75,75,75,75,75,75,75,75,75,75,75,75,89,89,89,89,89,89,89,89,89,89,89,89,89,89,89,89,89,89,89,89,89,89,89,89,89,89,89,89,89,89,89],"card_choices":[{"not_picked":["Occultation","OrrerysSun"],"picked":"NonDirectionalLaser","floor":1},{"not_picked":["ShootingEcho","NonDirectionalLaser"],"picked":"MysteriousBeam","floor":5},{"not_picked":["DoubleSpark","IllusionStar"],"picked":"GrandCross","floor":6},{"not_picked":["FairyDestructionRay","PowerUp"],"picked":"DeepEcoloBomb","floor":7},{"not_picked":["SporeBomb","SuperNova"],"picked":"LuminesStrike","floor":10},{"not_picked":["BlazeAway","StarDustReverie"],"picked":"MillisecondPulsars","floor":13},{"not_picked":["UnstableBomb","WitchLeyline","6A"],"picked":"SKIP","floor":14},{"not_picked":["MillisecondPulsars","CollectingQuirk"],"picked":"BinaryStars","floor":16},{"not_picked":["6A","SuperPerseids"],"picked":"LuminesStrike+1","floor":18},{"not_picked":["PulseMagic","PowerUp"],"picked":"Singularity+1","floor":19},{"not_picked":["StarBarrage","6A","EnergyRecoil"],"picked":"SKIP","floor":27},{"not_picked":["PulseMagic","SuperPerseids+1"],"picked":"WitchOfGreed","floor":31},{"not_picked":["StarDustReverie","SuperNova"],"picked":"TreasureHunter","floor":33},{"not_picked":["StarBarrage","Orbital","GrandCross"],"picked":"SKIP","floor":35},{"not_picked":["StarlightTyphoon+1","MysteriousBeam+1"],"picked":"ChargeUpSpray+1","floor":36},{"not_picked":["BlazeAway+1","ChargeUpSpray+1","SporeBomb"],"picked":"SKIP","floor":38},{"not_picked":["PulseMagic+1","PowerUp"],"picked":"EventHorizon","floor":41},{"not_picked":["OrrerysSun+1","PowerUp"],"picked":"LuminesStrike","floor":42},{"not_picked":["GrandCross+1","SporeBomb+1","6A"],"picked":"SKIP","floor":45},{"not_picked":["GrandCross+1","MilkyWay"],"picked":"EventHorizon","floor":48}],"player_experience":59674,"relics_obtained":[{"floor":2,"key":"Ring of Peace"},{"floor":2,"key":"Ring of Panic"},{"floor":6,"key":"MealTicket"},{"floor":9,"key":"Juzu Bracelet"},{"floor":11,"key":"ShroomBag"},{"floor":13,"key":"Replay:Baseball"},{"floor":26,"key":"Pet Ghost"},{"floor":41,"key":"Mummified Hand"},{"floor":41,"key":"Potion Belt"},{"floor":43,"key":"Vajra"},{"floor":48,"key":"BigShroomBag"}],"event_choices":[{"damage_healed":0,"gold_gain":0,"player_choice":"Trade","damage_taken":0,"relics_obtained":["GremlinMask"],"max_hp_gain":0,"max_hp_loss":0,"event_name":"FaceTrader","floor":4,"gold_loss":0},{"damage_healed":0,"gold_gain":0,"player_choice":"Fought Mushrooms","damage_taken":0,"max_hp_gain":0,"max_hp_loss":0,"event_name":"Mushrooms_MRS","floor":11,"gold_loss":0},{"damage_healed":0,"gold_gain":0,"player_choice":"Bought 0 Potions","damage_taken":0,"max_hp_gain":0,"max_hp_loss":0,"event_name":"The Woman in Blue","floor":20,"gold_loss":0},{"damage_healed":0,"gold_gain":0,"player_choice":"Read","damage_taken":0,"max_hp_gain":0,"max_hp_loss":0,"event_name":"The Library","floor":22,"gold_loss":0,"cards_obtained":["WitchOfGreed"]},{"damage_healed":0,"gold_gain":0,"player_choice":"Forge","damage_taken":0,"max_hp_gain":0,"max_hp_loss":0,"event_name":"Accursed Blacksmith","floor":24,"gold_loss":0,"cards_upgraded":["WitchOfGreed"]},{"damage_healed":0,"gold_gain":0,"player_choice":"Ignored","damage_taken":0,"max_hp_gain":0,"max_hp_loss":0,"event_name":"NoteForYourself","floor":25,"gold_loss":0},{"cards_removed":["Strike_MRS"],"damage_healed":0,"gold_gain":0,"player_choice":"Removed Attack","damage_taken":0,"max_hp_gain":0,"max_hp_loss":0,"event_name":"Falling","floor":39,"gold_loss":0},{"damage_healed":0,"gold_gain":0,"player_choice":"Upgrade","damage_taken":0,"relics_obtained":["Mark of the Bloom"],"max_hp_gain":0,"max_hp_loss":0,"event_name":"MindBloom","floor":47,"gold_loss":0,"cards_upgraded":["Defend_MRS","Defend_MRS","Defend_MRS","Defend_MRS","MasterSpark","NonDirectionalLaser","MysteriousBeam","GrandCross","LuminesStrike","AsteroidBelt","OortCloud","WitchOfGreed","Flash of Steel","FairyDestructionRay","LuminesStrike"]}],"is_beta":false,"boss_relics":[{"not_picked":["Replay:Bronze Core","Tiny House"],"picked":"Cursed Key"},{"not_picked":["Painkiller Herb","Snecko Eye"],"picked":"Runic Pyramid"}],"items_purged_floors":[21,29,37],"is_endless":false,"potions_floor_spawned":[10,11,13,16,18,45],"killed_by":"Time Eater","ascension_level":0}}