{"host":"Teixeira","time":1608428836,"event":{"mods":["2.2 Compatiblity","Aspiration","BaseMod","Better Match","Better Note","Better Sensory Stone","Better Skull","Better Third Choice","Colored Map","Colored Powertips","Hermit","Hubris","Infinite Spire","Marked Mod","Minty Spire (QoL Compilation)","Permanent Neow","Quick Restart","Rare Cards Sparkle","Relic Filter","Replay The Spire","Spicy Shops","StSLib","SuperFastMode"],"gold_per_floor":[120,120,136,157,157,201,3,3,3,44,44,44,44,88,88,214,214,230,244,19,32,57,90,105,149,149,192,192,242,242,282,282,410,410,431,134,158,98,123,158,158,182,207,207,243,262,262,301,301,301,301,301,142,183,183],"floor_reached":56,"playtime":9074,"items_purged":["Defend_G","Defend_G"],"score":1459,"play_id":"880f9d19-b61c-42ca-bace-361a935dd713","local_time":"20201219224716","is_ascension_mode":true,"campfire_choices":[{"data":"Footwork","floor":8.0,"key":"SMITH"},{"data":"Dodge and Roll","floor":13.0,"key":"SMITH"},{"data":"Deflect","floor":15.0,"key":"SMITH"},{"floor":28.0,"key":"RECALL"},{"floor":32.0,"key":"REST"},{"data":"Noxious Fumes","floor":41.0,"key":"SMITH"},{"floor":44.0,"key":"REST"},{"data":"Noxious Fumes","floor":47.0,"key":"SMITH"},{"data":"Wraith Form v2","floor":49.0,"key":"SMITH"},{"data":"Phantasmal Killer","floor":52.0,"key":"SMITH"}],"circlet_count":0,"master_deck":["Strike_G+1","Strike_G","Strike_G+1","Strike_G","Strike_G","Defend_G","Defend_G+1","Defend_G+1","Survivor","Neutralize+1","Dodge and Roll+1","Thinking Ahead","All Out Attack","Sucker Punch+1","Footwork+1","Deflect+1","Wraith Form v2+1","Terror+1","Slice","Dodge and Roll","Flying Knee","Backflip+1","Phantasmal Killer+1","Heel Hook","Sucker Punch+1","Noxious Fumes+1","Noxious Fumes+1","Fluid Movement+1"],"relics":["Ring of the Snake","Question Card","Golden Idol","Whetstone","Sling","Kunai","TungstenRod","Matryoshka","Sozu","Omamori","aspiration:TomeofQuesting","Replay:Bottled Flurry","War Paint","Tingsha","Durian","Shovel","Black Star","Bag of Preparation","Snack Pack","Question Card","Dream Catcher","Nunchaku","infinitespire:Lucky Rock","Replay:Baseball","Bronze Scales","hubris:PeanutButter","ReplayTheSpireMod:CursedCoin","Incense Burner","hubris:SlimyHat","hubris:Spice"],"acts_visited":["Exordium","TheCity","TheBeyond","TheEnding"],"potions_floor_usage":[],"damage_taken":[{"damage":0.0,"enemies":"2 Louse","floor":1.0,"turns":3.0},{"damage":1.0,"enemies":"Jaw Worm","floor":3.0,"turns":6.0},{"damage":7.0,"enemies":"Small Slimes","floor":4.0,"turns":4.0},{"damage":16.0,"enemies":"Replay:BlueRogue","floor":6.0,"turns":7.0},{"damage":4.0,"enemies":"Lagavulin","floor":10.0,"turns":6.0},{"damage":2.0,"enemies":"3 Sentries","floor":14.0,"turns":7.0},{"damage":23.0,"enemies":"Slime Boss","floor":16.0,"turns":18.0},{"damage":6.0,"enemies":"3 Byrds","floor":18.0,"turns":8.0},{"damage":2.0,"enemies":"Shell Parasite","floor":19.0,"turns":5.0},{"damage":0.0,"enemies":"Snake Plant","floor":21.0,"turns":6.0},{"damage":14.0,"enemies":"Snecko","floor":22.0,"turns":9.0},{"damage":3.0,"enemies":"Book of Stabbing","floor":23.0,"turns":7.0},{"damage":16.0,"enemies":"Sentry and Sphere","floor":24.0,"turns":12.0},{"damage":2.0,"enemies":"Replay:Snechameleon","floor":25.0,"turns":9.0},{"damage":9.0,"enemies":"Slavers","floor":27.0,"turns":6.0},{"damage":5.0,"enemies":"Replay:Snechameleon","floor":31.0,"turns":6.0},{"damage":15.0,"enemies":"Champ","floor":33.0,"turns":23.0},{"damage":15.0,"enemies":"3 Darklings","floor":35.0,"turns":9.0},{"damage":0.0,"enemies":"Orb Walker","floor":37.0,"turns":4.0},{"damage":13.0,"enemies":"4 Shapes","floor":39.0,"turns":6.0},{"damage":27.0,"enemies":"Reptomancer","floor":40.0,"turns":7.0},{"damage":12.0,"enemies":"Jaw Worm Horde","floor":42.0,"turns":4.0},{"damage":3.0,"enemies":"Giant Head","floor":45.0,"turns":7.0},{"damage":0.0,"enemies":"Sphere and 2 Shapes","floor":46.0,"turns":6.0},{"damage":0.0,"enemies":"Nemesis","floor":48.0,"turns":7.0},{"damage":66.0,"enemies":"Awakened One","floor":50.0,"turns":17.0},{"damage":20,"enemies":"Shield and Spear","floor":54,"turns":7},{"damage":49,"enemies":"The Heart","floor":55,"turns":12}],"seed_played":"-6810678389319743339","potions_obtained":[{"floor":3.0,"key":"Swift Potion"},{"floor":14.0,"key":"Block Potion"}],"is_trial":false,"path_per_floor":["M","?","M","M","?","E","$","R","T","E","?","$","R","E","R","B",null,"M","M","$","M","M","E","M","E","T","E","R","?","AVR","E","R","B",null,"M","$","M","$","M","E","R","M","T","R","E","M","R","E","R","B",null,"R","$","E","B",null],"character_chosen":"THE_SILENT","items_purchased":["Sling","Deflect","Omamori","Slice","Heel Hook","Bag of Preparation","Noxious Fumes","ReplayTheSpireMod:CursedCoin","Incense Burner"],"campfire_rested":2,"item_purchase_floors":[7,7,20,20,36,36,38,53,53],"current_hp_per_floor":[70,70,69,62,62,46,46,46,46,42,42,42,42,40,40,17,70,64,62,62,62,48,45,29,27,27,18,18,18,23,18,40,25,75,60,60,60,60,47,20,20,14,14,36,41,49,49,55,55,7,75,75,75,70,37],"gold":183,"neow_bonus":"UPGRADE_CARD","is_daily":false,"chose_seed":false,"campfire_upgraded":7,"win_rate":0.0,"timestamp":1608428836,"path_taken":["M","?","M","M","?","E","$","R","T","E","?","$","R","E","R","BOSS","M","M","?","M","M","E","M","E","T","E","R","?","AVR","E","R","BOSS","M","$","?","$","M","E","R","M","T","R","E","M","R","E","R","BOSS","R","$","E","BOSS"],"items_purchased_type":["Relic","Card","Relic","Card","Card","Relic","Card","Relic","Relic"],"build_version":"2020-11-17","purchased_purges":2,"victory":true,"max_hp_per_floor":[70,70,70,70,70,70,70,70,70,70,70,70,70,70,70,70,70,70,70,70,70,70,70,70,70,70,70,70,70,75,75,75,75,75,75,75,75,75,75,75,75,75,75,75,75,75,75,75,75,75,75,75,75,83,83],"card_choices":[{"not_picked":["Heel Hook","Noxious Fumes","Flying Knee"],"picked":"Dodge and Roll","floor":1.0},{"not_picked":["hubris:Ssssneak","Forethought","Replay:BasicMightCard"],"picked":"Thinking Ahead","floor":2.0},{"not_picked":["Underhanded Strike","Distraction","Dagger Throw"],"picked":"All Out Attack","floor":3.0},{"not_picked":["Hidden Blade","Fluid Movement","hubris:SlightOfHand"],"picked":"Sucker Punch","floor":4.0},{"not_picked":["Noxious Fumes","Adrenaline","Riddle With Holes"],"picked":"Footwork","floor":6.0},{"not_picked":["Flechettes","Expertise","Replay:Poison Smokescreen","Footwork"],"picked":"SKIP","floor":10.0},{"not_picked":["Bane","hubris:TrickCloak","Dagger Throw","Deadly Poison"],"picked":"SKIP","floor":14.0},{"not_picked":["Atom Bomb","Bullet Time","Unload"],"picked":"Wraith Form v2","floor":16.0},{"not_picked":["Acrobatics+1","PiercingWail","Fluid Movement"],"picked":"Terror+1","floor":18.0},{"not_picked":["Well Laid Plans","Eviscerate","Hidden Blade+1","Prepared"],"picked":"SKIP","floor":19.0},{"not_picked":["Choke+1","Cloak And Dagger+1","Sucker Punch"],"picked":"Dodge and Roll","floor":21.0},{"not_picked":["Poisoned Stab+1","Flying Knee","Dodge and Roll","Acrobatics"],"picked":"SKIP","floor":22.0},{"not_picked":["Poisoned Stab+1","Flying Knee","Dodge and Roll","Acrobatics"],"picked":"SKIP","floor":22.0},{"not_picked":["ReplayTheSpireMod:The Works","Fluid Movement","Wraith Form v2","Dagger Spray"],"picked":"SKIP","floor":23.0},{"not_picked":["Expertise","Sucker Punch+1","hubris:TrickCloak"],"picked":"Flying Knee","floor":24.0},{"not_picked":["Cloak And Dagger","Tools of the Trade","Dodge and Roll","Deflect"],"picked":"SKIP","floor":25.0},{"not_picked":["Sucker Punch","Tactician","Glass Knife","Flechettes"],"picked":"SKIP","floor":27.0},{"not_picked":["hubris:Counter","Replay:Bag of Tricks","Backstab"],"picked":"Backflip+1","floor":31.0},{"not_picked":["ReplayTheSpireMod:Necrosis","Die Die Die","Poison Darts"],"picked":"Phantasmal Killer","floor":33.0},{"not_picked":["Eviscerate","Backstab+1","Heel Hook","Blade Dance"],"picked":"SKIP","floor":35.0},{"not_picked":["Deflect","Expertise","Heel Hook+1"],"picked":"Sucker Punch+1","floor":37.0},{"not_picked":["Sneak Up","Reflex","Blade Dance+1","PiercingWail+1"],"picked":"SKIP","floor":39.0},{"not_picked":["Riddle With Holes+1","Cloak And Dagger","After Image","hubris:SlightOfHand+1"],"picked":"SKIP","floor":40.0},{"not_picked":["Poisoned Stab","Sucker Punch","All Out Attack+1","Dagger Spray","Flying Knee"],"picked":"SKIP","floor":42.0},{"not_picked":["Poisoned Stab","Sucker Punch","All Out Attack+1","Dagger Spray","Flying Knee"],"picked":"SKIP","floor":42.0},{"not_picked":["hubris:TrickCloak","Toxin Wave","Flying Knee+1","Calculated Gamble","Draining Mist"],"picked":"SKIP","floor":45.0},{"not_picked":["Deflect","Flying Knee+1","Hidden Blade+1","ReplayTheSpireMod:Scrap Shanks+1","PiercingWail+1"],"picked":"SKIP","floor":46.0},{"not_picked":["Poisoned Stab","Quick Slash+1","Leg Sweep","Phantasmal Killer"],"picked":"Fluid Movement+1","floor":48.0},{"not_picked":["Blur+1","Underhanded Strike+1","Heel Hook","Dagger Throw","Prepared"],"picked":"SKIP","floor":54}],"player_experience":45656,"relics_obtained":[{"floor":6.0,"key":"Whetstone"},{"floor":9.0,"key":"Kunai"},{"floor":10.0,"key":"TungstenRod"},{"floor":14.0,"key":"Matryoshka"},{"floor":23.0,"key":"aspiration:TomeofQuesting"},{"floor":25.0,"key":"Replay:Bottled Flurry"},{"floor":26.0,"key":"War Paint"},{"floor":27.0,"key":"Tingsha"},{"floor":31.0,"key":"Shovel"},{"floor":40.0,"key":"Snack Pack"},{"floor":40.0,"key":"Question Card"},{"floor":43.0,"key":"Dream Catcher"},{"floor":43.0,"key":"Nunchaku"},{"floor":45.0,"key":"infinitespire:Lucky Rock"},{"floor":45.0,"key":"Replay:Baseball"},{"floor":48.0,"key":"Bronze Scales"},{"floor":48.0,"key":"hubris:PeanutButter"},{"floor":54,"key":"hubris:SlimyHat"},{"floor":54,"key":"hubris:Spice"}],"event_choices":[{"damage_healed":0.0,"max_hp_gain":0.0,"max_hp_loss":0.0,"gold_gain":1.0,"event_name":"betterStone:BetterStone","player_choice":"1","floor":2.0,"gold_loss":0.0,"damage_taken":0.0},{"damage_healed":0.0,"max_hp_gain":0.0,"max_hp_loss":0.0,"gold_gain":0.0,"event_name":"Golden Idol","player_choice":"Ignored","floor":5.0,"gold_loss":0.0,"damage_taken":0.0},{"damage_healed":0.0,"max_hp_gain":0.0,"max_hp_loss":0.0,"gold_gain":0.0,"event_name":"Upgrade Shrine","player_choice":"Upgraded","floor":11.0,"gold_loss":0.0,"damage_taken":0.0,"cards_upgraded":["Sucker Punch"]},{"damage_healed":0.0,"max_hp_gain":0.0,"max_hp_loss":0.0,"gold_gain":100.0,"event_name":"The Joust","player_choice":"Bet on Murderer","floor":29.0,"gold_loss":50.0,"damage_taken":0.0}],"is_beta":true,"boss_relics":[{"not_picked":["SacredBark","Replay:Bronze Core"],"picked":"Sozu"},{"not_picked":["SlaversCollar","hubris:RunicObelisk"],"picked":"Black Star"}],"items_purged_floors":[30,36],"is_endless":false,"potions_floor_spawned":[3,14,22,25,27,31,33,39,42,48,54],"ascension_level":2}}