{"host":"3olzf542l24t7rz7","time":1608456989,"event":{"mods":["Aspiration","BaseMod","BetterRewards","Colored Map","Colored Powertips","Conspire","Duelist Mod","Halation","Hubris","Infinite Spire","Minty Spire (QoL Compilation)","Replay The Spire","Shop Mod","StSLib","vexMod"],"gold_per_floor":[110,110,110,126,126,126,137,137,137,162,162,194,44,106,106,208,208,226,226,226,237,187,218,218,248,248,248,248],"floor_reached":27,"playtime":1200,"items_purged":[],"score":268,"play_id":"eb8f324e-6e55-4263-a2f6-b7695728b6c6","local_time":"20201220043629","is_ascension_mode":true,"campfire_choices":[{"data":"Zap","floor":6,"key":"SMITH"},{"data":"Dualcast","floor":8,"key":"SMITH"},{"data":"Ball Lightning","floor":11,"key":"SMITH"},{"floor":15,"key":"REST"},{"floor":24,"key":"REST"}],"circlet_count":0,"master_deck":["Strike_B","Strike_B","Strike_B","Strike_B","Defend_B","Defend_B","Defend_B","Zap+1","Dualcast+1","Doom and Gloom","Glacier","Ball Lightning+1","Cold Snap","Leap","Electrodynamics","Conserve Battery","Beam Cell"],"relics":["Cracked Core","NeowsBlessing","aspiration:BabyByrd","hubris:Towel","Letter Opener","Blue Doll","Geode","ReplayTheSpireMod:TigerMarble","conspire:DeflatedDodgeball","Replay:Wax Seal","MealTicket","Bottled Lightning"],"acts_visited":["Exordium","TheCity"],"potions_floor_usage":[12,16,23,23,23],"damage_taken":[{"damage":0,"enemies":"2 Louse","floor":1,"turns":1},{"damage":0,"enemies":"Small Slimes","floor":4,"turns":1},{"damage":0,"enemies":"Cultist","floor":7,"turns":1},{"damage":22,"enemies":"3 Sentries","floor":10,"turns":4},{"damage":14,"enemies":"Gremlin Nob","floor":12,"turns":3},{"damage":2,"enemies":"Slime Boss","floor":16,"turns":10},{"damage":15,"enemies":"Shell Parasite","floor":18,"turns":5},{"damage":18,"enemies":"2 Thieves","floor":21,"turns":3},{"damage":22,"enemies":"theDuelist:KaibaA2","floor":23,"turns":3},{"damage":33,"enemies":"Book of Stabbing","floor":25,"turns":8},{"damage":11,"enemies":"Snecko","floor":27,"turns":3}],"seed_played":"2536803807309920251","potions_obtained":[{"floor":7,"key":"GamblersBrew"},{"floor":10,"key":"SteroidPotion"},{"floor":12,"key":"GamblersBrew"},{"floor":14,"key":"Block Potion"},{"floor":14,"key":"Languid Potion"},{"floor":14,"key":"SpeedPotion"},{"floor":16,"key":"GamblersBrew"}],"is_trial":false,"path_per_floor":["M","?","?","M","?","R","M","R","T","E","R","E","$","?","R","B",null,"M","T","?","M","?","E","R","E","T","M"],"character_chosen":"DEFECT","items_purchased":["ReplayTheSpireMod:TigerMarble"],"campfire_rested":2,"item_purchase_floors":[13],"current_hp_per_floor":[75,75,75,75,75,75,75,75,75,53,53,39,39,39,61,59,75,60,60,60,42,42,20,42,9,9,0,0],"gold":248,"neow_bonus":"THREE_ENEMY_KILL","is_daily":false,"chose_seed":false,"campfire_upgraded":3,"win_rate":0.0,"timestamp":1608456989,"path_taken":["M","?","?","M","?","R","M","R","T","E","R","E","$","?","R","BOSS","M","?","?","M","?","E","R","E","T","M"],"items_purchased_type":["Relic"],"build_version":"2020-12-13","purchased_purges":0,"victory":false,"max_hp_per_floor":[75,75,75,75,75,75,75,75,75,75,75,75,75,75,75,75,75,75,75,75,75,75,75,75,75,75,75,75],"card_choices":[{"not_picked":["Compile Driver","Panic Button"],"picked":"Doom and Gloom","floor":1},{"not_picked":["Hologram","Turbo","FIFO Queue"],"picked":"SKIP","floor":4},{"not_picked":["Conserve Battery","Steam"],"picked":"Glacier","floor":7},{"not_picked":["Tempest","Conserve Battery"],"picked":"Ball Lightning","floor":10},{"not_picked":["Chill","Crystallizer"],"picked":"Cold Snap","floor":12},{"not_picked":["Glacier","hubris:PowerSurge"],"picked":"Leap","floor":14},{"not_picked":["ReplayTheSpireMod:Omega Cannon","hubris:DoWhile"],"picked":"Electrodynamics","floor":16},{"not_picked":["Sweeping Beam+1","Leap+1"],"picked":"Conserve Battery","floor":18},{"not_picked":["Rebound","Beam Cell","Lockon"],"picked":"SKIP","floor":21},{"not_picked":["Undo","Hologram","Skim+1"],"picked":"SKIP","floor":23},{"not_picked":["ReplayGash","All For One"],"picked":"Beam Cell","floor":25}],"player_experience":379000,"relics_obtained":[{"floor":9,"key":"Letter Opener"},{"floor":10,"key":"Blue Doll"},{"floor":12,"key":"Geode"},{"floor":19,"key":"conspire:DeflatedDodgeball"},{"floor":23,"key":"Replay:Wax Seal"},{"floor":25,"key":"MealTicket"},{"floor":26,"key":"Bottled Lightning"}],"event_choices":[{"damage_healed":0,"gold_gain":0,"player_choice":"Ignored","damage_taken":0,"max_hp_gain":0,"max_hp_loss":0,"event_name":"Liars Game","floor":5,"gold_loss":0},{"cards_removed":["Defend_B"],"damage_healed":0,"gold_gain":0,"player_choice":"Elegance","damage_taken":0,"max_hp_gain":0,"max_hp_loss":0,"event_name":"Back to Basics","floor":20,"gold_loss":0},{"damage_healed":0,"gold_gain":0,"player_choice":"Bet on Murderer","damage_taken":0,"max_hp_gain":0,"max_hp_loss":0,"event_name":"The Joust","floor":22,"gold_loss":50}],"is_beta":false,"boss_relics":[{"not_picked":["halation:LoveArrow","halation:CatFaceCupcake","Honey Jar"]}],"items_purged_floors":[],"is_endless":false,"potions_floor_spawned":[7,10,12,16,21],"killed_by":"Snecko","ascension_level":1}}