{"host":"w92iwlh7in21xtvu","time":1608456911,"event":{"mods":["AchievementEnabler","BaseMod","DeckTracker","Minty Spire (QoL Compilation)","Permanent Neow","SuperFastMode"],"gold_per_floor":[117,117,39,114,164,176,222,234,298,346,387,434,466,501,513,634,646,672,684,708,739,760,772,795,818,830,842,681,681,708,724,724,826,826,855,919,919,945,955,955,955],"floor_reached":40,"playtime":1176,"items_purged":[],"score":722,"play_id":"fffc6ada-6c80-454c-b19d-91c674322cdd","local_time":"20201220183511","is_ascension_mode":true,"campfire_choices":[{"data":"Bash","floor":6.0,"key":"SMITH"},{"data":"Offering","floor":8.0,"key":"SMITH"},{"data":"Searing Blow","floor":15.0,"key":"SMITH"},{"data":"Searing Blow+1","floor":23.0,"key":"SMITH"},{"data":"Searing Blow+2","floor":27.0,"key":"SMITH"},{"data":"Searing Blow+3","floor":29.0,"key":"SMITH"},{"floor":32.0,"key":"REST"}],"circlet_count":0,"master_deck":["AscendersBane","Strike_R","Strike_R","Strike_R","Strike_R","Defend_R","Defend_R","Defend_R","Defend_R","Bash+1","Hemokinesis","Carnage","Offering+1","Armaments","Searing Blow+4","Pommel Strike","Clothesline","Shockwave","Feed","Pommel Strike","Writhe","True Grit","Uppercut","Dual Wield","Pommel Strike+1","Headbutt","Battle Trance"],"relics":["Burning Blood","NeowsBlessing","MawBank","StrikeDummy","Orichalcum","CeramicFish","Odd Mushroom","Busted Crown","Ornamental Fan","Bottled Flame","Cursed Key","Gambling Chip"],"acts_visited":["Exordium","TheCity","TheBeyond"],"potions_floor_usage":[33,33,39],"damage_taken":[{"damage":0.0,"enemies":"2 Louse","floor":1.0,"turns":1.0},{"damage":0.0,"enemies":"Lagavulin","floor":7.0,"turns":1.0},{"damage":0.0,"enemies":"Gremlin Nob","floor":10.0,"turns":1.0},{"damage":8.0,"enemies":"Cultist","floor":11.0,"turns":2.0},{"damage":25.0,"enemies":"The Mushroom Lair","floor":12.0,"turns":4.0},{"damage":13.0,"enemies":"Jaw Worm","floor":13.0,"turns":2.0},{"damage":10.0,"enemies":"2 Fungi Beasts","floor":14.0,"turns":2.0},{"damage":41.0,"enemies":"Slime Boss","floor":16.0,"turns":8.0},{"damage":19.0,"enemies":"2 Thieves","floor":18.0,"turns":3.0},{"damage":29.0,"enemies":"3 Byrds","floor":20.0,"turns":5.0},{"damage":20.0,"enemies":"Snake Plant","floor":21.0,"turns":2.0},{"damage":13.0,"enemies":"Cultist and Chosen","floor":24.0,"turns":4.0},{"damage":12.0,"enemies":"3 Cultists","floor":25.0,"turns":4.0},{"damage":14.0,"enemies":"Snake Plant","floor":30.0,"turns":2.0},{"damage":6.0,"enemies":"Shelled Parasite and Fungi","floor":31.0,"turns":2.0},{"damage":49,"enemies":"Automaton","floor":33,"turns":6},{"damage":27,"enemies":"3 Darklings","floor":35,"turns":4},{"damage":32,"enemies":"2 Orb Walkers","floor":36,"turns":4},{"damage":16,"enemies":"3 Shapes","floor":38,"turns":3},{"damage":18,"enemies":"Spire Growth","floor":39,"turns":3},{"damage":0,"enemies":"Reptomancer","floor":40,"turns":1}],"seed_played":"6996476275138473997","potions_obtained":[{"floor":1.0,"key":"LiquidMemories"},{"floor":7.0,"key":"Block Potion"},{"floor":13.0,"key":"BloodPotion"},{"floor":16.0,"key":"LiquidMemories"},{"floor":24.0,"key":"DistilledChaos"},{"floor":25.0,"key":"SpeedPotion"},{"floor":30.0,"key":"LiquidMemories"},{"floor":35,"key":"AttackPotion"},{"floor":37,"key":"SmokeBomb"},{"floor":37,"key":"LiquidBronze"}],"is_trial":false,"path_per_floor":["M","?","$","?","T","R","E","R","T","E","M","?","M","M","R","B",null,"M","?","M","M","?","R","M","M","T","R","$","R","M","M","R","B",null,"M","?","?","M","M","E"],"character_chosen":"IRONCLAD","items_purchased":["Carnage","FairyPotion","True Grit","Uppercut"],"campfire_rested":1,"item_purchase_floors":[3,28,28,28],"current_hp_per_floor":[78,78,78,67,67,67,73,73,73,79,77,58,51,47,47,12,63,53,53,33,19,19,19,32,26,26,26,26,26,21,21,48,33,77,56,30,30,20,11,11,11],"gold":955,"neow_bonus":"THREE_ENEMY_KILL","is_daily":false,"chose_seed":false,"campfire_upgraded":6,"win_rate":0.0,"timestamp":1608456911,"path_taken":["M","?","?","?","?","R","E","R","T","E","M","?","M","M","R","BOSS","M","?","M","?","?","R","M","M","T","R","$","R","M","M","R","BOSS","M","?","?","M","M","E"],"items_purchased_type":["Card","Potion","Card","Card"],"build_version":"2020-12-13","purchased_purges":0,"victory":false,"max_hp_per_floor":[80,80,80,80,80,80,80,80,80,80,80,80,80,80,80,80,80,83,83,86,86,86,86,89,89,89,89,89,89,92,92,92,92,92,92,92,92,92,95,95,95],"card_choices":[{"not_picked":["Dark Embrace","Heavy Blade"],"picked":"Hemokinesis","floor":1.0},{"not_picked":["Rampage","Cleave"],"picked":"Offering","floor":7.0},{"not_picked":["True Grit","Entrench"],"picked":"Armaments","floor":10.0},{"not_picked":["Cleave","Headbutt"],"picked":"Searing Blow","floor":11.0},{"not_picked":["Whirlwind","Wild Strike"],"picked":"Pommel Strike","floor":12.0},{"not_picked":["Wild Strike","Pommel Strike"],"picked":"Clothesline","floor":13.0},{"not_picked":["Heavy Blade","Sever Soul"],"picked":"Shockwave","floor":14.0},{"not_picked":["Offering","Exhume"],"picked":"Feed","floor":16.0},{"not_picked":["Carnage"],"picked":"SKIP","floor":18.0},{"not_picked":["Clash"],"picked":"SKIP","floor":20.0},{"not_picked":[],"picked":"Pommel Strike","floor":21.0},{"not_picked":["Havoc"],"picked":"SKIP","floor":24.0},{"not_picked":["Havoc+1"],"picked":"SKIP","floor":25.0},{"not_picked":[],"picked":"Dual Wield","floor":30.0},{"not_picked":["Sword Boomerang"],"picked":"SKIP","floor":31.0},{"not_picked":[],"picked":"Pommel Strike+1","floor":35},{"not_picked":[],"picked":"Headbutt","floor":36},{"not_picked":[],"picked":"Battle Trance","floor":38},{"not_picked":["Heavy Blade"],"picked":"SKIP","floor":39}],"player_experience":306760,"relics_obtained":[{"floor":5.0,"key":"MawBank"},{"floor":7.0,"key":"StrikeDummy"},{"floor":9.0,"key":"Orichalcum"},{"floor":10.0,"key":"CeramicFish"},{"floor":12.0,"key":"Odd Mushroom"},{"floor":26.0,"key":"Bottled Flame"},{"floor":36,"key":"Gambling Chip"}],"event_choices":[{"cards_removed":["Strike_R"],"damage_healed":0.0,"max_hp_gain":0.0,"max_hp_loss":0.0,"gold_gain":0.0,"event_name":"Bonfire Elementals","player_choice":"Offered Basic","floor":2.0,"gold_loss":0.0,"damage_taken":0.0},{"damage_healed":0.0,"max_hp_gain":0.0,"max_hp_loss":0.0,"gold_gain":75.0,"event_name":"World of Goop","player_choice":"Gather Gold","floor":4.0,"gold_loss":0.0,"damage_taken":11.0},{"damage_healed":0.0,"max_hp_gain":0.0,"max_hp_loss":0.0,"gold_gain":0.0,"event_name":"Mushrooms","player_choice":"Fought Mushrooms","floor":12.0,"gold_loss":0.0,"damage_taken":0.0},{"damage_healed":0.0,"max_hp_gain":0.0,"max_hp_loss":0.0,"gold_gain":0.0,"event_name":"The Woman in Blue","player_choice":"Bought 0 Potions","floor":19.0,"gold_loss":0.0,"damage_taken":0.0},{"damage_healed":0.0,"max_hp_gain":0.0,"max_hp_loss":0.0,"gold_gain":0.0,"event_name":"The Mausoleum","player_choice":"Opened","floor":22.0,"gold_loss":0.0,"damage_taken":0.0,"relics_obtained":["Ornamental Fan"],"cards_obtained":["Writhe"]},{"damage_healed":0,"gold_gain":0,"player_choice":"Fight","damage_taken":0,"max_hp_gain":0,"max_hp_loss":0,"event_name":"Mysterious Sphere","floor":36,"gold_loss":0},{"damage_healed":0,"gold_gain":0,"player_choice":"Got Potions","damage_taken":0,"max_hp_gain":0,"max_hp_loss":0,"event_name":"Lab","floor":37,"gold_loss":0}],"is_beta":false,"boss_relics":[{"not_picked":["Black Blood","Runic Dome"],"picked":"Busted Crown"},{"not_picked":["Runic Cube","Runic Pyramid"],"picked":"Cursed Key"}],"items_purged_floors":[],"is_endless":false,"potions_floor_spawned":[1,7,13,14,16,18,24,25,30,35,38],"killed_by":"Reptomancer","ascension_level":10}}