{"host":"r53pw7z744tg3fxg","time":1608481548,"event":{"mods":["AchievementEnabler","BaseMod","Colored Map","Colored Powertips","Highlight Path","Minty Spire (QoL Compilation)","Quick Restart","Transform Curses"],"gold_per_floor":[112,112,187,40,54,88,88,121,121,134,134,168,191,269,269,395,395,408,458,483,504,548,548,571,571,571,571,590,633,656,20,20,149,149,173,193,206,226,289,289,289,310,337,337,4,28,28,80,80,80,80],"floor_reached":50,"playtime":1985,"items_purged":["Injury"],"score":775,"play_id":"714f50aa-3614-4d8c-b2cd-02dbe805cd77","local_time":"20201220092548","is_ascension_mode":true,"campfire_choices":[{"floor":11.0,"key":"REST"},{"floor":15.0,"key":"REST"},{"data":"Judgement","floor":23.0,"key":"SMITH"},{"data":"Crescendo","floor":25.0,"key":"SMITH"},{"data":"ClearTheMind","floor":27.0,"key":"SMITH"},{"floor":32.0,"key":"REST"},{"floor":40.0,"key":"REST"},{"floor":44.0,"key":"REST"},{"floor":49.0,"key":"DIG"}],"circlet_count":0,"master_deck":["Strike_P","Strike_P","Strike_P","Strike_P","Defend_P","Defend_P","Defend_P","Defend_P","Eruption+1","Vigilance","FollowUp","Crescendo+1","SashWhip","CarveReality","ClearTheMind+1","EmptyBody","FearNoEvil+1","Consecrate+1","BowlingBash+1","CutThroughFate+1","Judgement+1","CurseOfTheBell","Evaluate","Tantrum+1","Wallop+1","SpiritShield","Nirvana","DeusExMachina","FlurryOfBlows+1","WheelKick+1","Halt+1","The Bomb"],"relics":["PureWater","Akabeko","Golden Idol","Lantern","Torii","Molten Egg 2","Letter Opener","Blood Vial","Calling Bell","Bag of Preparation","Singing Bowl","StoneCalendar","Red Mask","Gambling Chip","StrikeDummy","Ginger","HandDrill","Omamori","SlaversCollar","Shovel","Vajra","Nunchaku","Art of War","Oddly Smooth Stone"],"acts_visited":["Exordium","TheCity","TheBeyond"],"potions_floor_usage":[50],"damage_taken":[{"damage":0.0,"enemies":"2 Louse","floor":1.0,"turns":2.0},{"damage":6.0,"enemies":"Small Slimes","floor":5.0,"turns":3.0},{"damage":7.0,"enemies":"3 Sentries","floor":6.0,"turns":6.0},{"damage":0.0,"enemies":"Lagavulin","floor":8.0,"turns":2.0},{"damage":7.0,"enemies":"Jaw Worm","floor":10.0,"turns":3.0},{"damage":16.0,"enemies":"Gremlin Nob","floor":12.0,"turns":3.0},{"damage":0.0,"enemies":"Gremlin Gang","floor":13.0,"turns":1.0},{"damage":0.0,"enemies":"3 Sentries","floor":14.0,"turns":2.0},{"damage":15.0,"enemies":"Hexaghost","floor":16.0,"turns":9.0},{"damage":0.0,"enemies":"Shell Parasite","floor":18.0,"turns":2.0},{"damage":0.0,"enemies":"Spheric Guardian","floor":20.0,"turns":1.0},{"damage":0.0,"enemies":"Snecko","floor":21.0,"turns":3.0},{"damage":0.0,"enemies":"Masked Bandits","floor":22.0,"turns":2.0},{"damage":0.0,"enemies":"Sentry and Sphere","floor":24.0,"turns":2.0},{"damage":0.0,"enemies":"Snake Plant","floor":28.0,"turns":1.0},{"damage":15.0,"enemies":"Book of Stabbing","floor":29.0,"turns":3.0},{"damage":15.0,"enemies":"Shelled Parasite and Fungi","floor":30.0,"turns":3.0},{"damage":8.0,"enemies":"Collector","floor":33.0,"turns":6.0},{"damage":0.0,"enemies":"3 Shapes","floor":35.0,"turns":1.0},{"damage":6.0,"enemies":"3 Darklings","floor":36.0,"turns":3.0},{"damage":70.0,"enemies":"Maw","floor":37.0,"turns":8.0},{"damage":0.0,"enemies":"Sphere and 2 Shapes","floor":38.0,"turns":1.0},{"damage":9.0,"enemies":"Mind Bloom Boss Battle","floor":39.0,"turns":7.0},{"damage":0.0,"enemies":"Reptomancer","floor":41.0,"turns":3.0},{"damage":0.0,"enemies":"4 Shapes","floor":42.0,"turns":3.0},{"damage":12.0,"enemies":"3 Darklings","floor":46.0,"turns":4.0},{"damage":72,"enemies":"Awakened One","floor":50,"turns":6}],"seed_played":"9118786042410184118","potions_obtained":[{"floor":1.0,"key":"EssenceOfSteel"},{"floor":10.0,"key":"Block Potion"},{"floor":12.0,"key":"Swift Potion"},{"floor":14.0,"key":"StancePotion"},{"floor":16.0,"key":"BlessingOfTheForge"},{"floor":18.0,"key":"SkillPotion"},{"floor":21.0,"key":"Ancient Potion"},{"floor":33.0,"key":"DuplicationPotion"},{"floor":37.0,"key":"Block Potion"},{"floor":39.0,"key":"SmokeBomb"},{"floor":42.0,"key":"Regen Potion"},{"floor":46.0,"key":"Fire Potion"}],"is_trial":false,"path_per_floor":["M","?","?","$","M","E","?","E","T","M","R","E","M","?","R","B",null,"M","?","M","M","?","R","M","R","T","R","M","E","M","$","R","B",null,"M","M","M","M","?","R","E","M","T","R","$","M","$","T","R","B"],"character_chosen":"WATCHER","items_purchased":["Crescendo","SashWhip","Ginger","HandDrill","Omamori","Nirvana","Nunchaku","The Bomb"],"campfire_rested":5,"item_purchase_floors":[4,4,31,31,31,31,45,45],"current_hp_per_floor":[65,65,54,54,48,41,41,41,41,34,55,39,39,39,60,47,66,68,68,72,76,76,76,76,76,76,76,78,63,52,52,76,70,78,80,76,8,12,5,30,32,36,36,61,61,65,65,65,65,0,0],"gold":80,"neow_bonus":"RANDOM_COMMON_RELIC","is_daily":false,"chose_seed":false,"campfire_upgraded":3,"win_rate":0.0,"timestamp":1608481548,"path_taken":["M","?","?","$","M","E","?","E","T","M","R","E","?","?","R","BOSS","M","?","M","?","?","R","M","R","T","R","M","E","M","$","R","BOSS","M","M","M","M","?","R","E","M","T","R","$","M","$","?","R","BOSS"],"items_purchased_type":["Card","Card","Relic","Relic","Relic","Card","Relic","Card"],"build_version":"2020-12-13","purchased_purges":1,"victory":false,"max_hp_per_floor":[72,72,72,72,72,72,72,72,72,72,72,72,72,72,72,72,72,72,72,74,76,76,76,76,76,76,76,78,78,80,80,80,80,80,80,82,82,84,84,84,84,86,86,86,86,88,88,88,88,88,88],"card_choices":[{"not_picked":["Swivel","EmptyBody"],"picked":"FollowUp","floor":1.0},{"not_picked":["Adaptation","Crescendo"],"picked":"CarveReality","floor":5.0},{"not_picked":["Crescendo","FollowUp"],"picked":"ClearTheMind","floor":6.0},{"not_picked":["InnerPeace","Indignation"],"picked":"EmptyBody","floor":8.0},{"not_picked":["CarveReality+1","Establishment"],"picked":"FearNoEvil+1","floor":10.0},{"not_picked":["TalkToTheHand+1","WindmillStrike+1"],"picked":"Consecrate+1","floor":12.0},{"not_picked":["Prostrate","FearNoEvil+1"],"picked":"BowlingBash+1","floor":13.0},{"not_picked":["ClearTheMind","Wish"],"picked":"CutThroughFate+1","floor":14.0},{"not_picked":["Brilliance+1","Wish"],"picked":"Judgement","floor":16.0},{"not_picked":["CutThroughFate+1","Meditate"],"picked":"Evaluate","floor":18.0},{"not_picked":["Wallop+1","InnerPeace","Consecrate+1"],"picked":"Singing Bowl","floor":20.0},{"not_picked":["EmptyBody","Crescendo","CrushJoints+1"],"picked":"Singing Bowl","floor":21.0},{"not_picked":["ClearTheMind","Meditate"],"picked":"Tantrum+1","floor":22.0},{"not_picked":["ThirdEye","JustLucky+1"],"picked":"Wallop+1","floor":24.0},{"not_picked":["Crescendo","FollowUp+1","Swivel+1"],"picked":"Singing Bowl","floor":28.0},{"not_picked":["SandsOfTime+1","MentalFortress"],"picked":"SpiritShield","floor":29.0},{"not_picked":["FollowUp+1","Evaluate","CutThroughFate+1"],"picked":"Singing Bowl","floor":30.0},{"not_picked":["Scrawl","Blasphemy"],"picked":"DeusExMachina","floor":33.0},{"not_picked":["Conclude+1","EmptyFist+1"],"picked":"FlurryOfBlows+1","floor":35.0},{"not_picked":["BattleHymn","Wireheading","Tantrum+1"],"picked":"Singing Bowl","floor":36.0},{"not_picked":["EmptyFist+1","Protect+1"],"picked":"WheelKick+1","floor":37.0},{"not_picked":["Halt","Consecrate+1","CrushJoints+1"],"picked":"Singing Bowl","floor":38.0},{"not_picked":["Devotion","Protect"],"picked":"Halt+1","floor":39.0},{"not_picked":["Vengeance","Prostrate+1","Wireheading+1"],"picked":"Singing Bowl","floor":42.0},{"not_picked":["Weave+1","InnerPeace+1","Meditate+1"],"picked":"Singing Bowl","floor":46.0}],"player_experience":1129540,"relics_obtained":[{"floor":6.0,"key":"Lantern"},{"floor":8.0,"key":"Torii"},{"floor":9.0,"key":"Molten Egg 2"},{"floor":12.0,"key":"Letter Opener"},{"floor":14.0,"key":"Blood Vial"},{"floor":17.0,"key":"Bag of Preparation"},{"floor":17.0,"key":"Singing Bowl"},{"floor":17.0,"key":"StoneCalendar"},{"floor":22.0,"key":"Red Mask"},{"floor":26.0,"key":"Gambling Chip"},{"floor":29.0,"key":"StrikeDummy"},{"floor":39.0,"key":"Shovel"},{"floor":43.0,"key":"Vajra"},{"floor":48.0,"key":"Art of War"},{"floor":49.0,"key":"Oddly Smooth Stone"}],"event_choices":[{"damage_healed":0.0,"max_hp_gain":0.0,"max_hp_loss":0.0,"gold_gain":0.0,"event_name":"Golden Idol","player_choice":"Take Wound","floor":2.0,"gold_loss":0.0,"damage_taken":0.0,"relics_obtained":["Golden Idol"],"cards_obtained":["Injury"]},{"damage_healed":0.0,"max_hp_gain":0.0,"max_hp_loss":0.0,"gold_gain":75.0,"event_name":"World of Goop","player_choice":"Gather Gold","floor":3.0,"gold_loss":0.0,"damage_taken":11.0},{"damage_healed":0.0,"max_hp_gain":0.0,"max_hp_loss":0.0,"gold_gain":0.0,"event_name":"Upgrade Shrine","player_choice":"Upgraded","floor":7.0,"gold_loss":0.0,"damage_taken":0.0,"cards_upgraded":["Eruption"]},{"damage_healed":0.0,"max_hp_gain":0.0,"max_hp_loss":0.0,"gold_gain":0.0,"event_name":"Dead Adventurer","player_choice":"Searched \u00271\u0027 times","floor":14.0,"gold_loss":0.0,"damage_taken":0.0},{"damage_healed":0.0,"max_hp_gain":0.0,"max_hp_loss":0.0,"gold_gain":100.0,"event_name":"The Joust","player_choice":"Bet on Murderer","floor":19.0,"gold_loss":50.0,"damage_taken":0.0},{"damage_healed":0.0,"max_hp_gain":0.0,"max_hp_loss":0.0,"gold_gain":0.0,"event_name":"Masked Bandits","player_choice":"Fought Bandits","floor":22.0,"gold_loss":0.0,"damage_taken":0.0},{"damage_healed":0.0,"max_hp_gain":0.0,"max_hp_loss":0.0,"gold_gain":0.0,"event_name":"MindBloom","player_choice":"Fight","floor":39.0,"gold_loss":0.0,"damage_taken":0.0}],"is_beta":false,"boss_relics":[{"not_picked":["Cursed Key","Busted Crown"],"picked":"Calling Bell"},{"not_picked":["Coffee Dripper","Tiny House"],"picked":"SlaversCollar"}],"items_purged_floors":[4],"is_endless":false,"potions_floor_spawned":[1,10,12,14,16,18,21,33,37,39,42,46],"killed_by":"Awakened One","ascension_level":7}}