{"host":"y76clbnovzmw9ubx","time":1608472188,"event":{"mods":["AchievementEnabler","BaseMod","Minty Spire (QoL Compilation)","Permanent Neow","Relic Stats"],"gold_per_floor":[123,149,178,203,215,262,274,286,321,354,366,378,390,390],"floor_reached":13,"playtime":1385,"items_purged":[],"score":170,"play_id":"4ab70c66-536e-426e-84f8-8015390affda","local_time":"20201220084948","is_ascension_mode":true,"campfire_choices":[{"floor":8,"key":"REST"},{"data":"Flechettes","floor":11,"key":"SMITH"}],"circlet_count":0,"master_deck":["AscendersBane","Strike_G","Strike_G","Strike_G","Strike_G","Defend_G","Defend_G","Defend_G","Defend_G","Defend_G","Survivor","Neutralize","Flechettes+1","Quick Slash","Poisoned Stab","Catalyst","Backflip","Calculated Gamble"],"relics":["Ring of the Snake","MawBank","Regal Pillow","Golden Idol","Ancient Tea Set"],"acts_visited":["Exordium"],"potions_floor_usage":[6,10],"damage_taken":[{"damage":0.0,"enemies":"Small Slimes","floor":1.0,"turns":4.0},{"damage":4.0,"enemies":"Jaw Worm","floor":2.0,"turns":4.0},{"damage":1.0,"enemies":"2 Louse","floor":3.0,"turns":3.0},{"damage":3.0,"enemies":"Large Slime","floor":4.0,"turns":6.0},{"damage":32,"enemies":"3 Sentries","floor":6,"turns":12},{"damage":24,"enemies":"Gremlin Gang","floor":10,"turns":7},{"damage":54,"enemies":"Lagavulin","floor":13,"turns":10}],"seed_played":"-2838933609409336707","potions_obtained":[{"floor":1.0,"key":"BlessingOfTheForge"},{"floor":2.0,"key":"ColorlessPotion"},{"floor":4.0,"key":"Regen Potion"}],"is_trial":false,"path_per_floor":["M","M","M","M","?","E","?","R","T","M","R","?","E"],"character_chosen":"THE_SILENT","items_purchased":[],"campfire_rested":1,"item_purchase_floors":[],"current_hp_per_floor":[59,55,54,51,44,12,12,45,45,36,36,36,0,0],"gold":390,"neow_bonus":"RANDOM_COMMON_RELIC","is_daily":false,"chose_seed":false,"campfire_upgraded":1,"win_rate":0.0,"timestamp":1608472188,"path_taken":["M","M","M","M","?","E","?","R","T","M","R","?","E"],"items_purchased_type":[],"build_version":"2020-12-13","purchased_purges":0,"victory":false,"max_hp_per_floor":[66,66,66,66,66,66,60,60,60,60,60,60,60,60],"relic_stats":{"Regal Pillow":15,"counters":[7,46],"Golden Idol":4,"MawBank":156,"obtain_stats":[{"Regal Pillow":6,"Golden Idol":7,"MawBank":0,"Ancient Tea Set":9,"Ring of the Snake":0},{"Regal Pillow":5,"Golden Idol":5,"MawBank":0,"Ancient Tea Set":5,"Ring of the Snake":0},{"Regal Pillow":29,"Golden Idol":29,"MawBank":0,"Ancient Tea Set":29,"Ring of the Snake":0}],"Ring of the Snake":[14]},"card_choices":[{"not_picked":["Underhanded Strike","Dagger Throw"],"picked":"Flechettes","floor":1.0},{"not_picked":["Slice","Eviscerate"],"picked":"Quick Slash","floor":2.0},{"not_picked":["Quick Slash","Dodge and Roll"],"picked":"Poisoned Stab","floor":3.0},{"not_picked":["Slice","Cloak And Dagger"],"picked":"Catalyst","floor":4.0},{"not_picked":["Expertise","Choke"],"picked":"Backflip","floor":6},{"not_picked":["Distraction","Expertise"],"picked":"Calculated Gamble","floor":10}],"player_experience":2922015,"relics_obtained":[{"floor":6,"key":"Regal Pillow"},{"floor":9,"key":"Ancient Tea Set"}],"event_choices":[{"cards_removed":["Strike_G"],"damage_healed":0.0,"max_hp_gain":0.0,"max_hp_loss":0.0,"gold_gain":0.0,"event_name":"Golden Wing","player_choice":"Card Removal","floor":5.0,"gold_loss":0.0,"damage_taken":7.0},{"damage_healed":0,"gold_gain":0,"player_choice":"Lose Max HP","damage_taken":0,"relics_obtained":["Golden Idol"],"max_hp_gain":0,"max_hp_loss":6,"event_name":"Golden Idol","floor":7,"gold_loss":0},{"damage_healed":0,"gold_gain":0,"player_choice":"Ignored","damage_taken":0,"max_hp_gain":0,"max_hp_loss":0,"event_name":"Liars Game","floor":12,"gold_loss":0}],"is_beta":false,"boss_relics":[],"items_purged_floors":[],"is_endless":false,"potions_floor_spawned":[1,2,4],"killed_by":"Lagavulin","ascension_level":20}}