{"host":"o7j6aatxjwpw1421","time":1608446943,"event":{"mods":["2.2 Compatiblity","BaseMod","Colored Map","DeckTracker","Highlight Path","Keyboard Shortcuts","Minty Spire (QoL Compilation)","Permanent Neow","Quick Restart","StSLib","SuperFastMode","everything is the same but u backflip on backflip"],"gold_per_floor":[116,135,155,155,155,155,189,189,216,249,263,280,296,296,296,399,399,414,440,440,440,440,440,472,472,497,497,511,185,204,239,239,339,339,352,210,229,246,262,262,290,290,314,342,342,342,392,417,417,417,417,417,15,50,50],"floor_reached":56,"playtime":3885,"items_purged":["Strike_R","Armaments","Defend_R"],"score":1487,"play_id":"3a9f70ba-15fe-4ffb-93da-50d1b9c6abac","local_time":"20201220154903","is_ascension_mode":true,"campfire_choices":[{"data":"Bash","floor":6.0,"key":"SMITH"},{"data":"Shrug It Off","floor":8.0,"key":"SMITH"},{"floor":15.0,"key":"REST"},{"data":"Body Slam","floor":23.0,"key":"SMITH"},{"data":"Body Slam","floor":25.0,"key":"SMITH"},{"data":"Seeing Red","floor":27.0,"key":"SMITH"},{"data":"Entrench","floor":32.0,"key":"SMITH"},{"data":"Apotheosis","floor":40.0,"key":"SMITH"},{"floor":42.0,"key":"RECALL"},{"data":"Barricade","floor":45.0,"key":"SMITH"},{"floor":49.0,"key":"DIG"},{"floor":52.0,"key":"DIG"}],"circlet_count":0,"master_deck":["Defend_R","Defend_R","Defend_R","Bash+1","Flame Barrier","Disarm","Shrug It Off+1","Ghostly Armor","Pommel Strike+1","Shockwave","Shrug It Off+1","Whirlwind","Impervious","Body Slam+1","Body Slam+1","Good Instincts","Seeing Red+1","Entrench+1","Barricade+1","Entrench+1","Iron Wave+1","Armaments+1","Apotheosis+1","Shrug It Off","Impervious"],"relics":["Burning Blood","Vajra","Oddly Smooth Stone","Happy Flower","Boot","Philosopher\u0027s Stone","Red Mask","Self Forming Clay","PreservedInsect","Membership Card","Question Card","Blue Candle","Astrolabe","Lantern","Regal Pillow","Shovel","Pear","Eternal Feather","White Beast Statue","Paper Frog","Strange Spoon","Mercury Hourglass","Strawberry"],"acts_visited":["Exordium","TheCity","TheBeyond","TheEnding"],"potions_floor_usage":[55,55,55],"damage_taken":[{"damage":4.0,"enemies":"2 Louse","floor":1.0,"turns":3.0},{"damage":0.0,"enemies":"Cultist","floor":2.0,"turns":3.0},{"damage":5.0,"enemies":"Small Slimes","floor":3.0,"turns":4.0},{"damage":30.0,"enemies":"Lagavulin","floor":7.0,"turns":6.0},{"damage":43.0,"enemies":"3 Sentries","floor":10.0,"turns":11.0},{"damage":0.0,"enemies":"2 Fungi Beasts","floor":11.0,"turns":5.0},{"damage":1.0,"enemies":"3 Louse","floor":12.0,"turns":5.0},{"damage":4.0,"enemies":"Lots of Slimes","floor":13.0,"turns":5.0},{"damage":27.0,"enemies":"The Guardian","floor":16.0,"turns":16.0},{"damage":4.0,"enemies":"3 Byrds","floor":18.0,"turns":6.0},{"damage":34.0,"enemies":"Masked Bandits","floor":19.0,"turns":6.0},{"damage":8.0,"enemies":"Slavers","floor":24.0,"turns":7.0},{"damage":0.0,"enemies":"2 Thieves","floor":28.0,"turns":4.0},{"damage":0.0,"enemies":"3 Cultists","floor":30.0,"turns":6.0},{"damage":0.0,"enemies":"Gremlin Leader","floor":31.0,"turns":3.0},{"damage":51.0,"enemies":"Automaton","floor":33.0,"turns":11.0},{"damage":0.0,"enemies":"3 Shapes","floor":35.0,"turns":4.0},{"damage":0.0,"enemies":"Orb Walker","floor":37.0,"turns":4.0},{"damage":13.0,"enemies":"3 Darklings","floor":38.0,"turns":6.0},{"damage":0.0,"enemies":"Transient","floor":39.0,"turns":5.0},{"damage":1.0,"enemies":"Nemesis","floor":41.0,"turns":9.0},{"damage":19.0,"enemies":"Reptomancer","floor":44.0,"turns":5.0},{"damage":0.0,"enemies":"Mind Bloom Boss Battle","floor":47.0,"turns":7.0},{"damage":0.0,"enemies":"Giant Head","floor":48.0,"turns":7.0},{"damage":23.0,"enemies":"Awakened One","floor":50.0,"turns":12.0},{"damage":41.0,"enemies":"Shield and Spear","floor":54.0,"turns":8.0},{"damage":23,"enemies":"The Heart","floor":55,"turns":9}],"seed_played":"1032657938237535289","potions_obtained":[{"floor":1.0,"key":"LiquidBronze"},{"floor":2.0,"key":"AttackPotion"},{"floor":11.0,"key":"Energy Potion"},{"floor":13.0,"key":"Dexterity Potion"},{"floor":16.0,"key":"PowerPotion"},{"floor":24.0,"key":"Weak Potion"},{"floor":33.0,"key":"Energy Potion"},{"floor":38.0,"key":"DistilledChaos"},{"floor":39.0,"key":"DuplicationPotion"},{"floor":47.0,"key":"Explosive Potion"},{"floor":54.0,"key":"LiquidBronze"}],"is_trial":false,"path_per_floor":["M","M","M","?","?","R","E","R","T","E","M","M","M","?","R","B",null,"M","?","?","?","?","R","E","R","T","R","M","$","M","E","R","B",null,"M","$","M","M","M","R","E","R","T","E","R","?","?","E","R","B",null,"R","$","E","B",null],"character_chosen":"IRONCLAD","items_purchased":["Membership Card","Question Card","Apotheosis","Shrug It Off","Paper Frog","Strange Spoon","Mercury Hourglass"],"campfire_rested":1,"item_purchase_floors":[29,29,36,53,53,53,53],"current_hp_per_floor":[80,80,80,80,80,80,56,56,56,19,25,30,32,16,40,19,80,80,52,52,52,40,40,38,38,38,38,44,44,50,56,56,11,80,80,80,80,73,79,79,80,80,80,67,67,67,73,86,86,69,86,86,86,58,41],"gold":50,"neow_bonus":"RANDOM_COMMON_RELIC","is_daily":false,"chose_seed":false,"campfire_upgraded":8,"win_rate":0.0,"timestamp":1608446943,"path_taken":["M","M","M","?","?","R","E","R","T","E","?","M","M","?","R","BOSS","M","?","?","?","?","R","E","R","T","R","M","$","M","E","R","BOSS","M","$","M","?","M","R","E","R","T","E","R","?","?","E","R","BOSS","R","$","E","BOSS"],"items_purchased_type":["Relic","Relic","Card","Card","Relic","Relic","Relic"],"build_version":"2020-12-13","purchased_purges":3,"victory":true,"max_hp_per_floor":[80,80,80,80,80,80,80,80,80,80,80,80,80,80,80,80,80,80,80,80,80,80,80,80,80,80,80,80,80,80,80,80,80,80,80,80,80,80,80,80,80,80,80,80,80,76,76,86,86,86,86,86,86,93,93],"card_choices":[{"not_picked":["Dark Embrace","Iron Wave"],"picked":"Flame Barrier","floor":1.0},{"not_picked":["Wild Strike","Sentinel"],"picked":"Disarm","floor":2.0},{"not_picked":["Iron Wave","Sword Boomerang","Rampage"],"picked":"SKIP","floor":3.0},{"not_picked":["Cleave","Blood for Blood"],"picked":"Ghostly Armor","floor":7.0},{"not_picked":["Heavy Blade","Carnage"],"picked":"Pommel Strike","floor":10.0},{"not_picked":["Combust","Sentinel"],"picked":"Shockwave","floor":11.0},{"not_picked":["Bloodletting","Armaments"],"picked":"Shrug It Off","floor":12.0},{"not_picked":["Juggernaut","Iron Wave"],"picked":"Whirlwind","floor":13.0},{"not_picked":["Exhume","Corruption"],"picked":"Impervious","floor":16.0},{"not_picked":["Wild Strike+1","Clash"],"picked":"Armaments","floor":18.0},{"not_picked":["Dropkick","Battle Trance"],"picked":"Body Slam","floor":19.0},{"not_picked":["Searing Blow+1","Havoc+1"],"picked":"Seeing Red","floor":24.0},{"not_picked":["Flame Barrier","Uppercut","Pommel Strike"],"picked":"SKIP","floor":28.0},{"not_picked":["Fire Breathing","Armaments","Perfected Strike+1","Flame Barrier"],"picked":"SKIP","floor":30.0},{"not_picked":["Sword Boomerang+1","Armaments","Headbutt"],"picked":"Entrench","floor":31.0},{"not_picked":["Feed","Reaper","Juggernaut"],"picked":"Barricade","floor":33.0},{"not_picked":["Headbutt+1","Anger","Flex+1","Body Slam+1"],"picked":"SKIP","floor":35.0},{"not_picked":["Sever Soul+1","Intimidate","Perfected Strike+1","Shockwave+1"],"picked":"SKIP","floor":37.0},{"not_picked":["Headbutt+1","Sentinel","Iron Wave+1","Feel No Pain+1"],"picked":"SKIP","floor":38.0},{"not_picked":["Wild Strike+1","Pommel Strike+1","Armaments+1","Rampage+1"],"picked":"SKIP","floor":39.0},{"not_picked":["Combust","Power Through","Burning Pact+1","Clothesline+1"],"picked":"SKIP","floor":41.0},{"not_picked":["Armaments","True Grit+1","Heavy Blade+1","Anger+1"],"picked":"SKIP","floor":44.0},{"not_picked":["Combust+1","Headbutt+1","Power Through","Brutality"],"picked":"SKIP","floor":48.0},{"not_picked":["Anger","Immolate","Warcry"],"picked":"Impervious","floor":54.0}],"player_experience":270357,"relics_obtained":[{"floor":7.0,"key":"Oddly Smooth Stone"},{"floor":9.0,"key":"Happy Flower"},{"floor":10.0,"key":"Boot"},{"floor":19.0,"key":"Red Mask"},{"floor":24.0,"key":"Self Forming Clay"},{"floor":26.0,"key":"PreservedInsect"},{"floor":31.0,"key":"Blue Candle"},{"floor":41.0,"key":"Lantern"},{"floor":44.0,"key":"Regal Pillow"},{"floor":47.0,"key":"Shovel"},{"floor":48.0,"key":"Pear"},{"floor":49.0,"key":"Eternal Feather"},{"floor":52.0,"key":"White Beast Statue"},{"floor":54.0,"key":"Strawberry"}],"event_choices":[{"cards_removed":["Strike_R"],"damage_healed":0.0,"max_hp_gain":0.0,"max_hp_loss":0.0,"gold_gain":0.0,"event_name":"Living Wall","player_choice":"Forget","floor":4.0,"gold_loss":0.0,"damage_taken":0.0},{"damage_healed":0.0,"max_hp_gain":0.0,"max_hp_loss":0.0,"gold_gain":0.0,"event_name":"Match and Keep!","player_choice":"1 cards matched","floor":5.0,"gold_loss":0.0,"damage_taken":0.0,"cards_obtained":["Shrug It Off"]},{"damage_healed":0.0,"max_hp_gain":0.0,"max_hp_loss":0.0,"gold_gain":0.0,"event_name":"Shining Light","player_choice":"Entered Light","floor":14.0,"gold_loss":0.0,"damage_taken":16.0,"cards_upgraded":["Shrug It Off","Pommel Strike"]},{"damage_healed":0.0,"max_hp_gain":0.0,"max_hp_loss":0.0,"gold_gain":0.0,"event_name":"Masked Bandits","player_choice":"Fought Bandits","floor":19.0,"gold_loss":0.0,"damage_taken":0.0},{"damage_healed":0.0,"max_hp_gain":0.0,"max_hp_loss":0.0,"gold_gain":0.0,"event_name":"The Library","player_choice":"Read","floor":20.0,"gold_loss":0.0,"damage_taken":0.0,"cards_obtained":["Body Slam"]},{"damage_healed":0.0,"max_hp_gain":0.0,"max_hp_loss":0.0,"gold_gain":0.0,"event_name":"Vampires","player_choice":"Ignored","floor":21.0,"gold_loss":0.0,"damage_taken":0.0},{"damage_healed":0.0,"max_hp_gain":0.0,"max_hp_loss":0.0,"gold_gain":0.0,"event_name":"Knowing Skull","player_choice":"CARD ","floor":22.0,"potions_obtained":[],"gold_loss":0.0,"damage_taken":12.0,"cards_obtained":["Good Instincts"]},{"damage_healed":0.0,"max_hp_gain":0.0,"max_hp_loss":0.0,"gold_gain":0.0,"event_name":"Knowing Skull","player_choice":"CARD ","floor":22.0,"potions_obtained":[],"gold_loss":0.0,"damage_taken":12.0,"cards_obtained":["Good Instincts"]},{"damage_healed":0.0,"max_hp_gain":0.0,"max_hp_loss":4.0,"gold_gain":0.0,"event_name":"Winding Halls","player_choice":"Max HP","floor":46.0,"gold_loss":0.0,"damage_taken":0.0},{"damage_healed":0.0,"max_hp_gain":0.0,"max_hp_loss":0.0,"gold_gain":0.0,"event_name":"MindBloom","player_choice":"Fight","floor":47.0,"gold_loss":0.0,"damage_taken":0.0}],"is_beta":false,"boss_relics":[{"not_picked":["Cursed Key","Tiny House"],"picked":"Philosopher\u0027s Stone"},{"not_picked":["Sozu","Black Blood"],"picked":"Astrolabe"}],"items_purged_floors":[29,36,53],"is_endless":false,"potions_floor_spawned":[1,2,11,13,16,24,33,38,39,47,54],"ascension_level":4}}