{"host":"qfskrnw3pl1q86j0","time":1608499563,"event":{"mods":["BaseMod","Block Reminder","Hermit","Marisa????????","Minty Spire (QoL Compilation)","Quick Restart","Random Character Button","StSLib","The Poker Player","slay the spire mod where everything is the same but ironclad has a cowboy hat"],"gold_per_floor":[114,114,114,114,114,148,148,171,171,171,171,171,171,204,204,325,325,350,48,67,67,91,91,105,204,204,204,55,55,82,101,101,226,226,241,241,66,399,410,410,410,434,434,434,434,447,447,466,466,466],"floor_reached":51,"playtime":1200,"items_purged":["Strike_MRS","Strike_MRS","Strike_MRS"],"score":747,"play_id":"e0fc28a4-f989-4828-ad56-70a6b6a32b5e","local_time":"20201220222603","is_ascension_mode":false,"campfire_choices":[{"data":"StarBarrage","floor":7.0,"key":"SMITH"},{"data":"NonDirectionalLaser","floor":10.0,"key":"SMITH"},{"floor":13.0,"key":"REST"},{"data":"MilkyWay","floor":15.0,"key":"SMITH"},{"data":"OortCloud","floor":23.0,"key":"SMITH"},{"data":"MilkyWay","floor":27.0,"key":"SMITH"},{"data":"EarthLightRay","floor":29.0,"key":"SMITH"},{"data":"GalacticHalo","floor":32.0,"key":"SMITH"},{"data":"GrandCross","floor":40.0,"key":"SMITH"},{"data":"PulseMagic","floor":45.0,"key":"SMITH"},{"data":"Defend_MRS","floor":47.0,"key":"SMITH"},{"data":"AsteroidBelt","floor":49,"key":"SMITH"}],"circlet_count":0,"master_deck":["Strike_MRS+1","Defend_MRS+1","Defend_MRS+1","Defend_MRS+1","MasterSpark+1","UpSweep+1","DC+1","StarBarrage+1","NonDirectionalLaser+1","MilkyWay+1","EarthLightRay+1","MilkyWay+1","GrandCross+1","PulseMagic+1","GalacticHalo+1","OortCloud+1","GrandCross+1","StarBarrage+1","AsteroidBelt+1"],"relics":["MiniHakkero","Dream Catcher","Akabeko","Pen Nib","Juzu Bracelet","Tiny Chest","Art of War","Sozu","Bag of Marbles","War Paint","MealTicket","Philosopher\u0027s Stone","Potion Belt","Ornamental Fan"],"acts_visited":["Exordium","TheCity","TheBeyond"],"potions_floor_usage":[50,50],"damage_taken":[{"damage":1.0,"enemies":"2 Louse","floor":1.0,"turns":2.0},{"damage":8.0,"enemies":"Gremlin Nob","floor":6.0,"turns":3.0},{"damage":0.0,"enemies":"Small Slimes","floor":8.0,"turns":1.0},{"damage":8.0,"enemies":"3 Sentries","floor":14.0,"turns":4.0},{"damage":18.0,"enemies":"Hexaghost","floor":16.0,"turns":6.0},{"damage":0.0,"enemies":"Shell Parasite","floor":18.0,"turns":2.0},{"damage":0.0,"enemies":"Chosen","floor":20.0,"turns":1.0},{"damage":2.0,"enemies":"Snecko","floor":22.0,"turns":3.0},{"damage":0.0,"enemies":"Sentry and Sphere","floor":24.0,"turns":2.0},{"damage":0.0,"enemies":"3 Cultists","floor":31.0,"turns":3.0},{"damage":5.0,"enemies":"Champ","floor":33.0,"turns":8.0},{"damage":8.0,"enemies":"3 Shapes","floor":35.0,"turns":3.0},{"damage":0.0,"enemies":"Orb Walker","floor":39.0,"turns":1.0},{"damage":0.0,"enemies":"Transient","floor":46.0,"turns":5.0},{"damage":2,"enemies":"Maw","floor":48,"turns":5},{"damage":48,"enemies":"Awakened One","floor":50,"turns":11}],"seed_played":"-8784591801092029198","potions_obtained":[{"floor":8.0,"key":"ColorlessPotion"},{"floor":14.0,"key":"ColorlessPotion"},{"floor":16.0,"key":"DistilledChaos"}],"is_trial":false,"path_per_floor":["M","?","?","?","?","E","R","M","T","R","?","?","R","E","R","B",null,"M","$","M","?","M","R","M","?","T","R","$","R","T","M","R","B",null,"M","?","$","?","M","R","?","T","T","?","R","M","R","M","R","B",null],"character_chosen":"MARISA","items_purchased":["OortCloud","Bag of Marbles","GalacticHalo","GrandCross"],"campfire_rested":1,"item_purchase_floors":[19,19,28,37],"current_hp_per_floor":[74,59,59,41,29,21,21,21,21,21,21,21,43,35,35,21,75,75,75,75,75,73,73,75,75,75,75,75,75,75,75,75,71,75,73,73,75,75,75,75,75,75,75,75,75,75,75,75,75,33],"gold":466,"neow_bonus":"RANDOM_COMMON_RELIC","is_daily":false,"chose_seed":false,"campfire_upgraded":11,"win_rate":0.0,"timestamp":1608499563,"path_taken":["M","?","?","?","?","E","R","?","T","R","?","?","R","E","R","BOSS","M","$","M","?","M","R","M","?","T","R","?","R","?","M","R","BOSS","M","?","$","?","M","R","?","?","T","?","R","M","R","M","R","BOSS"],"items_purchased_type":["Card","Relic","Card","Card"],"build_version":"2020-12-13","purchased_purges":3,"victory":true,"max_hp_per_floor":[75,75,75,75,75,75,75,75,75,75,75,75,75,75,75,75,75,75,75,75,75,75,75,75,75,75,75,75,75,75,75,75,75,75,75,75,75,75,75,75,75,75,75,75,75,75,75,75,75,75],"card_choices":[{"not_picked":["WitchLeyline","MysteriousBeam"],"picked":"DC","floor":1.0},{"not_picked":["PowerUp","Orbital"],"picked":"StarBarrage","floor":6.0},{"not_picked":["ChargingUp","ShootingEcho"],"picked":"NonDirectionalLaser","floor":8.0},{"not_picked":["ShootTheMoon","AlicesGift"],"picked":"MilkyWay","floor":13.0},{"not_picked":["GravityBeat","DC"],"picked":"EarthLightRay","floor":14.0},{"not_picked":["MachineGunSpark","6A+1"],"picked":"MilkyWay","floor":18.0},{"not_picked":["Singularity+1","WitchLeyline"],"picked":"GrandCross+1","floor":20.0},{"not_picked":["MagicAbsorber","ChargeUpSpray"],"picked":"PulseMagic","floor":22.0},{"not_picked":["BlazeAway","NonDirectionalLaser","IllusionStar+1"],"picked":"SKIP","floor":24.0},{"not_picked":["GravityBeat","PowerUp","Acceleration"],"picked":"SKIP","floor":31.0},{"not_picked":["StarlightTyphoon+1","PowerUp+1"],"picked":"OortCloud+1","floor":35.0},{"not_picked":["Acceleration+1","StarlightTyphoon+1","IllusionStar+1"],"picked":"SKIP","floor":39.0},{"not_picked":["LuminesStrike","WitchOfGreed"],"picked":"StarBarrage+1","floor":46.0},{"not_picked":["StarlightTyphoon","OpenUniverse+1"],"picked":"AsteroidBelt","floor":48}],"player_experience":853224,"relics_obtained":[{"floor":6.0,"key":"Pen Nib"},{"floor":9.0,"key":"Juzu Bracelet"},{"floor":14.0,"key":"Art of War"},{"floor":26.0,"key":"War Paint"},{"floor":30.0,"key":"MealTicket"},{"floor":42.0,"key":"Potion Belt"},{"floor":43.0,"key":"Ornamental Fan"}],"event_choices":[{"damage_healed":0.0,"max_hp_gain":0.0,"max_hp_loss":0.0,"gold_gain":0.0,"event_name":"Shining Light","player_choice":"Entered Light","floor":2.0,"gold_loss":0.0,"damage_taken":15.0,"cards_upgraded":["Strike_MRS","UpSweep"]},{"damage_healed":0.0,"max_hp_gain":0.0,"max_hp_loss":0.0,"gold_gain":0.0,"event_name":"Living Wall","player_choice":"Grow","floor":3.0,"gold_loss":0.0,"damage_taken":0.0,"cards_upgraded":["MasterSpark"]},{"damage_healed":0.0,"max_hp_gain":0.0,"max_hp_loss":0.0,"gold_gain":0.0,"event_name":"Golden Idol","player_choice":"Take Damage","floor":4.0,"gold_loss":0.0,"damage_taken":18.0,"relics_obtained":["Golden Idol"]},{"damage_healed":0.0,"max_hp_gain":0.0,"max_hp_loss":0.0,"gold_gain":0.0,"event_name":"Scrap Ooze","player_choice":"Success","floor":5.0,"gold_loss":0.0,"damage_taken":12.0,"relics_obtained":["Akabeko"]},{"damage_healed":0.0,"max_hp_gain":0.0,"max_hp_loss":0.0,"gold_gain":0.0,"event_name":"Accursed Blacksmith","player_choice":"Forge","floor":11.0,"gold_loss":0.0,"damage_taken":0.0,"cards_upgraded":["DC"]},{"damage_healed":0.0,"max_hp_gain":0.0,"max_hp_loss":0.0,"gold_gain":0.0,"event_name":"Dead Adventurer","player_choice":"Searched \u00271\u0027 times","floor":12.0,"gold_loss":0.0,"damage_taken":0.0,"relics_obtained":["Tiny Chest"]},{"cards_removed":["Defend_MRS"],"damage_healed":0.0,"max_hp_gain":0.0,"max_hp_loss":0.0,"gold_gain":0.0,"event_name":"Back to Basics","player_choice":"Elegance","floor":21.0,"gold_loss":0.0,"damage_taken":0.0},{"damage_healed":0.0,"max_hp_gain":0.0,"max_hp_loss":0.0,"gold_gain":99.0,"event_name":"Nest","player_choice":"Stole From Cult","floor":25.0,"gold_loss":0.0,"damage_taken":0.0},{"cards_removed":["OortCloud"],"damage_healed":0.0,"max_hp_gain":0.0,"max_hp_loss":0.0,"gold_gain":0.0,"event_name":"Falling","player_choice":"Removed Power","floor":36.0,"gold_loss":0.0,"damage_taken":0.0},{"damage_healed":0.0,"max_hp_gain":0.0,"max_hp_loss":0.0,"gold_gain":333.0,"event_name":"The Moai Head","player_choice":"Gave Idol","floor":38.0,"relics_lost":["Golden Idol"],"gold_loss":0.0,"damage_taken":0.0},{"damage_healed":0.0,"max_hp_gain":0.0,"max_hp_loss":0.0,"gold_gain":0.0,"event_name":"Tomb of Lord Red Mask","player_choice":"Ignored","floor":41.0,"gold_loss":0.0,"damage_taken":0.0},{"damage_healed":0.0,"max_hp_gain":0.0,"max_hp_loss":0.0,"gold_gain":0.0,"event_name":"SensoryStone","player_choice":"Memory 1","floor":44.0,"gold_loss":0.0,"damage_taken":0.0}],"is_beta":false,"boss_relics":[{"not_picked":["Runic Dome","Fusion Hammer"],"picked":"Sozu"},{"not_picked":["Snecko Eye","Runic Pyramid"],"picked":"Philosopher\u0027s Stone"}],"items_purged_floors":[19,28,37],"is_endless":false,"potions_floor_spawned":[8,14,16,18,22,24,33,39,48],"ascension_level":0}}