{"host":"7mrmd33mpx7q5wx9","time":1608443241,"event":{"mods":["AchievementEnabler","BaseMod","Colored Map","Defuse TimeMaze Blight","Minty Spire (QoL Compilation)","Permanent Neow","Quick Restart","StSLib","SuperFastMode","slay the spire mod where everything is the same but ironclad has a cowboy hat"],"gold_per_floor":[110,110,126,30,30,45,62,62,62,73,98,112,287,287,287,287,287],"floor_reached":16,"playtime":676,"items_purged":[],"score":102,"play_id":"336b5dc4-bc4f-4291-b803-ad0fc588045c","local_time":"20201219234721","is_ascension_mode":false,"campfire_choices":[{"data":"Dropkick","floor":8,"key":"SMITH"},{"data":"Carnage","floor":15,"key":"SMITH"}],"circlet_count":0,"master_deck":["Strike_R","Strike_R","Strike_R","Strike_R","Strike_R+1","Defend_R+1","Defend_R","Defend_R","Defend_R","Bash+1","Seeing Red","Dropkick+1","Twin Strike","Juggernaut","Headbutt","Bloodletting","Spot Weakness","Carnage+1","Doubt","Parasite"],"relics":["Burning Blood","Meat on the Bone","InkBottle","Bottled Lightning"],"acts_visited":["Exordium"],"potions_floor_usage":[],"damage_taken":[{"damage":5,"enemies":"2 Louse","floor":1,"turns":3},{"damage":1,"enemies":"Jaw Worm","floor":3,"turns":4},{"damage":0,"enemies":"Small Slimes","floor":6,"turns":3},{"damage":10,"enemies":"Exordium Thugs","floor":7,"turns":3},{"damage":7,"enemies":"Blue Slaver","floor":10,"turns":3},{"damage":43,"enemies":"3 Sentries","floor":11,"turns":8},{"damage":6,"enemies":"Large Slime","floor":12,"turns":5},{"damage":59,"enemies":"The Guardian","floor":16,"turns":8}],"seed_played":"7873061772957787858","potions_obtained":[{"floor":1,"key":"SteroidPotion"},{"floor":11,"key":"Energy Potion"},{"floor":12,"key":"BlessingOfTheForge"}],"is_trial":false,"path_per_floor":["M","?","M","$","?","M","M","R","T","M","E","M","?","?","R","B"],"character_chosen":"IRONCLAD","items_purchased":["Dropkick","Twin Strike"],"campfire_rested":0,"item_purchase_floors":[4,4],"current_hp_per_floor":[80,62,67,67,51,57,53,53,53,52,27,39,39,59,59,0,0],"gold":287,"neow_bonus":"UPGRADE_CARD","is_daily":false,"chose_seed":false,"campfire_upgraded":2,"win_rate":0.0,"timestamp":1608443241,"path_taken":["M","?","M","$","?","M","M","R","T","?","E","M","?","?","R","BOSS"],"items_purchased_type":["Card","Card"],"build_version":"2020-12-13","purchased_purges":0,"victory":false,"max_hp_per_floor":[80,80,80,80,80,80,80,80,80,80,80,80,80,80,80,80,80],"card_choices":[{"not_picked":["Armaments","Sword Boomerang"],"picked":"Seeing Red","floor":1},{"not_picked":["Perfected Strike","Heavy Blade","Wild Strike"],"picked":"SKIP","floor":3},{"not_picked":["Perfected Strike","Headbutt"],"picked":"Juggernaut","floor":6},{"not_picked":["Flex","Perfected Strike"],"picked":"Headbutt","floor":7},{"not_picked":["Rage","Rupture"],"picked":"Bloodletting","floor":10},{"not_picked":["Second Wind","Fire Breathing"],"picked":"Spot Weakness","floor":11},{"not_picked":["Power Through","Body Slam"],"picked":"Carnage","floor":12}],"player_experience":334706,"relics_obtained":[{"floor":9,"key":"InkBottle"},{"floor":11,"key":"Bottled Lightning"}],"event_choices":[{"damage_healed":0,"gold_gain":0,"player_choice":"Success","damage_taken":18,"relics_obtained":["Meat on the Bone"],"max_hp_gain":0,"max_hp_loss":0,"event_name":"Scrap Ooze","floor":2,"gold_loss":0},{"damage_healed":0,"gold_gain":0,"player_choice":"Entered Light","damage_taken":16,"max_hp_gain":0,"max_hp_loss":0,"event_name":"Shining Light","floor":5,"gold_loss":0,"cards_upgraded":["Defend_R","Strike_R"]},{"damage_healed":0,"gold_gain":175,"player_choice":"AGREE","damage_taken":0,"max_hp_gain":0,"max_hp_loss":0,"event_name":"Liars Game","floor":13,"gold_loss":0,"cards_obtained":["Doubt"]},{"damage_healed":20,"gold_gain":0,"player_choice":"Healed and dodged fight","damage_taken":0,"max_hp_gain":0,"max_hp_loss":0,"event_name":"Mushrooms","floor":14,"gold_loss":0,"cards_obtained":["Parasite"]}],"is_beta":false,"boss_relics":[],"items_purged_floors":[],"is_endless":false,"potions_floor_spawned":[1,11,12],"killed_by":"The Guardian","ascension_level":0}}