{"host":"ln38befi3ugo1bsw","time":1608438375,"event":{"mods":["BaseMod","BetterRewards","Colored Map","Colored Powertips","Downfall","Hermit","Jorbs\u0027s Wanderer Trilogy","Lobotomy","Marisa????????","Minty Spire (QoL Compilation)","READ ME - Guardian Mod","READ ME - Snecko Mod","StSLib","SuperFastMode","The Cursed","The Servant 0.9.4"],"gold_per_floor":[117,132,151,151,161,192,192,205,259,279,279,314,314,349,349,452,452,470,70,80,98,116,116,116],"floor_reached":23,"playtime":1230,"items_purged":[],"score":215,"play_id":"c6983fab-867d-4ce5-93ef-4c5b5eec786b","local_time":"20201219232615","is_ascension_mode":false,"campfire_choices":[{"floor":7,"key":"REST"},{"floor":11,"key":"REST"},{"data":"Chaos","floor":13,"key":"SMITH"},{"floor":15,"key":"REST"}],"circlet_count":0,"master_deck":["Strike_B","Strike_B","Strike_B","Strike_B","Defend_B","Defend_B","Defend_B","Defend_B","Zap","Dualcast","Biased Cognition","Conserve Battery","Chaos+1","Coolheaded","Coolheaded","Steam","Hologram","Loop","Static Discharge","Ball Lightning","Buffer","Beam Cell+1","Sweeping Beam","expansioncontent:Sear","Conserve Battery","Redo","Leap+1"],"relics":["Cracked Core","Vajra","Letter Opener","Lantern","Anchor","Shuriken","Cursed Key","Bottled Tornado"],"acts_visited":["Exordium","TheCity"],"potions_floor_usage":[2],"damage_taken":[{"damage":0,"enemies":"Small Slimes","floor":1,"turns":3},{"damage":0,"enemies":"Jaw Worm","floor":2,"turns":3},{"damage":0,"enemies":"2 Louse","floor":3,"turns":3},{"damage":3,"enemies":"2 Fungi Beasts","floor":5,"turns":4},{"damage":34,"enemies":"Lagavulin","floor":6,"turns":10},{"damage":7,"enemies":"Lots of Slimes","floor":8,"turns":2},{"damage":0,"enemies":"3 Louse","floor":10,"turns":3},{"damage":9,"enemies":"3 Sentries","floor":12,"turns":7},{"damage":7,"enemies":"Lagavulin","floor":14,"turns":5},{"damage":29,"enemies":"The Guardian","floor":16,"turns":8},{"damage":21,"enemies":"2 Thieves","floor":18,"turns":4},{"damage":12,"enemies":"3 Byrds","floor":20,"turns":4},{"damage":6,"enemies":"3 Cultists","floor":21,"turns":6},{"damage":14,"enemies":"Snake Plant","floor":22,"turns":3},{"damage":31,"enemies":"Slavers","floor":23,"turns":3}],"seed_played":"3945341134635737719","potions_obtained":[{"floor":2,"key":"Fruit Juice"},{"floor":5,"key":"LiquidBronze"},{"floor":6,"key":"champ:CounterPotion"},{"floor":10,"key":"Ancient Potion"},{"floor":16,"key":"DistilledChaos"}],"is_trial":false,"path_per_floor":["M","M","M","?","M","E","R","M","T","M","R","E","R","E","R","B",null,"M","$","M","M","M","E"],"character_chosen":"DEFECT","items_purchased":["Bottled Tornado","Sweeping Beam","expansioncontent:Sear"],"campfire_rested":3,"item_purchase_floors":[19,19,19],"current_hp_per_floor":[75,80,80,68,65,31,55,48,48,48,72,63,63,56,80,51,80,59,59,47,41,27,0,0],"gold":116,"neow_bonus":"ONE_RANDOM_RARE_CARD","is_daily":false,"chose_seed":false,"campfire_upgraded":1,"win_rate":0.0,"timestamp":1608438375,"path_taken":["M","M","M","?","M","E","R","M","T","M","R","E","R","E","R","BOSS","M","$","M","M","M","E"],"items_purchased_type":["Relic","Card","Card"],"build_version":"2020-12-13","purchased_purges":0,"victory":false,"max_hp_per_floor":[75,80,80,80,80,80,80,80,80,80,80,80,80,80,80,80,80,80,80,80,80,80,80,80],"card_choices":[{"not_picked":["Cold Snap","Coolheaded"],"picked":"Conserve Battery","floor":1},{"not_picked":["Steam","Coolheaded"],"picked":"Chaos","floor":2},{"not_picked":["Go for the Eyes","Aggregate"],"picked":"Coolheaded","floor":3},{"not_picked":["Go for the Eyes","Compile Driver"],"picked":"Coolheaded","floor":5},{"not_picked":["Barrage","Machine Learning"],"picked":"Steam","floor":6},{"not_picked":["Streamline","Barrage"],"picked":"Hologram","floor":8},{"not_picked":["Redo","Fusion"],"picked":"Loop","floor":10},{"not_picked":["Streamline","Reinforced Body"],"picked":"Static Discharge","floor":12},{"not_picked":["Streamline","Reprogram"],"picked":"Ball Lightning","floor":14},{"not_picked":["Rainbow","Thunder Strike"],"picked":"Buffer","floor":16},{"not_picked":["FTL","Ball Lightning"],"picked":"Beam Cell+1","floor":18},{"not_picked":["Streamline","Steam"],"picked":"Conserve Battery","floor":20},{"not_picked":["Compile Driver","Go for the Eyes+1"],"picked":"Redo","floor":21},{"not_picked":["Cold Snap","Steam Power"],"picked":"Leap+1","floor":22}],"player_experience":31358,"relics_obtained":[{"floor":6,"key":"Letter Opener"},{"floor":9,"key":"Lantern"},{"floor":12,"key":"Anchor"},{"floor":14,"key":"Shuriken"}],"event_choices":[{"damage_healed":0,"gold_gain":0,"player_choice":"Success","damage_taken":12,"relics_obtained":["Vajra"],"max_hp_gain":0,"max_hp_loss":0,"event_name":"Scrap Ooze","floor":4,"gold_loss":0}],"is_beta":false,"boss_relics":[{"not_picked":["Empty Cage","Snecko Eye"],"picked":"Cursed Key"}],"items_purged_floors":[],"is_endless":false,"potions_floor_spawned":[2,5,6,10,16,18],"killed_by":"Slavers","ascension_level":0}}