{"host":"9gczkbtdkbhjojey","time":1608479941,"event":{"mods":["BaseMod","Colored Map","Minty Spire (QoL Compilation)","Quick Restart","StSLib","[功能]功能增强和修复MOD"],"gold_per_floor":[111,111,111,96,171,197,197,241,267,301,301,296,311,334,334,459,459,477,490,480,480,480,480,480,480,480,503,503,503,503,527,527,657,657,677,677,677,677,677,710,710,710,734,734,758,758,792,813,813,813,813,813,813,844,844],"floor_reached":56,"playtime":2401,"items_purged":["Strike_B","Defend_B","Strike_B","Defend_B","Strike_B","Strike_B"],"score":1465,"play_id":"d74f3492-85e6-4ff7-82f8-59f0a4f9000d","local_time":"20201220235901","is_ascension_mode":false,"campfire_choices":[{"data":"Apotheosis","floor":11.0,"key":"SMITH"},{"floor":15.0,"key":"RECALL"},{"data":"Skim","floor":23.0,"key":"SMITH"},{"data":"Turbo","floor":25.0,"key":"SMITH"},{"data":"Machine Learning","floor":29.0,"key":"SMITH"},{"data":"Defragment","floor":32.0,"key":"SMITH"},{"floor":42.0,"key":"REST"},{"floor":46.0,"key":"REST"},{"floor":49.0,"key":"REST"},{"floor":52.0,"key":"REST"}],"circlet_count":0,"master_deck":["Defend_B","Zap","Dualcast","Apotheosis+1","Echo Form","Sunder","Self Repair","Leap","Turbo+1","Machine Learning+1","Skim+1","Core Surge","Storm","Defragment+1","Thunder Strike","Loop","Heatsinks","Creative AI"],"relics":["Cracked Core","NeowsBlessing","Letter Opener","Bag of Marbles","Singing Bowl","Bronze Scales","Golden Idol","Gremlin Horn","Unceasing Top","CaptainsWheel","Matryoshka","TheAbacus","SacredBark","Potion Belt","HornCleat","Sling","Ancient Tea Set","Bag of Preparation","Runic Capacitor","Kunai","InkBottle","Toy Ornithopter","Symbiotic Virus","Cables","PreservedInsect","Chemical X","Lantern","Orichalcum","Fusion Hammer","Art of War","Regal Pillow","ClockworkSouvenir","Happy Flower","Sundial","OrangePellets","Dream Catcher","Molten Egg 2","Darkstone Periapt","HandDrill","DataDisk","Blue Candle","Nunchaku","Membership Card","Pocketwatch","Shuriken","Emotion Chip","Lee\u0027s Waffle","Mercury Hourglass"],"acts_visited":["Exordium","TheCity","TheBeyond","TheEnding"],"potions_floor_usage":[55,55,55,55,55,55,55,55,55,55,55,55,55,55],"damage_taken":[{"damage":0.0,"enemies":"Jaw Worm","floor":1.0,"turns":1.0},{"damage":0.0,"enemies":"Gremlin Nob","floor":6.0,"turns":1.0},{"damage":0.0,"enemies":"Lagavulin","floor":8.0,"turns":1.0},{"damage":10.0,"enemies":"Gremlin Nob","floor":10.0,"turns":3.0},{"damage":0.0,"enemies":"2 Louse","floor":13.0,"turns":1.0},{"damage":0.0,"enemies":"Small Slimes","floor":14.0,"turns":1.0},{"damage":9.0,"enemies":"The Guardian","floor":16.0,"turns":5.0},{"damage":10.0,"enemies":"Chosen","floor":18.0,"turns":3.0},{"damage":10.0,"enemies":"Spheric Guardian","floor":19.0,"turns":3.0},{"damage":1.0,"enemies":"Cultist and Chosen","floor":27.0,"turns":4.0},{"damage":0.0,"enemies":"Centurion and Healer","floor":31.0,"turns":2.0},{"damage":10.0,"enemies":"Champ","floor":33.0,"turns":4.0},{"damage":0.0,"enemies":"3 Shapes","floor":35.0,"turns":2.0},{"damage":0.0,"enemies":"Reptomancer","floor":40.0,"turns":2.0},{"damage":0.0,"enemies":"Orb Walker","floor":45.0,"turns":1.0},{"damage":12.0,"enemies":"Nemesis","floor":47.0,"turns":3.0},{"damage":12.0,"enemies":"4 Shapes","floor":48.0,"turns":2.0},{"damage":24.0,"enemies":"Donu and Deca","floor":50.0,"turns":4.0},{"damage":4,"enemies":"Shield and Spear","floor":54,"turns":2},{"damage":23,"enemies":"The Heart","floor":55,"turns":4}],"seed_played":"-7746354593247706145","potions_obtained":[{"floor":1.0,"key":"FairyPotion"},{"floor":1.0,"key":"GamblersBrew"},{"floor":16.0,"key":"SkillPotion"},{"floor":16.0,"key":"Swift Potion"},{"floor":18.0,"key":"Swift Potion"},{"floor":19.0,"key":"Explosive Potion"},{"floor":33.0,"key":"SkillPotion"},{"floor":33.0,"key":"ColorlessPotion"},{"floor":33.0,"key":"PotionOfCapacity"},{"floor":40.0,"key":"Strength Potion"},{"floor":40.0,"key":"EntropicBrew"},{"floor":45.0,"key":"Block Potion"},{"floor":47.0,"key":"FocusPotion"},{"floor":48.0,"key":"FocusPotion"}],"is_trial":false,"path_per_floor":["M","?","?","$","?","E","?","E","T","E","R","$","M","M","R","B",null,"M","M","$","?","$","R","T","R","T","M","$","R","$","M","R","B",null,"M","?","?","$","$","E","$","R","T","$","M","R","E","M","R","B",null,"R","$","E","B",null],"character_chosen":"DEFECT","items_purchased":["Apotheosis","Echo Form","Sunder","Bag of Marbles","Singing Bowl","FocusPotion","CaptainsWheel","Matryoshka","TheAbacus","Fruit Juice","FearPotion","Self Repair","Leap","Turbo","Potion Belt","HornCleat","Sling","Core Surge","Swift Potion","EssenceOfDarkness","Ancient Tea Set","Bag of Preparation","Runic Capacitor","Storm","Cables","PreservedInsect","Chemical X","Lantern","Orichalcum","Defragment","Art of War","Regal Pillow","ClockworkSouvenir","Loop","Fire Potion","Happy Flower","Sundial","OrangePellets","Molten Egg 2","Darkstone Periapt","HandDrill","Blue Candle","Nunchaku","Membership Card","Shuriken","Emotion Chip","Lee\u0027s Waffle","Creative AI","FocusPotion"],"campfire_rested":4,"item_purchase_floors":[4,4,4,4,4,4,12,12,12,12,12,12,12,12,20,20,20,20,20,20,22,22,22,22,28,28,28,30,30,30,38,38,38,38,38,39,39,39,41,41,41,44,44,44,53,53,53,53,53],"current_hp_per_floor":[75,68,68,68,57,59,59,61,61,53,53,58,70,79,79,80,84,84,86,86,86,86,86,86,86,86,88,88,88,88,90,90,90,90,92,92,92,92,92,94,94,94,94,94,96,98,98,95,104,90,104,106,113,115,100],"gold":844,"neow_bonus":"THREE_ENEMY_KILL","is_daily":false,"chose_seed":false,"campfire_upgraded":5,"win_rate":0.0,"timestamp":1608479941,"path_taken":["M","?","?","$","?","E","?","E","T","E","R","$","?","M","R","BOSS","M","M","$","?","$","R","?","R","T","M","$","R","?","M","R","BOSS","M","?","?","?","$","E","$","R","T","$","M","R","E","M","R","BOSS","R","$","E","BOSS"],"items_purchased_type":["Card","Card","Card","Relic","Relic","Potion","Relic","Relic","Relic","Potion","Potion","Card","Card","Card","Relic","Relic","Relic","Card","Potion","Potion","Relic","Relic","Relic","Card","Relic","Relic","Relic","Relic","Relic","Card","Relic","Relic","Relic","Card","Potion","Relic","Relic","Relic","Relic","Relic","Relic","Relic","Relic","Relic","Relic","Relic","Relic","Card","Potion"],"build_version":"2020-12-13","purchased_purges":6,"victory":true,"max_hp_per_floor":[75,75,75,75,75,77,71,73,73,75,75,80,82,84,84,84,84,84,86,86,86,86,86,86,86,86,88,88,88,88,90,90,90,90,92,92,92,92,92,94,94,94,94,94,96,98,100,102,104,104,104,106,113,115,115],"card_choices":[{"not_picked":["Tempest","Sweeping Beam","Auto Shields"],"picked":"SKIP","floor":1.0},{"not_picked":["Cold Snap","Steam","Steam Power"],"picked":"Singing Bowl","floor":6.0},{"not_picked":["Hologram","Rebound","Beam Cell"],"picked":"Singing Bowl","floor":8.0},{"not_picked":["Steam","Turbo","Go for the Eyes"],"picked":"Singing Bowl","floor":10.0},{"not_picked":["Sweeping Beam","Rip and Tear","Cold Snap"],"picked":"Singing Bowl","floor":13.0},{"not_picked":["Hologram","Scrape","Storm"],"picked":"Singing Bowl","floor":14.0},{"not_picked":["Buffer","Hyperbeam"],"picked":"Machine Learning","floor":16.0},{"not_picked":["Genetic Algorithm","Gash+1"],"picked":"Skim","floor":18.0},{"not_picked":["Barrage","Stack+1","Sweeping Beam"],"picked":"Singing Bowl","floor":19.0},{"not_picked":["Cold Snap+1","Sweeping Beam+1","Rebound+1"],"picked":"Singing Bowl","floor":27.0},{"not_picked":["Conserve Battery","Fusion","Force Field"],"picked":"Singing Bowl","floor":31.0},{"not_picked":["Seek","Rainbow"],"picked":"Thunder Strike","floor":33.0},{"not_picked":["Blizzard+1","Chill","Leap+1"],"picked":"Singing Bowl","floor":35.0},{"not_picked":["Leap","Steam Power","Rip and Tear"],"picked":"Singing Bowl","floor":40.0},{"not_picked":["Stack+1","Rebound+1"],"picked":"Heatsinks","floor":42.0},{"not_picked":["Go for the Eyes+1","Skim","Blizzard+1"],"picked":"Singing Bowl","floor":45.0},{"not_picked":["Barrage+1","Conserve Battery+1","Sweeping Beam+1"],"picked":"Singing Bowl","floor":46.0},{"not_picked":["Streamline+1","Steam Power+1","Fusion"],"picked":"Singing Bowl","floor":47.0},{"not_picked":["Leap+1","Barrage+1","Scrape+1"],"picked":"Singing Bowl","floor":48.0},{"not_picked":["Hologram","Consume+1","Redo"],"picked":"Singing Bowl","floor":49.0},{"not_picked":["Doom and Gloom+1","Ball Lightning+1","Steam"],"picked":"Singing Bowl","floor":52.0},{"not_picked":["Barrage+1","Steam","Blizzard+1"],"picked":"Singing Bowl","floor":54}],"player_experience":87963,"relics_obtained":[{"floor":6.0,"key":"Bronze Scales"},{"floor":8.0,"key":"Gremlin Horn"},{"floor":10.0,"key":"Unceasing Top"},{"floor":24.0,"key":"Kunai"},{"floor":24.0,"key":"InkBottle"},{"floor":26.0,"key":"Toy Ornithopter"},{"floor":26.0,"key":"Symbiotic Virus"},{"floor":40.0,"key":"Dream Catcher"},{"floor":43.0,"key":"DataDisk"},{"floor":47.0,"key":"Pocketwatch"},{"floor":54,"key":"Mercury Hourglass"}],"event_choices":[{"damage_healed":0.0,"max_hp_gain":0.0,"max_hp_loss":0.0,"gold_gain":0.0,"event_name":"Scrap Ooze","player_choice":"Success","floor":2.0,"gold_loss":0.0,"damage_taken":7.0,"relics_obtained":["Letter Opener"]},{"damage_healed":0.0,"max_hp_gain":0.0,"max_hp_loss":0.0,"gold_gain":0.0,"event_name":"The Cleric","player_choice":"Leave","floor":3.0,"gold_loss":0.0,"damage_taken":0.0},{"damage_healed":0.0,"max_hp_gain":0.0,"max_hp_loss":0.0,"gold_gain":75.0,"event_name":"World of Goop","player_choice":"Gather Gold","floor":5.0,"gold_loss":0.0,"damage_taken":11.0},{"damage_healed":0.0,"max_hp_gain":0.0,"max_hp_loss":6.0,"gold_gain":0.0,"event_name":"Golden Idol","player_choice":"Lose Max HP","floor":7.0,"gold_loss":0.0,"damage_taken":0.0,"relics_obtained":["Golden Idol"]},{"damage_healed":0.0,"max_hp_gain":0.0,"max_hp_loss":0.0,"gold_gain":0.0,"event_name":"Ghosts","player_choice":"Ignored","floor":21.0,"gold_loss":0.0,"damage_taken":0.0},{"damage_healed":0.0,"max_hp_gain":0.0,"max_hp_loss":0.0,"gold_gain":0.0,"event_name":"Tomb of Lord Red Mask","player_choice":"Ignored","floor":36.0,"gold_loss":0.0,"damage_taken":0.0},{"cards_removed":["Defend_B"],"damage_healed":0.0,"max_hp_gain":0.0,"max_hp_loss":0.0,"gold_gain":0.0,"event_name":"Falling","player_choice":"Removed Skill","floor":37.0,"gold_loss":0.0,"damage_taken":0.0}],"is_beta":false,"boss_relics":[{"not_picked":["Cursed Key","Sozu"],"picked":"SacredBark"},{"not_picked":["Astrolabe","Calling Bell"],"picked":"Fusion Hammer"}],"items_purged_floors":[4,4,4,12,20,20],"is_endless":false,"potions_floor_spawned":[1,1,8,10,10,13,14,16,16,18,19,19,31,33,33,33,40,40,45,47,48,54,54],"ascension_level":0}}