{"host":"nn0usk9aafse27ii","time":1608449205,"event":{"mods":["BaseMod","Colored Map","Highlight Path","Minty Spire (QoL Compilation)","Shop Mod","StSLib"],"gold_per_floor":[114,114,133,152,171,171,209,209,234,234,9,47,47,122,122,247,247,266,541,560,635,654,654,654,654,654,15,53,72,72,72,72,72,72],"floor_reached":33,"playtime":4125,"items_purged":["Strike_G","Regret"],"score":316,"play_id":"0c5d837d-4be9-4305-933b-cceb7e95fe40","local_time":"20201219232645","daily_mods":["Specialized","Flight","Terminal"],"is_ascension_mode":false,"campfire_choices":[{"data":"Setup","floor":6,"key":"SMITH"},{"data":"Infinite Blades","floor":8,"key":"SMITH"},{"data":"Concentrate","floor":10,"key":"SMITH"},{"data":"Blade Dance","floor":13,"key":"SMITH"},{"floor":15,"key":"REST"},{"floor":23,"key":"REST"},{"floor":24,"key":"REST"},{"data":"A Thousand Cuts","floor":25,"key":"SMITH"},{"floor":32,"key":"REST"}],"circlet_count":0,"master_deck":["Strike_G","Strike_G","Strike_G","Strike_G","Defend_G","Defend_G","Defend_G","Defend_G","Defend_G","Survivor","Neutralize","Choke","Choke","Choke","Choke","Choke","Setup+1","Concentrate+1","Outmaneuver","Backflip","Infinite Blades+1","Blade Dance+1","A Thousand Cuts+1","CurseOfTheBell","Deflect","Backstab","Slice","Prepared+1"],"relics":["Ring of the Snake","Golden Idol","Ancient Tea Set","Potion Belt","Cauldron","Bronze Scales","Calling Bell","Blood Vial","Singing Bowl","FossilizedHelix","Toxic Egg 2","Tiny Chest","Letter Opener","Matryoshka"],"acts_visited":["Exordium","TheCity"],"potions_floor_usage":[5,7,12,16,16,18,18,22,22,28,30,30,30],"damage_taken":[{"damage":0,"enemies":"Small Slimes","floor":1,"turns":3},{"damage":0,"enemies":"2 Louse","floor":3,"turns":3},{"damage":0,"enemies":"Jaw Worm","floor":4,"turns":3},{"damage":4,"enemies":"Gremlin Gang","floor":5,"turns":5},{"damage":11,"enemies":"Gremlin Nob","floor":7,"turns":3},{"damage":4,"enemies":"3 Sentries","floor":12,"turns":4},{"damage":14,"enemies":"The Guardian","floor":16,"turns":7},{"damage":15,"enemies":"Spheric Guardian","floor":18,"turns":5},{"damage":15,"enemies":"Shell Parasite","floor":20,"turns":6},{"damage":0,"enemies":"Snake Plant","floor":22,"turns":3},{"damage":2,"enemies":"Book of Stabbing","floor":28,"turns":3},{"damage":7,"enemies":"Centurion and Healer","floor":29,"turns":4},{"damage":18,"enemies":"Gremlin Leader","floor":30,"turns":5},{"damage":46,"enemies":"Automaton","floor":33,"turns":8}],"seed_played":"4005297234989847306","potions_obtained":[{"floor":1,"key":"Energy Potion"},{"floor":4,"key":"BlessingOfTheForge"},{"floor":5,"key":"Poison Potion"},{"floor":11,"key":"EntropicBrew"},{"floor":11,"key":"ColorlessPotion"},{"floor":11,"key":"DistilledChaos"},{"floor":11,"key":"SpeedPotion"},{"floor":22,"key":"CunningPotion"},{"floor":29,"key":"SmokeBomb"}],"is_trial":false,"path_per_floor":["M","?","M","M","M","R","E","R","T","R","$","E","R","?","R","B",null,"M","?","M","?","M","R","R","R","T","$","E","M","E","?","R","B"],"character_chosen":"THE_SILENT","items_purchased":["Cauldron","Backstab","Slice","Tiny Chest","Prepared+1","Letter Opener"],"campfire_rested":4,"item_purchase_floors":[11,27,27,27,27,27],"current_hp_per_floor":[68,62,61,60,56,56,45,45,45,45,45,41,41,30,45,31,47,34,34,21,17,21,34,44,43,42,41,41,37,21,35,40,0,0],"gold":72,"neow_bonus":"","is_daily":true,"chose_seed":false,"campfire_upgraded":5,"win_rate":0.0,"timestamp":1608449205,"path_taken":["M","?","M","M","M","R","E","R","T","R","$","E","R","?","R","BOSS","M","?","?","?","M","R","R","R","T","$","E","?","E","?","R","BOSS"],"items_purchased_type":["Relic","Card","Card","Relic","Card","Relic"],"build_version":"2020-12-13","purchased_purges":2,"victory":false,"max_hp_per_floor":[68,62,61,60,59,58,57,56,55,54,53,52,51,50,49,48,47,48,47,46,45,46,45,44,43,42,41,42,43,42,41,40,40,40],"card_choices":[{"not_picked":["Finisher","Dodge and Roll"],"picked":"Setup","floor":1},{"not_picked":["Expertise","Dodge and Roll"],"picked":"Concentrate","floor":3},{"not_picked":["Bane","Sucker Punch"],"picked":"Outmaneuver","floor":4},{"not_picked":["Predator","All Out Attack"],"picked":"Backflip","floor":5},{"not_picked":["Acrobatics","Riddle With Holes"],"picked":"Infinite Blades","floor":7},{"not_picked":["Dagger Spray","Outmaneuver"],"picked":"Blade Dance","floor":12},{"not_picked":["Tools of the Trade","Corpse Explosion"],"picked":"A Thousand Cuts","floor":16},{"not_picked":["Bane+1","Prepared","Poisoned Stab+1"],"picked":"Singing Bowl","floor":18},{"not_picked":["Finisher","Backflip"],"picked":"Deflect","floor":20},{"not_picked":["Outmaneuver+1","Finisher","Well Laid Plans"],"picked":"Singing Bowl","floor":22},{"not_picked":["Slice","Deflect+1","Setup+1"],"picked":"Singing Bowl","floor":28},{"not_picked":["Finisher","Blade Dance+1","Underhanded Strike"],"picked":"Singing Bowl","floor":29}],"player_experience":332389,"relics_obtained":[{"floor":7,"key":"Ancient Tea Set"},{"floor":9,"key":"Potion Belt"},{"floor":12,"key":"Bronze Scales"},{"floor":17,"key":"Blood Vial"},{"floor":17,"key":"Singing Bowl"},{"floor":17,"key":"FossilizedHelix"},{"floor":26,"key":"Toxic Egg 2"},{"floor":28,"key":"Matryoshka"}],"event_choices":[{"damage_healed":0,"gold_gain":0,"player_choice":"Lose Max HP","damage_taken":0,"relics_obtained":["Golden Idol"],"max_hp_gain":0,"max_hp_loss":5,"event_name":"Golden Idol","floor":2,"gold_loss":0},{"damage_healed":0,"gold_gain":75,"player_choice":"Gather Gold","damage_taken":11,"max_hp_gain":0,"max_hp_loss":0,"event_name":"World of Goop","floor":14,"gold_loss":0},{"damage_healed":0,"gold_gain":275,"player_choice":"Desecrate","damage_taken":0,"max_hp_gain":0,"max_hp_loss":0,"event_name":"Golden Shrine","floor":19,"gold_loss":0,"cards_obtained":["Regret"]},{"damage_healed":0,"gold_gain":75,"player_choice":"Touch","damage_taken":4,"max_hp_gain":0,"max_hp_loss":0,"event_name":"FaceTrader","floor":21,"gold_loss":0},{"damage_healed":14,"gold_gain":0,"player_choice":"Heal","damage_taken":0,"max_hp_gain":0,"max_hp_loss":0,"event_name":"The Library","floor":31,"gold_loss":0}],"is_beta":false,"boss_relics":[{"not_picked":["Coffee Dripper","Velvet Choker"],"picked":"Calling Bell"}],"items_purged_floors":[11,27],"is_endless":false,"potions_floor_spawned":[1,4,5,22,29],"killed_by":"Automaton","ascension_level":0}}