{"host":"jyuuog6ydc2s7nd8","time":1608446428,"event":{"mods":["BaseMod","Better Vampires","Minty Spire (QoL Compilation)","Shop Mod","StSLib","The Hierophant","The Servant 0.9.4","TheBandit","[IsaacMod]ÒÔÈö¼âËþ"],"gold_per_floor":[360,360,376,387,226,255,265,165,192,192,192,192,223,238,252,127,223,223,223,251,251,251,251,251,286,361,378,378,378,452,452,469,483,533,119,119,119,169,194,194,219,44,61,96,112,112,186,186,205,205,217,217,269,285,285,314,314,340,351,368,368,403,403,403,403,403,403,37,67,67],"floor_reached":57,"playtime":2245,"items_purged":["Strike_R","Defend_R","Strike_R","Perfected Strike+1","Defend_R","Defend_R","Defend_R","Barricade+1"],"score":4464,"play_id":"f3897714-ecf9-4bdb-81c2-7db133faf58d","local_time":"20201220144028","is_ascension_mode":true,"campfire_choices":[{"data":"Perfected Strike","floor":10.0,"key":"SMITH"},{"data":"Pommel Strike","floor":12.0,"key":"SMITH"},{"data":"Bash","floor":15.0,"key":"SMITH"},{"data":"Bloodletting","floor":8.0,"key":"SMITH"},{"floor":10.0,"key":"RECALL"},{"data":"Body Slam","floor":15.0,"key":"SMITH"},{"data":"Barricade","floor":23.0,"key":"SMITH"},{"data":"True Grit","floor":32.0,"key":"SMITH"},{"data":"Entrench","floor":41.0,"key":"SMITH"},{"data":"Power Through","floor":49.0,"key":"SMITH"},{"data":"Shrug It Off","floor":53.0,"key":"SMITH"}],"circlet_count":0,"master_deck":["AscendersBane","Bash+1","Pommel Strike+1","Bloodletting+1","Battle Trance+1","Flame Barrier","Body Slam+1","Shrug It Off+1","Power Through+1","Dark Embrace+1","Sever Soul+1","True Grit+1","Sentinel","Entrench+1","Warcry+1"],"relics":["Burning Blood","HushsDoor","SatanicBible","Juzu Bracelet","YumHeart","Strawberry","TuHaoJin","Sundial","Ice Cream","Coffee Dripper","GuppysHead","AnarchistCookbook","Lantern","Molten Egg 2","Self Forming Clay","Torii","Mark of Pain","GuppysHairball","Prayer Wheel","Oddly Smooth Stone","DeathBook","Ginger","Gremlin Horn","BookOfRevelations","HornCleat"],"acts_visited":["Exordium","TheCity","TheBeyond","TheEnding"],"potions_floor_usage":[56,56],"damage_taken":[{"damage":8.0,"enemies":"Cultist","floor":1.0,"turns":5.0},{"damage":3.0,"enemies":"Small Slimes","floor":3.0,"turns":3.0},{"damage":7.0,"enemies":"Jaw Worm","floor":4.0,"turns":3.0},{"damage":0.0,"enemies":"Lagavulin","floor":6.0,"turns":6.0},{"damage":0.0,"enemies":"Large Slime","floor":7.0,"turns":3.0},{"damage":35.0,"enemies":"3 Sentries","floor":13.0,"turns":7.0},{"damage":7.0,"enemies":"Exordium Thugs","floor":14.0,"turns":2.0},{"damage":4.0,"enemies":"2 Louse","floor":1.0,"turns":3.0},{"damage":6.0,"enemies":"Gremlin Nob","floor":6.0,"turns":2.0},{"damage":16.0,"enemies":"3 Sentries","floor":11.0,"turns":6.0},{"damage":3.0,"enemies":"Cultist","floor":13.0,"turns":1.0},{"damage":0.0,"enemies":"Hexaghost","floor":16.0,"turns":5.0},{"damage":0.0,"enemies":"Shell Parasite","floor":18.0,"turns":1.0},{"damage":5.0,"enemies":"2 Thieves","floor":19.0,"turns":3.0},{"damage":3.0,"enemies":"Gremlin Leader","floor":25.0,"turns":2.0},{"damage":6.0,"enemies":"Slavers","floor":27.0,"turns":5.0},{"damage":3.0,"enemies":"3 Cultists","floor":29.0,"turns":3.0},{"damage":0.0,"enemies":"Gremlin Leader","floor":30.0,"turns":4.0},{"damage":0.0,"enemies":"Snake Plant","floor":31.0,"turns":4.0},{"damage":0.0,"enemies":"Champ","floor":33.0,"turns":4.0},{"damage":0.0,"enemies":"Orb Walker","floor":35.0,"turns":3.0},{"damage":0.0,"enemies":"3 Shapes","floor":37.0,"turns":4.0},{"damage":0.0,"enemies":"2 Orb Walkers","floor":39.0,"turns":3.0},{"damage":6.0,"enemies":"Maw","floor":40.0,"turns":4.0},{"damage":25.0,"enemies":"Nemesis","floor":42.0,"turns":5.0},{"damage":0.0,"enemies":"Reptomancer","floor":44.0,"turns":3.0},{"damage":0.0,"enemies":"Jaw Worm Horde","floor":45.0,"turns":3.0},{"damage":3.0,"enemies":"Sphere and 2 Shapes","floor":46.0,"turns":2.0},{"damage":16.0,"enemies":"Giant Head","floor":48.0,"turns":2.0},{"damage":11.0,"enemies":"Time Eater","floor":50.0,"turns":5.0},{"damage":16.0,"enemies":"Donu and Deca","floor":51.0,"turns":6.0},{"damage":0.0,"enemies":"Shield and Spear","floor":55.0,"turns":4.0},{"damage":0,"enemies":"The Heart","floor":56,"turns":4}],"seed_played":"6759911174680563549","potions_obtained":[{"floor":6.0,"key":"GamblersBrew"},{"floor":7.0,"key":"Explosive Potion"},{"floor":13.0,"key":"SkillPotion"},{"floor":18.0,"key":"AttackPotion"},{"floor":33.0,"key":"AttackPotion"},{"floor":37.0,"key":"Fire Potion"},{"floor":39.0,"key":"Dexterity Potion"},{"floor":40.0,"key":"FearPotion"},{"floor":55.0,"key":"Strength Potion"}],"is_trial":false,"path_per_floor":["M","?","M","M","$","E","M","$","T","R","T","R","E","M","R","M","$","?","?","?","E","?","R","T","R","E","?","M","?","R","B",null,"M","M","?","$","?","R","?","E","T","E","$","M","E","M","R","B",null,"M","$","M","?","?","M","R","E","T","E","M","M","?","E","R","B","B",null,"R","$","E","B",null],"character_chosen":"IRONCLAD","items_purchased":["Bloodletting","GuppysHead","AnarchistCookbook","GuppysHairball","BookOfRevelations"],"campfire_rested":0,"item_purchase_floors":[5,17,21,34,54],"current_hp_per_floor":[48,48,51,50,50,56,62,62,62,62,62,62,58,57,73,73,58,35,27,27,27,27,27,27,17,6,9,2,2,33,59,65,66,60,60,42,42,42,45,45,45,45,72,72,72,72,72,55,55,55,55,55,55,55,55,36,36,42,48,51,51,41,41,55,45,53,53,53,55,55],"gold":67,"neow_bonus":"TWO_FIFTY_GOLD","is_daily":false,"chose_seed":false,"campfire_upgraded":10,"win_rate":0.0,"timestamp":1608446428,"path_taken":["M","?","M","M","$","E","M","$","T","R","?","R","E","M","R","M","$","?","?","?","E","?","R","T","R","E","?","M","?","R","BOSS","M","M","?","?","?","R","?","E","T","E","?","M","E","M","R","BOSS","M","$","M","?","?","M","R","E","T","E","M","M","?","E","R","BOSS","BOSS","R","$","E","BOSS"],"items_purchased_type":["Card","Relic","Relic","Relic","Relic"],"build_version":"2020-12-13","purchased_purges":8,"victory":true,"max_hp_per_floor":[75,75,75,75,75,75,75,75,75,75,75,75,75,75,75,75,75,75,82,82,82,82,82,82,82,82,82,82,82,82,67,67,67,67,67,72,72,72,72,72,72,72,72,72,72,72,72,55,55,55,55,55,55,55,55,55,55,55,55,55,55,55,55,55,55,55,55,55,55,55],"card_choices":[{"not_picked":["Sword Boomerang","Blood for Blood","Clothesline"],"picked":"SKIP","floor":1.0},{"not_picked":["Searing Blow","Burning Pact"],"picked":"Perfected Strike","floor":3.0},{"not_picked":["Clash","Wild Strike"],"picked":"Pommel Strike","floor":4.0},{"not_picked":["Disarm","Armaments"],"picked":"Bomb","floor":6.0},{"not_picked":["Reaper","Body Slam"],"picked":"Bomb","floor":7.0},{"not_picked":["Sword Boomerang","Headbutt","Clash"],"picked":"SKIP","floor":13.0},{"not_picked":["Armaments","Pommel Strike","Havoc"],"picked":"SKIP","floor":14.0},{"not_picked":["Shrug It Off","Clothesline"],"picked":"Battle Trance","floor":1.0},{"not_picked":["Sentinel","Spot Weakness","Flex"],"picked":"SKIP","floor":6.0},{"not_picked":["Intimidate","Juggernaut"],"picked":"Flame Barrier","floor":11.0},{"not_picked":["Clash","Inflame"],"picked":"Body Slam","floor":13.0},{"not_picked":["Impervious","Limit Break"],"picked":"Barricade","floor":16.0},{"not_picked":["Dropkick","True Grit"],"picked":"Shrug It Off","floor":18.0},{"not_picked":["Carnage","Iron Wave"],"picked":"Power Through","floor":19.0},{"not_picked":["Burning Pact","Cleave"],"picked":"Dark Embrace","floor":25.0},{"not_picked":["Dark Embrace","Bloodletting"],"picked":"Sever Soul+1","floor":27.0},{"not_picked":["Havoc","Immolate+1","Clothesline+1"],"picked":"SKIP","floor":29.0},{"not_picked":["Bloodletting","Infernal Blade"],"picked":"True Grit","floor":30.0},{"not_picked":["Fire Breathing","Ghostly Armor"],"picked":"Sentinel","floor":31.0},{"not_picked":["Warcry","Thunderclap+1","Havoc"],"picked":"SKIP","floor":35.0},{"not_picked":["Rampage+1","Sword Boomerang+1","Blood for Blood+1"],"picked":"SKIP","floor":37.0},{"not_picked":["Clash+1","Body Slam+1"],"picked":"Entrench","floor":40.0},{"not_picked":["Spot Weakness","Clash+1"],"picked":"Warcry+1","floor":40.0},{"not_picked":["Shrug It Off","Pommel Strike+1","Perfected Strike+1"],"picked":"SKIP","floor":42.0},{"not_picked":["Metallicize","Exhume","Sever Soul+1"],"picked":"SKIP","floor":44.0},{"not_picked":["Clothesline+1","Rage","Shrug It Off"],"picked":"SKIP","floor":45.0},{"not_picked":["Shrug It Off","Heavy Blade+1","Anger+1"],"picked":"SKIP","floor":45.0},{"not_picked":["Carnage+1","Body Slam+1","Feed+1"],"picked":"SKIP","floor":46.0},{"not_picked":["Havoc","Battle Trance","Clothesline+1"],"picked":"SKIP","floor":46.0},{"not_picked":["Ghostly Armor","Exhume","Perfected Strike+1"],"picked":"SKIP","floor":48.0},{"not_picked":["Ghostly Armor","Exhume","Perfected Strike+1"],"picked":"SKIP","floor":48.0},{"not_picked":["Spot Weakness+1","Armaments","Dropkick+1"],"picked":"SKIP","floor":55.0}],"player_experience":1757828,"relics_obtained":[{"floor":6.0,"key":"Juzu Bracelet"},{"floor":11.0,"key":"ForgetMeNow"},{"floor":13.0,"key":"YumHeart"},{"floor":6.0,"key":"TuHaoJin"},{"floor":9.0,"key":"Sundial"},{"floor":11.0,"key":"Ice Cream"},{"floor":25.0,"key":"Lantern"},{"floor":26.0,"key":"Molten Egg 2"},{"floor":27.0,"key":"Self Forming Clay"},{"floor":30.0,"key":"Torii"},{"floor":39.0,"key":"Prayer Wheel"},{"floor":42.0,"key":"Oddly Smooth Stone"},{"floor":43.0,"key":"DeathBook"},{"floor":44.0,"key":"Ginger"},{"floor":48.0,"key":"Gremlin Horn"},{"floor":55.0,"key":"HornCleat"}],"event_choices":[{"cards_removed":["Strike_R"],"damage_healed":0.0,"max_hp_gain":0.0,"max_hp_loss":0.0,"gold_gain":0.0,"event_name":"Living Wall","player_choice":"Forget","floor":2.0,"gold_loss":0.0,"damage_taken":0.0},{"damage_healed":0.0,"max_hp_gain":0.0,"max_hp_loss":0.0,"gold_gain":0.0,"event_name":"Shining Light","player_choice":"Entered Light","floor":4.0,"gold_loss":0.0,"damage_taken":23.0,"cards_upgraded":["Battle Trance","Strike_R"]},{"cards_removed":["Strike_R"],"damage_healed":0.0,"max_hp_gain":0.0,"max_hp_loss":0.0,"gold_gain":0.0,"event_name":"Living Wall","player_choice":"Forget","floor":7.0,"gold_loss":0.0,"damage_taken":0.0},{"damage_healed":0.0,"max_hp_gain":0.0,"max_hp_loss":0.0,"gold_gain":75.0,"event_name":"World of Goop","player_choice":"Gather Gold","floor":12.0,"gold_loss":0.0,"damage_taken":11.0},{"cards_removed":["Strike_R"],"damage_healed":0.0,"max_hp_gain":0.0,"max_hp_loss":0.0,"gold_gain":0.0,"event_name":"Golden Wing","player_choice":"Card Removal","floor":14.0,"gold_loss":0.0,"damage_taken":7.0},{"damage_healed":0.0,"max_hp_gain":0.0,"max_hp_loss":0.0,"gold_gain":50.0,"event_name":"FaceTrader","player_choice":"Touch","floor":20.0,"gold_loss":0.0,"damage_taken":6.0},{"damage_healed":0.0,"max_hp_gain":5.0,"max_hp_loss":0.0,"gold_gain":0.0,"event_name":"Forgotten Altar","player_choice":"Shed Blood","floor":22.0,"gold_loss":0.0,"damage_taken":23.0},{"damage_healed":0.0,"max_hp_gain":0.0,"max_hp_loss":0.0,"gold_gain":50.0,"event_name":"Golden Shrine","player_choice":"Pray","floor":24.0,"gold_loss":0.0,"damage_taken":0.0},{"damage_healed":0.0,"max_hp_gain":0.0,"max_hp_loss":0.0,"gold_gain":0.0,"event_name":"Tomb of Lord Red Mask","player_choice":"Ignored","floor":38.0,"gold_loss":0.0,"damage_taken":0.0},{"damage_healed":0.0,"max_hp_gain":0.0,"max_hp_loss":0.0,"gold_gain":0.0,"event_name":"Mysterious Sphere","player_choice":"Fight","floor":39.0,"gold_loss":0.0,"damage_taken":0.0},{"damage_healed":0.0,"max_hp_gain":0.0,"max_hp_loss":0.0,"gold_gain":0.0,"event_name":"Upgrade Shrine","player_choice":"Upgraded","floor":47.0,"gold_loss":0.0,"damage_taken":0.0,"cards_upgraded":["Dark Embrace"]}],"is_beta":false,"boss_relics":[{"not_picked":["Fusion Hammer","MagicMushroom"],"picked":"Coffee Dripper"},{"not_picked":[]},{"not_picked":["SacredBark","Empty Cage"],"picked":"Mark of Pain"},{"not_picked":[]}],"items_purged_floors":[5,8,2,17,21,28,34,54],"is_endless":false,"potions_floor_spawned":[6,7,13,1,18,33,37,39,40,45,55],"ascension_level":20}}