{"host":"Moondoggy","time":1608468497,"event":{"mods":["2.2 Compatiblity","AchievementEnabler","Act Like it!","Aspiration","Bard","BaseMod","Beaked The Cultist","Better Altar","Better Match","Better Note","Better Sensory Stone","Better Skull","Better Third Choice","BetterRewards","Block Reminder","CapriCore","Colored Map","Colored Powertips","Downfall","Duelist Mod","Ekko","Gensokyo","GifTheSpireLib","Glutton Mod","GungeonMod","Halation","Hallownest","Hermit","Hero for Fun","Highlight Path","Hubris","Jorbs\u0027s Wanderer Trilogy","KinomotoSakuraMod(ñÿîVñ{?)","Koishi","LagranYue(ùfäiòNÅEåé)","Lobotomy","LobotomyExtend","Luminous","Mad Scientist","Magitek Elite","MarisaÅiñ∂âJÅ@ñÇóùçπÅj","Mimic Mod","Minty Spire (QoL Compilation)","Railgun Mod","Rare Cards Sparkle","ReimuÅiîé??öÎÅj","RemiliaÅiÂQïƒ‰ª?Åj","Replay The Spire","Robot Space Explorer","Shade Mod","Spicy Shops","StSLib","Td1madao Mod","The Administrix","The Alterego","The Animator","The Blackbeard","The Bug Knight","The Construct","The Cursed","The Disciple","The Dragon Tamer","The Factory","The Forsaken","The Gatherer","The Hierophant","The Immortal","The Kombatant","The Mystic","The Necromancer","The Poker Player","The Runesmith","The Senshi","The Servant 0.9.4","The Wild Card","The Witch","TheSwordswoman","WarShipGirlsR/??è≠èóR mod","Yuri Mod"],"gold_per_floor":[133,133,58,58,93,133,133,180,180,207,207,233,265,265,265,380,380,410,335,295,329,363,403,403,433,459,26,26,51,51,51],"floor_reached":30,"playtime":2886,"items_purged":["blackbeard:BlackbeardStrike"],"score":310,"play_id":"396288e3-8be7-4081-9f3b-338d5cbdee2d","local_time":"20201220074817","is_ascension_mode":false,"campfire_choices":[{"floor":11,"key":"RECALL"},{"data":"blackbeard:Cutlass","floor":15,"key":"SMITH"},{"floor":24,"key":"REST"},{"floor":28,"key":"REST"}],"circlet_count":0,"master_deck":["blackbeard:BlackbeardStrike","blackbeard:BlackbeardStrike","blackbeard:BlackbeardStrike","blackbeard:IntimidatingStrike","blackbeard:BlackbeardDefend","blackbeard:BlackbeardDefend","blackbeard:BlackbeardDefend","blackbeard:BlackbeardDefend","blackbeard:Cutlass+1","blackbeard:Toast","blackbeard:InfiniteBarrage+1","blackbeard:BeatUp","blackbeard:Shrapnel","Replay:SS_forest_6+1","blackbeard:DoubleBottom+1","blackbeard:Spear","blackbeard:ReapersScythe","blackbeard:ArmorUp","blackbeard:TacticalRetreat","blackbeard:ChaoticDefense","blackbeard:CatONineTails","theForsaken:PlagueCurse","blackbeard:Salvager","blackbeard:Fencing","blackbeard:Sword+1","blackbeard:WoodenLeg","blackbeard:Upgrade","blackbeard:Parrot","blackbeard:GoldenDefense","blackbeard:Toast","blackbeard:Toast","blackbeard:CloakAndCannonball+1","Replay:Resounding Blow","blackbeard:Halberd","blackbeard:TerrorOfTheSeas+1"],"relics":["blackbeard:LoadTheCannons","LagranYue:RandomDrawCardRelic","DemoMod:Antibody","blackbeard:CannonballsOfSteel","blackbeard:TreasureChest","LetterFromLob","hubris:Towel","Tintinnabulum","DemoMod:PartiallyEatenCheese","theForsaken:PlagueMask","ChewingGum","hubris:BottledRain","ReplayFunnel"],"acts_visited":["Exordium","Gensokyo:Gensokyo"],"potions_floor_usage":[16,30,30],"damage_taken":[{"damage":0,"enemies":"Gensokyo:2_Kodama","floor":1,"turns":3},{"damage":1,"enemies":"Gensokyo:Gryphon","floor":5,"turns":4},{"damage":4,"enemies":"Gensokyo:Mamizou","floor":6,"turns":7},{"damage":21,"enemies":"Gensokyo:Cirno","floor":8,"turns":7},{"damage":4,"enemies":"Gensokyo:Python","floor":10,"turns":3},{"damage":13,"enemies":"Gensokyo:3_Kodama","floor":12,"turns":5},{"damage":1,"enemies":"Gensokyo:5_Fairies","floor":13,"turns":6},{"damage":30,"enemies":"Gensokyo:Reimu","floor":16,"turns":8},{"damage":2,"enemies":"Gensokyo:Chomper","floor":18,"turns":5},{"damage":31,"enemies":"Gensokyo:2_Gloops","floor":21,"turns":5},{"damage":36,"enemies":"Gensokyo:Mirror_and_Dog","floor":22,"turns":6},{"damage":0,"enemies":"Gensokyo:Tenshi","floor":23,"turns":1},{"damage":45,"enemies":"Gensokyo:Slime_Group","floor":25,"turns":7},{"damage":9,"enemies":"Gensokyo:Wraith","floor":29,"turns":6},{"damage":91,"enemies":"Gensokyo:Mirror_and_Dog","floor":30,"turns":2}],"seed_played":"5917820545824606226","potions_obtained":[{"floor":5,"key":"sneckomod:MuddlingPotion"},{"floor":8,"key":"SkillPotion"},{"floor":13,"key":"Reflective Coating"},{"floor":16,"key":"champ:CounterPotion"},{"floor":25,"key":"ZuzhouPotion:ReiMu"}],"is_trial":false,"path_per_floor":["M","?","?","?","M","E","?","E","T","M","R","M","M","?","R","B",null,"M","?","?","M","M","E","R","M","T","$","R","M","M"],"character_chosen":"BLACKBEARD_CLASS","items_purchased":["blackbeard:Toast","blackbeard:InfiniteBarrage","blackbeard:CannonballsOfSteel","blackbeard:TreasureChest","blackbeard:BeatUp","Replay:Resounding Blow","blackbeard:Halberd"],"campfire_rested":2,"item_purchase_floors":[0,0,0,0,0,27,27],"current_hp_per_floor":[51,51,51,59,75,71,73,54,55,53,54,62,63,65,66,38,75,73,74,75,44,34,48,71,28,29,31,75,66,0,0],"gold":51,"neow_bonus":"","is_daily":false,"chose_seed":false,"campfire_upgraded":1,"win_rate":0.0,"timestamp":1608468497,"path_taken":["M","?","?","?","?","E","?","E","T","M","R","M","M","?","R","BOSS","M","?","?","M","M","E","R","M","T","$","R","M","M"],"items_purchased_type":["Card","Card","Relic","Relic","Card","Card","Card"],"build_version":"2020-12-18","purchased_purges":1,"victory":false,"max_hp_per_floor":[75,75,75,75,75,75,75,75,75,75,75,75,75,75,75,75,75,75,75,75,75,75,75,75,75,75,75,75,75,75,75],"card_choices":[{"not_picked":["blackbeard:PirateHook","blackbeard:SwordDance"],"picked":"blackbeard:Shrapnel","floor":1},{"not_picked":["expansioncontent:Torchfire+1","expansioncontent:CaCaw+1"],"picked":"Replay:SS_forest_6+1","floor":3},{"not_picked":["blackbeard:Upgrade+1","blackbeard:DoubleCannonball+1"],"picked":"blackbeard:DoubleBottom+1","floor":3},{"not_picked":["blackbeard:BeatUp","blackbeard:BlindAttacks"],"picked":"blackbeard:Spear","floor":5},{"not_picked":["blackbeard:BlindAttacks","blackbeard:BoostMorale"],"picked":"blackbeard:ReapersScythe","floor":6},{"not_picked":["blackbeard:DeadlyArsenal","blackbeard:PirateStrength"],"picked":"blackbeard:ArmorUp","floor":8},{"not_picked":["blackbeard:Revenge","blackbeard:SwordDance"],"picked":"blackbeard:TacticalRetreat","floor":10},{"not_picked":["blackbeard:GoldenDefense","blackbeard:VengefulSpirit"],"picked":"blackbeard:ChaoticDefense","floor":12},{"not_picked":["blackbeard:TacticalRetreat","blackbeard:PiratesWill"],"picked":"blackbeard:CatONineTails","floor":13},{"not_picked":["blackbeard:TheDrunkenSailor","blackbeard:Intoxication"],"picked":"blackbeard:Salvager","floor":16},{"not_picked":["blackbeard:Spear+1","blackbeard:Shrapnel"],"picked":"blackbeard:Fencing","floor":18},{"not_picked":["blackbeard:FieryDefense+1","blackbeard:BlindAttacks+1"],"picked":"blackbeard:Sword+1","floor":19},{"not_picked":[],"picked":"blackbeard:WoodenLeg","floor":20},{"not_picked":[],"picked":"blackbeard:Upgrade","floor":20},{"not_picked":[],"picked":"blackbeard:Parrot","floor":20},{"not_picked":["blackbeard:BlindAttacks","blackbeard:FieryDefense"],"picked":"blackbeard:GoldenDefense","floor":21},{"not_picked":["blackbeard:Sword","blackbeard:RearmingStrike"],"picked":"blackbeard:Toast","floor":22},{"not_picked":["blackbeard:Fencing","blackbeard:CannonBarrage+1"],"picked":"blackbeard:Toast","floor":23},{"not_picked":["blackbeard:TerrorOfTheSeas","blackbeard:GoldenStrike"],"picked":"blackbeard:CloakAndCannonball+1","floor":25},{"not_picked":["blackbeard:CannonballSupply","blackbeard:Recklessness+1"],"picked":"blackbeard:TerrorOfTheSeas+1","floor":29}],"player_experience":273987,"relics_obtained":[{"floor":1,"key":"LetterFromLob"},{"floor":6,"key":"Tintinnabulum"},{"floor":8,"key":"DemoMod:PartiallyEatenCheese"},{"floor":23,"key":"hubris:BottledRain"},{"floor":26,"key":"ReplayFunnel"}],"event_choices":[{"damage_healed":0,"gold_gain":0,"player_choice":"2","damage_taken":0,"max_hp_gain":0,"max_hp_loss":0,"event_name":"betterMatch:BetterMatch","floor":3,"gold_loss":0,"cards_obtained":["betterMatch:ColorlessUncommonCard","betterMatch:UncommonCard"]},{"damage_healed":4,"gold_gain":0,"player_choice":"LEAVE ","damage_taken":0,"relics_obtained":[],"max_hp_gain":0,"max_hp_loss":0,"event_name":"betterSkull:BetterSkull","floor":4,"gold_loss":0,"cards_upgraded":[]},{"damage_healed":0,"gold_gain":0,"player_choice":"Obtain Plague Curse","damage_taken":0,"max_hp_gain":0,"max_hp_loss":0,"event_name":"Plague Doctor","floor":14,"gold_loss":0,"cards_obtained":["theForsaken:PlagueCurse"]},{"damage_healed":0,"gold_gain":0,"player_choice":"2","damage_taken":0,"max_hp_gain":0,"max_hp_loss":0,"event_name":"betterMatch:BetterMatch","floor":19,"gold_loss":0,"cards_obtained":["betterMatch:CommonCard"]}],"is_beta":true,"boss_relics":[{"not_picked":["Ring of Chaos","halation:ForbiddenBikini"],"picked":"ChewingGum"}],"items_purged_floors":[27],"is_endless":false,"potions_floor_spawned":[5,8,13,16,18,25],"killed_by":"Gensokyo:Mirror_and_Dog","ascension_level":0}}