{"host":"g8sjq9ki9zl67elp","time":1608496796,"event":{"mods":["BaseMod","Colored Map","Highlight Path","Hubris","Infinite Spire","Mimic Mod","Minty Spire (QoL Compilation)","Replay The Spire","StSLib","everything is the same but u backflip on backflip"],"gold_per_floor":[114,64,79,4,4,34,34,46,46,46,46,66,66,66,66,170,170,182,182,182,182],"floor_reached":20,"playtime":721,"items_purged":["Strike_B"],"score":234,"play_id":"134c1a38-5a99-4edd-a3e8-bce97f7c67d3","local_time":"20201220123956","is_ascension_mode":true,"campfire_choices":[{"data":"Zap","floor":7.0,"key":"SMITH"},{"data":"Dualcast","floor":11.0,"key":"SMITH"},{"data":"Barrage","floor":13.0,"key":"SMITH"},{"data":"Crystallizer","floor":15.0,"key":"SMITH"}],"circlet_count":0,"master_deck":["Strike_B+1","Defend_B+1","Defend_B+1","Defend_B+1","Defend_B+1","Zap+1","Dualcast+1","Compile Driver","Barrage+1","Loop","Crystallizer+1","ReplayTheSpireMod:Calculation Training","Compile Driver","Thunder Strike"],"relics":["Cracked Core","NeowsBlessing","Matryoshka","infinitespire:Satchel","Replay:Bottled Snecko","hubris:Towel","Inserter"],"acts_visited":["Exordium","TheCity"],"potions_floor_usage":[],"damage_taken":[{"damage":0.0,"enemies":"Jaw Worm","floor":1.0,"turns":1.0},{"damage":0.0,"enemies":"Small Slimes","floor":3.0,"turns":1.0},{"damage":0.0,"enemies":"Replay:BlueRogue","floor":6.0,"turns":1.0},{"damage":8.0,"enemies":"infinitespire:Voidling","floor":8.0,"turns":3.0},{"damage":9.0,"enemies":"Red Slaver","floor":12.0,"turns":3.0},{"damage":31.0,"enemies":"Slime Boss","floor":16.0,"turns":7.0},{"damage":34,"enemies":"2 Thieves","floor":18,"turns":4},{"damage":53,"enemies":"Masked Bandits","floor":20,"turns":3}],"seed_played":"1522488608487225561","potions_obtained":[{"floor":3.0,"key":"Toxic Potion"},{"floor":6.0,"key":"SpeedPotion"},{"floor":18,"key":"BlessingOfTheForge"}],"is_trial":false,"path_per_floor":["M","?","M","$","?","E","R","M","T","$","R","M","R","?","R","B",null,"M","?","?"],"character_chosen":"DEFECT","items_purchased":[],"campfire_rested":0,"item_purchase_floors":[],"current_hp_per_floor":[75,75,75,75,75,75,75,67,67,67,67,58,58,58,58,27,75,41,41,0,0],"gold":182,"neow_bonus":"THREE_ENEMY_KILL","is_daily":false,"chose_seed":false,"campfire_upgraded":4,"win_rate":0.0,"timestamp":1608496796,"path_taken":["M","?","M","$","?","E","R","?","T","?","R","M","R","?","R","BOSS","M","?","?"],"items_purchased_type":[],"build_version":"2020-12-13","purchased_purges":1,"victory":false,"max_hp_per_floor":[75,75,75,75,75,75,75,75,75,75,75,75,75,75,75,75,75,75,75,75,75],"card_choices":[{"not_picked":["Panic Button","BasicCrystalCard"],"picked":"Compile Driver","floor":1.0},{"not_picked":["Reprogram","Conserve Battery"],"picked":"Barrage","floor":3.0},{"not_picked":["BasicCrystalCard","ReplayRNGCard"],"picked":"Crystallizer","floor":6.0},{"not_picked":["Steam","Cold Snap"],"picked":"ReplayTheSpireMod:Calculation Training","floor":8.0},{"not_picked":["Steam","Gash"],"picked":"Compile Driver","floor":12.0},{"not_picked":["Creative AI","Hyperbeam"],"picked":"Thunder Strike","floor":16.0},{"not_picked":["Leap","Conserve Battery+1","Gash"],"picked":"SKIP","floor":18}],"player_experience":170434,"relics_obtained":[{"floor":6.0,"key":"Matryoshka"},{"floor":9.0,"key":"infinitespire:Satchel"},{"floor":9.0,"key":"Replay:Bottled Snecko"}],"event_choices":[{"cards_removed":["Strike_B"],"damage_healed":0.0,"max_hp_gain":0.0,"max_hp_loss":0.0,"gold_gain":0.0,"event_name":"The Cleric","player_choice":"Card Removal","floor":2.0,"gold_loss":50.0,"damage_taken":0.0},{"damage_healed":0.0,"max_hp_gain":0.0,"max_hp_loss":0.0,"gold_gain":0.0,"cards_transformed":["Strike_B"],"event_name":"Transmorgrifier","player_choice":"Transformed","floor":5.0,"gold_loss":0.0,"damage_taken":0.0,"cards_obtained":["Loop"]},{"damage_healed":0,"gold_gain":0,"player_choice":"Simplicity","damage_taken":0,"max_hp_gain":0,"max_hp_loss":0,"event_name":"Back to Basics","floor":19,"gold_loss":0,"cards_upgraded":["Strike_B","Defend_B","Defend_B","Defend_B","Defend_B"]},{"damage_healed":0,"gold_gain":0,"player_choice":"Fought Bandits","damage_taken":0,"max_hp_gain":0,"max_hp_loss":0,"event_name":"Masked Bandits","floor":20,"gold_loss":0}],"is_beta":false,"boss_relics":[{"not_picked":["Ectoplasm","ReplayTheSpireMod:DimensionalGlitch"],"picked":"Inserter"}],"items_purged_floors":[4],"is_endless":false,"potions_floor_spawned":[3,6,18],"killed_by":"Masked Bandits","ascension_level":4}}