{"host":"fjnjuohsz43l8o15","time":1608494007,"event":{"mods":["2.2 Compatiblity","Act Like it!","BaseMod","Downfall","Friendly Minions","Minty Spire (QoL Compilation)","StSLib"],"gold_per_floor":[99,111,125,125,125,144,144,144,157,31,51,65,77,77,96,193,193,193,206,222,234,247,247,298,22,22,51,1,11,131,231,246,348,348,123,135,149,149,184,13,13,13,13,43,60,60,75,75,92,92,92,122,43,43,43],"floor_reached":56,"playtime":4712,"items_purged":["champ:Defend"],"score":1248,"play_id":"4a34d344-cfdc-414a-81f3-da40e437d4f7","local_time":"20201220195327","is_ascension_mode":false,"campfire_choices":[{"data":"champ:Taunt","floor":1.0,"key":"SMITH"},{"data":"champ:Circumvent","floor":4.0,"key":"SMITH"},{"data":"champ:Backstep","floor":8.0,"key":"SMITH"},{"data":"champ:VampiricStrike","floor":18.0,"key":"SMITH"},{"floor":26.0,"key":"RECALL"},{"floor":35.0,"key":"REST"},{"floor":38.0,"key":"REST"},{"floor":54,"key":"REST"}],"circlet_count":0,"master_deck":["champ:Strike+1","champ:Strike+1","champ:Strike+1","champ:Strike+1","champ:Defend+1","champ:Defend+1","champ:Defend+1","champ:Execute+1","champ:Taunt+1","champ:Circumvent+1","champ:Backstep+1","champ:Encircle+1","champ:BringItOn+1","champ:GutPunch+1","champ:RecklessLeap+1","champ:SwordThrow+1","champ:GutPunch+1","champ:Haymaker+1","champ:VampiricStrike+1","champ:TornadoPunch+1","champ:BerserkerStyle+1","champ:ShieldWall+1","champ:EnragedBash+1","champ:DefensiveStyle+1","champ:MurderStrike+1","champ:GutPunch+1","champ:FaceSlap+1","champ:RisingSlash+1","champ:EndlessRage+1","champ:IgnorePain+1","champ:BringItOn+1","champ:LastStand+1","champ:RecklessLeap+1","champ:Improvising+1","champ:ArenaPreparation+1","expansioncontent:Hexaburn+1","expansioncontent:FaceSlap+1","expansioncontent:Flail+1","champ:HeavySlash","champ:CalledShot+1","champ:FanOfKnives+1","champ:Encircle+1","champ:PerfectForm","champ:EndlessRage"],"relics":["SacredBark","Blood Vial","Question Card","Velvet Choker","Shuriken","Bag of Preparation","Fusion Hammer","champ:DefensiveTrainingManual","Meat on the Bone","Bronze Scales","Kunai"],"acts_visited":["Exordium","TheCity","TheBeyond","TheEnding"],"potions_floor_usage":[55,55],"damage_taken":[{"damage":6.0,"enemies":"Cultist","floor":2.0,"turns":3.0},{"damage":12.0,"enemies":"Jaw Worm","floor":3.0,"turns":4.0},{"damage":11.0,"enemies":"Small Slimes","floor":6.0,"turns":6.0},{"damage":13.0,"enemies":"Gremlin Gang","floor":9.0,"turns":6.0},{"damage":11.0,"enemies":"downfall:FleeingMerchant","floor":10.0,"turns":4.0},{"damage":14.0,"enemies":"Red Slaver","floor":11.0,"turns":2.0},{"damage":11.0,"enemies":"2 Fungi Beasts","floor":12.0,"turns":3.0},{"damage":15.0,"enemies":"Exordium Thugs","floor":13.0,"turns":5.0},{"damage":6.0,"enemies":"Blue Slaver","floor":15.0,"turns":2.0},{"damage":51.0,"enemies":"downfall:Ironclad","floor":16.0,"turns":9.0},{"damage":21.0,"enemies":"Spheric Guardian","floor":19.0,"turns":2.0},{"damage":5.0,"enemies":"Snake Plant","floor":20.0,"turns":4.0},{"damage":33.0,"enemies":"Snecko","floor":21.0,"turns":3.0},{"damage":48.0,"enemies":"Centurion and Healer","floor":22.0,"turns":3.0},{"damage":48.0,"enemies":"downfall:FleeingMerchant","floor":25.0,"turns":4.0},{"damage":58.0,"enemies":"Gremlin Leader","floor":27.0,"turns":7.0},{"damage":28.0,"enemies":"downfall:FleeingMerchant","floor":28.0,"turns":4.0},{"damage":35.0,"enemies":"Snake Plant","floor":29.0,"turns":3.0},{"damage":30.0,"enemies":"downfall:FleeingMerchant","floor":30.0,"turns":3.0},{"damage":17.0,"enemies":"Snecko","floor":32.0,"turns":3.0},{"damage":50.0,"enemies":"downfall:Defect","floor":33.0,"turns":5.0},{"damage":37.0,"enemies":"3 Darklings","floor":36.0,"turns":3.0},{"damage":45.0,"enemies":"Orb Walker","floor":37.0,"turns":3.0},{"damage":71.0,"enemies":"Giant Head","floor":39.0,"turns":6.0},{"damage":91,"enemies":"Reptomancer","floor":44,"turns":4},{"damage":48,"enemies":"Spire Growth","floor":45,"turns":3},{"damage":64,"enemies":"Jaw Worm Horde","floor":47,"turns":3},{"damage":80,"enemies":"Maw","floor":49,"turns":5},{"damage":125,"enemies":"downfall:Silent","floor":50,"turns":4},{"damage":86,"enemies":"downfall:CharBossMerchant","floor":52,"turns":6},{"damage":182,"enemies":"downfall:NeowBoss","floor":55,"turns":13}],"seed_played":"7931701250845853891","potions_obtained":[{"floor":2.0,"key":"Energy Potion"},{"floor":3.0,"key":"FairyPotion"},{"floor":12.0,"key":"Weak Potion"},{"floor":22.0,"key":"EssenceOfSteel"}],"is_trial":false,"path_per_floor":["R","M","M","R","?","M","T","R","M","$","M","M","M","?","M","B",null,"R","M","M","M","M","?","T","$","R","E","$","M","$","?","M","B",null,"R","M","M","R","E","$","T","?","?","E","M","?","M","$","M","B",null,"E","$","R","B",null],"character_chosen":"THE_CHAMP","items_purchased":["champ:GutPunch","Regen Potion","Shuriken","champ:FaceSlap","champ:EndlessRage","champ:IgnorePain","CultistPotion","champ:EndlessRage"],"campfire_rested":3,"item_purchase_floors":[10,10,25,28,30,30,40,53],"current_hp_per_floor":[90,89,87,87,80,80,80,80,79,76,76,74,69,69,69,61,95,95,95,95,95,74,74,74,95,95,69,95,95,95,95,95,91,95,105,105,96,105,105,105,105,95,95,105,100,100,103,103,105,56,105,93,93,105,105],"gold":43,"neow_bonus":"BOSS_RELIC","is_daily":false,"chose_seed":false,"campfire_upgraded":4,"win_rate":0.0,"timestamp":1608494007,"path_taken":["R","M","M","R","?","M","T","R","M","$","M","M","M","?","M","BOSS","R","M","M","M","M","?","T","$","R","E","$","M","$","?","M","BOSS","R","?","M","R","E","?","T","?","?","E","?","?","?","$","M","BOSS","E","$","R","BOSS"],"items_purchased_type":["Card","Potion","Relic","Card","Card","Card","Potion","Card"],"build_version":"2020-12-13","purchased_purges":1,"victory":true,"max_hp_per_floor":[90,90,90,90,90,90,90,90,90,90,90,90,90,90,90,95,95,95,95,95,95,95,95,95,95,95,95,95,95,95,95,95,95,95,105,105,105,105,105,105,105,105,105,105,105,105,105,105,105,105,105,105,105,105,105],"card_choices":[{"not_picked":["champ:GladiatorsShout","champ:FlashCut"],"picked":"champ:Circumvent","floor":2.0},{"not_picked":["champ:BerserkersShout","champ:FlashCut"],"picked":"champ:FightOn","floor":3.0},{"not_picked":["champ:Circumvent","champ:DefensiveShout"],"picked":"champ:Backstep","floor":6.0},{"not_picked":["champ:GladiatorStyle","champ:CrookedStrike","champ:FlashCut"],"picked":"champ:Encircle","floor":9.0},{"not_picked":["champ:IronFortress","champ:DefensiveShout","champ:FanOfKnives"],"picked":"champ:BringItOn","floor":10.0},{"not_picked":["champ:PerfectedStrike","champ:Haymaker","champ:Backstep"],"picked":"champ:RecklessLeap","floor":11.0},{"not_picked":["champ:RecklessLeap","champ:FanOfKnives","champ:HeartStrike"],"picked":"champ:SwordThrow","floor":12.0},{"not_picked":["champ:BladeFlurry","champ:FocusedDefense","champ:BerserkersShout"],"picked":"champ:GutPunch","floor":13.0},{"not_picked":["champ:Backstep","champ:ShieldWall","champ:BladeFlurry"],"picked":"champ:Haymaker","floor":15.0},{"not_picked":["champ:ShieldThrow","champ:HeavySlash","champ:ShieldSlam"],"picked":"champ:VampiricStrike","floor":16.0},{"not_picked":["champ:FlashCut","champ:BringItOn","champ:Backstep"],"picked":"champ:TornadoPunch+1","floor":19.0},{"not_picked":["champ:CrookedStrike+1","champ:RecklessLeap","champ:ShieldWall"],"picked":"champ:BerserkerStyle+1","floor":20.0},{"not_picked":["champ:FocusedDefense+1","champ:Encircle","champ:Circumvent"],"picked":"champ:ShieldWall+1","floor":21.0},{"not_picked":["champ:CrookedStrike","champ:PerfectedStrike","champ:FanOfKnives"],"picked":"champ:EnragedBash","floor":22.0},{"not_picked":["champ:FocusedBerserking","champ:SkillfulDodge","champ:FalseCounter"],"picked":"champ:DefensiveStyle+1","floor":25.0},{"not_picked":["champ:TornadoPunch","champ:BerserkersShout","champ:PreciseThrust"],"picked":"champ:MurderStrike","floor":27.0},{"not_picked":["champ:Haymaker","champ:FightOn","champ:EnGarde+1"],"picked":"champ:GutPunch+1","floor":28.0},{"not_picked":["champ:FocusedDefense","champ:ShieldWall","champ:BladeFlurry","champ:TornadoPunch"],"picked":"SKIP","floor":29.0},{"not_picked":["champ:GladiatorsShout","champ:DefensiveShout+1","champ:Backstep"],"picked":"champ:RisingSlash","floor":30.0},{"not_picked":["champ:FocusedDefense","champ:TornadoPunch","champ:BladeFlurry"],"picked":"champ:BringItOn+1","floor":32.0},{"not_picked":["champ:Devastate","champ:SwordThrow","champ:DancingMaster"],"picked":"champ:LastStand","floor":33.0},{"not_picked":["champ:TornadoPunch","champ:Backstep","champ:Circumvent"],"picked":"champ:RecklessLeap+1","floor":36.0},{"not_picked":["champ:FaceSlap","champ:CrookedStrike+1","champ:FlashCut"],"picked":"champ:Improvising","floor":37.0},{"not_picked":["champ:SkillfulDodge","champ:TornadoPunch","champ:CrookedStrike+1"],"picked":"champ:ArenaPreparation+1","floor":39.0},{"not_picked":["expansioncontent:Torchfire","expansioncontent:DonusPower","expansioncontent:Chronoboost"],"picked":"expansioncontent:Hexaburn","floor":42.0},{"not_picked":["expansioncontent:Flail","expansioncontent:GoopSpray","expansioncontent:GuardianWhirl"],"picked":"expansioncontent:FaceSlap","floor":42.0},{"not_picked":["expansioncontent:SlimeTackle","expansioncontent:DecasProtection","expansioncontent:GuardianWhirl"],"picked":"expansioncontent:Flail","floor":42.0},{"not_picked":["champ:FocusedDefense","champ:Circumvent","champ:FalseCounter+1"],"picked":"champ:HeavySlash","floor":44},{"not_picked":["champ:Lariat","champ:GladiatorStyle","champ:RapidStrikes"],"picked":"champ:CalledShot+1","floor":45},{"not_picked":["champ:DefensiveShout","champ:FlashCut+1","champ:GladiatorsShout+1"],"picked":"champ:FanOfKnives+1","floor":47},{"not_picked":["champ:CrookedStrike+1","champ:StanceDance+1","champ:BerserkerStyle+1"],"picked":"champ:Encircle+1","floor":49},{"not_picked":["champ:PreciseThrust","champ:Haymaker+1","champ:GladiatorsShout+1"],"picked":"champ:PerfectForm","floor":52}],"player_experience":120459,"relics_obtained":[{"floor":7.0,"key":"Question Card"},{"floor":27.0,"key":"Bag of Preparation"},{"floor":39.0,"key":"champ:DefensiveTrainingManual"},{"floor":41.0,"key":"Meat on the Bone"},{"floor":44,"key":"Bronze Scales"},{"floor":52,"key":"Kunai"}],"event_choices":[{"damage_healed":0.0,"max_hp_gain":0.0,"max_hp_loss":0.0,"gold_gain":0.0,"event_name":"Scrap Ooze","player_choice":"Success","floor":5.0,"gold_loss":0.0,"damage_taken":7.0,"relics_obtained":["Blood Vial"]}],"is_beta":false,"boss_relics":[{"not_picked":["Sozu","Runic Pyramid"],"picked":"Velvet Choker"},{"not_picked":["Philosopher\u0027s Stone","Cursed Key"],"picked":"Fusion Hammer"}],"items_purged_floors":[40],"is_endless":false,"potions_floor_spawned":[2,3,12,13,20,22,32,37,44,45,52],"ascension_level":0}}