{"host":"0jm2u9rma46qko29","time":1608450886,"event":{"mods":["Act Like it!","BaseMod","Better Altar","Better Note","Better Skull","Better Third Choice","CapriCore","Hermit","Marisa????????","Minty Spire (QoL Compilation)","Relic Stats","Robot Space Explorer","Shade Mod","StSLib","The Alterego","Waifu the Spire"],"gold_per_floor":[117,117,39,52,75,108,73,93,93,111,111,151,170,170,170,294,294,314,34,48,48,48,88,109,123,123,157,157,157,171,187,187,307,307,325,325,90,90,38,72,95,136,136,136,136,0,0,0,0],"floor_reached":48,"playtime":2503,"items_purged":["Strike_P"],"score":617,"play_id":"ad3fc77c-5dc5-4dc1-8f3a-bf13e7b2a6f8","local_time":"20201220015446","is_ascension_mode":true,"campfire_choices":[{"data":"BattleHymn","floor":11,"key":"SMITH"},{"floor":15,"key":"REST"},{"floor":29,"key":"REST"},{"floor":32,"key":"REST"}],"circlet_count":0,"master_deck":["Defend_P","Defend_P","Defend_P","Defend_P","Eruption+1","Vigilance","Perseverance","BattleHymn+1","Evaluate","Sanctity+1","Consecrate","Protect","Establishment+1","WreathOfFlame+1","FlyingSleeves+1","LessonLearned","DeceiveReality+1","Meditate+1","Devotion+1","LikeWater+1","FollowUp","Fasting2+1","SandsOfTime","CutThroughFate+1","Prostrate+1","Ragnarok","EmptyBody+1","Judgement+1","Perseverance+1","Halt+1","Regret","Protect+1","Alpha+1","Protect+1","Establishment+1","Decay","Wraith"],"relics":["SlaversCollar","Golden Idol","Frozen Egg 2","Toxic Egg 2","Cursed Key","Nloth\u0027s Gift","Akabeko","Letter Opener","Potion Belt","Astrolabe","Sling","TungstenRod","Smiling Mask","Meat on the Bone","Toy Ornithopter","Red Mask"],"acts_visited":["Exordium","TheCity","TheBeyond"],"potions_floor_usage":[6,8,13,23,23,24,24,33,35,42],"damage_taken":[{"damage":5,"enemies":"Small Slimes","floor":1,"turns":5},{"damage":2,"enemies":"2 Louse","floor":4,"turns":4},{"damage":0,"enemies":"Cultist","floor":5,"turns":4},{"damage":32,"enemies":"Gremlin Nob","floor":6,"turns":4},{"damage":2,"enemies":"Exordium Wildlife","floor":8,"turns":3},{"damage":0,"enemies":"Blue Slaver","floor":10,"turns":3},{"damage":3,"enemies":"3 Sentries","floor":12,"turns":5},{"damage":14,"enemies":"Exordium Thugs","floor":13,"turns":3},{"damage":2,"enemies":"The Guardian","floor":16,"turns":7},{"damage":25,"enemies":"3 Byrds","floor":18,"turns":6},{"damage":0,"enemies":"Shell Parasite","floor":20,"turns":3},{"damage":3,"enemies":"Book of Stabbing","floor":23,"turns":5},{"damage":0,"enemies":"3 Cultists","floor":24,"turns":5},{"damage":5,"enemies":"Centurion and Healer","floor":25,"turns":5},{"damage":11,"enemies":"Gremlin Leader","floor":27,"turns":7},{"damage":8,"enemies":"Shelled Parasite and Fungi","floor":30,"turns":3},{"damage":3,"enemies":"Sentry and Sphere","floor":31,"turns":6},{"damage":12,"enemies":"Champ","floor":33,"turns":8},{"damage":0,"enemies":"Orb Walker","floor":35,"turns":2},{"damage":15,"enemies":"Giant Head","floor":40,"turns":7},{"damage":18,"enemies":"3 Shapes","floor":41,"turns":4},{"damage":37,"enemies":"Reptomancer","floor":42,"turns":5},{"damage":0,"enemies":"Maw","floor":48,"turns":2}],"seed_played":"1926711367312853386","potions_obtained":[{"floor":4,"key":"BottledMiracle"},{"floor":5,"key":"Strength Potion"},{"floor":8,"key":"Weak Potion"},{"floor":18,"key":"EntropicBrew"},{"floor":23,"key":"Explosive Potion"},{"floor":31,"key":"BottledMiracle"},{"floor":35,"key":"Energy Potion"},{"floor":41,"key":"LiquidBronze"}],"is_trial":false,"path_per_floor":["M","?","$","M","M","E","?","M","T","M","R","E","M","?","R","B",null,"M","$","M","?","$","E","M","M","T","E","?","R","M","M","R","B",null,"M","?","$","T","$","E","M","E","T","?","?","?","$","M"],"character_chosen":"WATCHER","items_purchased":["BattleHymn","Meditate+1","Devotion+1","WindmillStrike","Sling","Protect+1"],"campfire_rested":3,"item_purchase_floors":[3,19,19,37,37,39],"current_hp_per_floor":[67,49,49,47,47,15,33,31,31,31,31,28,14,14,35,33,72,47,47,49,49,49,46,46,41,41,30,30,52,44,41,63,51,74,74,74,74,74,74,59,41,4,4,4,4,4,4,4,4],"gold":0,"neow_bonus":"BOSS_RELIC","is_daily":false,"chose_seed":false,"campfire_upgraded":1,"win_rate":0.0,"timestamp":1608450886,"path_taken":["M","?","$","M","M","E","?","M","T","M","R","E","M","?","R","BOSS","M","$","M","?","$","E","M","?","T","E","?","R","M","M","R","BOSS","M","?","$","?","?","E","M","E","T","?","?","?","?","M"],"items_purchased_type":["Card","Card","Card","Card","Relic","Card"],"build_version":"2020-12-13","purchased_purges":1,"victory":false,"max_hp_per_floor":[72,72,72,72,72,72,72,72,72,72,72,72,72,72,72,72,72,72,72,74,74,74,74,74,74,74,74,74,74,74,74,74,74,74,74,74,74,74,74,74,74,74,74,74,74,74,74,74,74],"relic_stats":{"counters":[23,106],"Golden Idol":143,"Astrolabe":["EmptyBody","Judgement","Perseverance"],"Nloth\u0027s Gift":2,"Letter Opener":[104],"Cursed Key":3,"Smiling Mask":0,"obtain_stats":[{"Potion Belt":27,"Singing Bowl":6,"Golden Idol":2,"Astrolabe":34,"Letter Opener":26,"Frozen Egg 2":9,"Cursed Key":17,"Sling":37,"Smiling Mask":40,"Akabeko":23,"SlaversCollar":0,"Nloth\u0027s Gift":21,"Red Mask":46,"PureWater":0,"Toxic Egg 2":12,"TungstenRod":38,"Toy Ornithopter":43,"Meat on the Bone":42},{"Potion Belt":15,"Singing Bowl":4,"Golden Idol":1,"Astrolabe":18,"Letter Opener":14,"Frozen Egg 2":5,"Cursed Key":9,"Sling":19,"Smiling Mask":20,"Akabeko":12,"SlaversCollar":0,"Nloth\u0027s Gift":11,"Red Mask":22,"PureWater":0,"Toxic Egg 2":7,"TungstenRod":19,"Toy Ornithopter":22,"Meat on the Bone":22},{"Potion Belt":69,"Singing Bowl":17,"Golden Idol":5,"Astrolabe":86,"Letter Opener":62,"Frozen Egg 2":20,"Cursed Key":38,"Sling":88,"Smiling Mask":95,"Akabeko":52,"SlaversCollar":0,"Nloth\u0027s Gift":47,"Red Mask":104,"PureWater":0,"Toxic Egg 2":28,"TungstenRod":88,"Toy Ornithopter":104,"Meat on the Bone":104}],"TungstenRod":10,"Toy Ornithopter":0,"Meat on the Bone":0},"card_choices":[{"not_picked":["ClearTheMind","SashWhip"],"picked":"Perseverance","floor":1},{"not_picked":["FlurryOfBlows","CrushJoints"],"picked":"Evaluate","floor":4},{"not_picked":["SashWhip","BowlingBash"],"picked":"Sanctity","floor":5},{"not_picked":["Worship","PathToVictory"],"picked":"Consecrate","floor":6},{"not_picked":["SashWhip","CrushJoints"],"picked":"Protect","floor":8},{"not_picked":["Vengeance","Meditate"],"picked":"Establishment+1","floor":10},{"not_picked":["DeusExMachina+1","Prostrate+1"],"picked":"WreathOfFlame+1","floor":12},{"not_picked":["WaveOfTheHand+1","Consecrate"],"picked":"FlyingSleeves","floor":13},{"not_picked":["Ragnarok","MasterReality+1"],"picked":"LessonLearned","floor":16},{"not_picked":["FlurryOfBlows","Evaluate+1"],"picked":"DeceiveReality+1","floor":18},{"not_picked":["Crescendo+1","ReachHeaven","Collect+1"],"picked":"Singing Bowl","floor":20},{"not_picked":["Evaluate+1","WheelKick"],"picked":"LikeWater+1","floor":23},{"not_picked":["PathToVictory+1","Prostrate+1"],"picked":"FollowUp","floor":24},{"not_picked":["WreathOfFlame+1","WaveOfTheHand+1"],"picked":"Fasting2+1","floor":25},{"not_picked":["BowlingBash","FlurryOfBlows+1"],"picked":"SandsOfTime","floor":27},{"not_picked":["Establishment+1","SignatureMove+1"],"picked":"CutThroughFate+1","floor":30},{"not_picked":["Meditate+1","PathToVictory+1"],"picked":"Prostrate+1","floor":31},{"not_picked":["DeusExMachina+1","LessonLearned"],"picked":"Ragnarok","floor":33},{"not_picked":["Fasting2+1","Pray+1"],"picked":"Halt+1","floor":35},{"not_picked":["Conclude+1","CrushJoints+1"],"picked":"Alpha+1","floor":40},{"not_picked":["CarveReality+1","SashWhip"],"picked":"Protect+1","floor":41},{"not_picked":["Protect+1","Study+1"],"picked":"Establishment+1","floor":42}],"player_experience":163748,"relics_obtained":[{"floor":6,"key":"Singing Bowl"},{"floor":9,"key":"Frozen Egg 2"},{"floor":12,"key":"Toxic Egg 2"},{"floor":23,"key":"Akabeko"},{"floor":26,"key":"Letter Opener"},{"floor":27,"key":"Potion Belt"},{"floor":38,"key":"TungstenRod"},{"floor":40,"key":"Smiling Mask"},{"floor":42,"key":"Meat on the Bone"},{"floor":43,"key":"Toy Ornithopter"}],"event_choices":[{"damage_healed":0,"gold_gain":0,"player_choice":"Take Damage","damage_taken":18,"relics_obtained":["Golden Idol"],"max_hp_gain":0,"max_hp_loss":0,"event_name":"Golden Idol","floor":2,"gold_loss":0},{"damage_healed":18,"gold_gain":0,"player_choice":"Healed","damage_taken":0,"max_hp_gain":0,"max_hp_loss":0,"event_name":"The Cleric","floor":7,"gold_loss":35},{"damage_healed":0,"gold_gain":0,"player_choice":"Ignored","damage_taken":0,"max_hp_gain":0,"max_hp_loss":0,"event_name":"Golden Wing","floor":14,"gold_loss":0},{"damage_healed":0,"gold_gain":0,"player_choice":"Traded Relic","damage_taken":0,"relics_obtained":["Nloth\u0027s Gift"],"max_hp_gain":0,"max_hp_loss":0,"event_name":"N\u0027loth","floor":21,"relics_lost":["Singing Bowl"],"gold_loss":0},{"cards_removed":["Shame"],"damage_healed":0,"gold_gain":0,"player_choice":"Removed Curses","damage_taken":0,"max_hp_gain":0,"max_hp_loss":0,"event_name":"Fountain of Cleansing","floor":28,"gold_loss":0},{"damage_healed":0,"gold_gain":0,"player_choice":"Forge","damage_taken":0,"max_hp_gain":0,"max_hp_loss":0,"event_name":"Accursed Blacksmith","floor":36,"gold_loss":0,"cards_upgraded":["Eruption"]},{"damage_healed":0,"gold_gain":0,"player_choice":"Ignored","damage_taken":0,"max_hp_gain":0,"max_hp_loss":0,"event_name":"OrinTheCat","floor":44,"gold_loss":0},{"cards_removed":["WindmillStrike"],"damage_healed":0,"gold_gain":0,"player_choice":"Removed Attack","damage_taken":0,"max_hp_gain":0,"max_hp_loss":0,"event_name":"Falling","floor":45,"gold_loss":0},{"damage_healed":0,"gold_gain":0,"player_choice":"Paid","damage_taken":0,"relics_obtained":["Red Mask"],"max_hp_gain":0,"max_hp_loss":0,"event_name":"Tomb of Lord Red Mask","floor":46,"gold_loss":136}],"is_beta":false,"boss_relics":[{"not_picked":["Empty Cage","Snecko Eye"],"picked":"Cursed Key"},{"not_picked":["Runic Dome","Runic Pyramid"],"picked":"Astrolabe"}],"items_purged_floors":[19],"is_endless":false,"potions_floor_spawned":[4,5,8,18,23,31,35,41],"killed_by":"Maw","ascension_level":2}}