{"host":"xm0mz9ddset2ui4e","time":1608453950,"event":{"mods":["2.2 Compatiblity","AchievementEnabler","Act Like it!","Astrologer","BaseMod","CapriCore","Colored Powertips","Elementarium","Gensokyo","GifTheSpireLib","Hallownest","Hermit","Highlight Path","HololiveMod","Jorbs\u0027s Wanderer Trilogy","Koishi","Lobotomy","LobotomyExtend","Marisa????????","Minty Spire (QoL Compilation)","Remilia??????","Replay The Spire","Shade Mod","StSLib","Td1madao Mod","The Animator","The Bug Knight","The Cursed","The Hierophant","The Immortal","The Runesmith","The Servant 0.9.4","The Wild Card","TheBandit"],"gold_per_floor":[111,125,136,136,150,150,166,166,166,166,201,213,213,228,228,325,325,337,353,353,241,259,285,285,314,341,354,354,334,351,368,368,469,469,485,502,352,352,352],"floor_reached":38,"playtime":3258,"items_purged":["Defend_B","Defend_B"],"score":550,"play_id":"a24d6985-8664-4f1e-90f6-e1e8aada3dd4","local_time":"20201220024550","is_ascension_mode":true,"campfire_choices":[{"data":"Creative AI","floor":6,"key":"SMITH"},{"data":"Lockon","floor":8,"key":"SMITH"},{"data":"Darkness","floor":10,"key":"SMITH"},{"floor":15,"key":"REST"},{"data":"Reboot","floor":24,"key":"SMITH"},{"floor":28,"key":"REST"},{"data":"Creative AI","floor":32,"key":"SMITH"}],"circlet_count":0,"master_deck":["Defend_B","Defend_B","Zap+1","Dualcast","Leap","Creative AI+1","Lockon+1","Leap","Darkness+1","Reboot+1","Auto Shields","Core Surge","AbeCurse","Coolheaded+1","Bite","Bite","Bite","Bite","Bite","Go for the Eyes+1","ReplayTheSpireMod:Calculation Training+1","ReplayTheSpireMod:Reroute Power+1","Panic Button+1","Fusion+1","Creative AI+1","Loop","Darkness+1","Echo Form","Steam"],"relics":["Cracked Core","LetterFromLob","Iron Hammer","Runesmith:Nanobots","Abe\u0027s Treasure","HollowMod:LifeEnderRelic","Dream Catcher","Inserter"],"acts_visited":["Exordium","TheCity","TheBeyond"],"potions_floor_usage":[16,19,19,25],"damage_taken":[{"damage":0,"enemies":"2 Louse","floor":1,"turns":2},{"damage":1,"enemies":"Small Slimes","floor":2,"turns":2},{"damage":2,"enemies":"Jaw Worm","floor":3,"turns":4},{"damage":29,"enemies":"Exordium Thugs","floor":5,"turns":5},{"damage":0,"enemies":"Blue Slaver","floor":7,"turns":4},{"damage":18,"enemies":"Lagavulin","floor":11,"turns":6},{"damage":0,"enemies":"3 Louse","floor":12,"turns":3},{"damage":0,"enemies":"Looter","floor":14,"turns":3},{"damage":1,"enemies":"Hexaghost","floor":16,"turns":7},{"damage":0,"enemies":"Chosen","floor":18,"turns":3},{"damage":22,"enemies":"3 Byrds","floor":19,"turns":7},{"damage":6,"enemies":"Centurion and Healer","floor":22,"turns":10},{"damage":18,"enemies":"HollowMod:Nosk","floor":23,"turns":4},{"damage":20,"enemies":"Book of Stabbing","floor":25,"turns":4},{"damage":14,"enemies":"Snecko","floor":27,"turns":5},{"damage":0,"enemies":"Snake Plant","floor":30,"turns":4},{"damage":3,"enemies":"Chosen and Byrds","floor":31,"turns":6},{"damage":39,"enemies":"Champ","floor":33,"turns":8},{"damage":26,"enemies":"3 Darklings","floor":35,"turns":9},{"damage":13,"enemies":"3 Shapes","floor":36,"turns":7},{"damage":43,"enemies":"Sphere and 2 Shapes","floor":38,"turns":3}],"seed_played":"-1499836764553691133","potions_obtained":[{"floor":2,"key":"FocusPotion"},{"floor":11,"key":"FocusPotion"},{"floor":12,"key":"Explosive Potion"},{"floor":14,"key":"Block Potion"},{"floor":16,"key":"Block Potion"},{"floor":19,"key":"Dexterity Potion"},{"floor":23,"key":"BlessingOfTheForge"},{"floor":25,"key":"Languid Potion"},{"floor":29,"key":"EssenceOfDarkness"},{"floor":33,"key":"Death Potion"}],"is_trial":false,"path_per_floor":["M","M","M","?","M","R","M","R","T","R","E","M","?","M","R","B",null,"M","M","?","$","M","E","R","E","T","M","R","?","M","M","R","B",null,"M","M","$","M"],"character_chosen":"DEFECT","items_purchased":["Go for the Eyes+1","Steam"],"campfire_rested":2,"item_purchase_floors":[21,37],"current_hp_per_floor":[75,74,72,72,43,43,43,43,43,43,25,25,25,25,47,46,68,68,46,46,46,52,34,34,19,19,21,36,36,39,46,46,23,45,43,37,37,0,0],"gold":352,"neow_bonus":"UPGRADE_CARD","is_daily":false,"chose_seed":false,"campfire_upgraded":5,"win_rate":0.0,"timestamp":1608453950,"path_taken":["M","M","M","?","M","R","M","R","T","R","E","M","?","M","R","BOSS","M","M","?","$","M","E","R","E","T","M","R","?","M","?","R","BOSS","M","M","$","M"],"items_purchased_type":["Card","Card"],"build_version":"2020-12-13","purchased_purges":2,"victory":false,"max_hp_per_floor":[75,75,75,75,75,75,75,75,75,75,75,75,75,75,75,75,75,75,75,52,52,52,52,52,52,52,52,52,52,52,52,52,52,52,52,52,52,52,52],"card_choices":[{"not_picked":["Cold Snap","Conserve Battery"],"picked":"Leap","floor":1},{"not_picked":["Self Repair","BasicCrystalCard"],"picked":"Creative AI","floor":2},{"not_picked":["Blizzard","Panic Button"],"picked":"Lockon","floor":3},{"not_picked":["Turbo","BasicCrystalCard"],"picked":"Leap","floor":5},{"not_picked":["Hologram","Cold Snap"],"picked":"Darkness","floor":7},{"not_picked":["Consume","Double Energy"],"picked":"Reboot","floor":11},{"not_picked":["Consume","Hologram"],"picked":"Auto Shields","floor":12},{"not_picked":["Panic Button","Sweeping Beam","Compile Driver"],"picked":"SKIP","floor":14},{"not_picked":["Buffer","All For One"],"picked":"Core Surge","floor":16},{"not_picked":["Stack+1","Recycle+1","Ball Lightning"],"picked":"SKIP","floor":18},{"not_picked":["Conserve Battery+1","Sweeping Beam"],"picked":"Coolheaded+1","floor":19},{"not_picked":["Heatsinks","BasicCrystalCard+1"],"picked":"ReplayTheSpireMod:Calculation Training+1","floor":22},{"not_picked":["FTL","ReplayGash"],"picked":"ReplayTheSpireMod:Reroute Power+1","floor":23},{"not_picked":["Beam Cell","White Noise"],"picked":"Panic Button+1","floor":25},{"not_picked":["ReplayTheSpireMod:System Scan+1","FTL"],"picked":"Fusion+1","floor":27},{"not_picked":["Streamline","Steam"],"picked":"Creative AI","floor":28},{"not_picked":["Rebound","Self Repair"],"picked":"Loop","floor":30},{"not_picked":["BasicCrystalCard+1","Gash"],"picked":"Darkness+1","floor":31},{"not_picked":["Machine Learning","Hyperbeam"],"picked":"Echo Form","floor":33},{"not_picked":["Gash+1","Sweeping Beam+1","Undo+1"],"picked":"SKIP","floor":35},{"not_picked":["Redo","Gash","Turbo"],"picked":"SKIP","floor":36}],"player_experience":590483,"relics_obtained":[{"floor":1,"key":"LetterFromLob"},{"floor":9,"key":"Iron Hammer"},{"floor":11,"key":"Runesmith:Nanobots"},{"floor":25,"key":"HollowMod:LifeEnderRelic"},{"floor":26,"key":"Dream Catcher"}],"event_choices":[{"damage_healed":0,"gold_gain":0,"player_choice":"Ignored","damage_taken":0,"max_hp_gain":0,"max_hp_loss":0,"event_name":"Shining Light","floor":13,"gold_loss":0},{"damage_healed":0,"gold_gain":0,"player_choice":"Became a vampire","damage_taken":0,"max_hp_gain":0,"max_hp_loss":23,"event_name":"Vampires","floor":20,"gold_loss":0,"cards_obtained":["Bite","Bite","Bite","Bite","Bite"]},{"damage_healed":0,"gold_gain":0,"player_choice":"Bought 1 Potion","damage_taken":0,"max_hp_gain":0,"max_hp_loss":0,"event_name":"The Woman in Blue","floor":29,"gold_loss":0}],"is_beta":false,"boss_relics":[{"not_picked":["Runesmith:UraniumAnvil","Snecko Eye"],"picked":"Abe\u0027s Treasure"},{"not_picked":["Tiny House","Philosopher\u0027s Stone"],"picked":"Inserter"}],"items_purged_floors":[21,37],"is_endless":false,"potions_floor_spawned":[2,11,12,14,16,18,19,23,25,31,33],"killed_by":"Sphere and 2 Shapes","ascension_level":5}}