{"host":"rmsq46plbpwfbxcc","time":1608436837,"event":{"mods":["AchievementEnabler","BaseMod","Colored Map","DeckTracker","Minty Spire (QoL Compilation)","Permanent Neow","SuperFastMode"],"gold_per_floor":[109,109,127,140,155,155,180,180,204,216,249,249,0,15,15,87,87,107,120,137,137,137,137,165,165,190,217,234,252,270,302,302,302,302],"floor_reached":33,"playtime":1307,"items_purged":["Strike_G"],"score":709,"play_id":"6938bb39-cda8-4cb1-b526-e217b8f6fc15","local_time":"20201220130037","is_ascension_mode":true,"campfire_choices":[{"data":"Neutralize","floor":6,"key":"SMITH"},{"data":"Finisher","floor":8,"key":"SMITH"},{"data":"Blade Dance","floor":12,"key":"SMITH"},{"data":"Terror","floor":15,"key":"SMITH"},{"floor":23,"key":"REST"},{"data":"Cloak And Dagger","floor":25,"key":"SMITH"},{"floor":32,"key":"REST"}],"circlet_count":0,"master_deck":["AscendersBane","Strike_G","Strike_G","Strike_G","Defend_G","Defend_G","Defend_G","Defend_G","Defend_G","Survivor","Neutralize+1","CurseOfTheBell","Finisher+1","Footwork+1","Backstab","PiercingWail","Footwork+1","Blade Dance+1","Choke","Terror+1","Flash of Steel","After Image+1","Bullet Time","Acrobatics","Cloak And Dagger+1","Adrenaline","Escape Plan","Dagger Throw+1"],"relics":["Calling Bell","Happy Flower","Frozen Egg 2","FossilizedHelix","Omamori","Dream Catcher","Potion Belt","HoveringKite","Blood Vial","Oddly Smooth Stone","Ancient Tea Set","Akabeko"],"acts_visited":["Exordium","TheCity"],"potions_floor_usage":[7,11,24,24,27,31],"damage_taken":[{"damage":0,"enemies":"Small Slimes","floor":1,"turns":5},{"damage":0,"enemies":"Cultist","floor":3,"turns":4},{"damage":0,"enemies":"2 Louse","floor":4,"turns":4},{"damage":0,"enemies":"Looter","floor":5,"turns":2},{"damage":14,"enemies":"Gremlin Nob","floor":7,"turns":7},{"damage":0,"enemies":"Red Slaver","floor":10,"turns":5},{"damage":3,"enemies":"Lagavulin","floor":11,"turns":5},{"damage":0,"enemies":"Exordium Thugs","floor":14,"turns":4},{"damage":0,"enemies":"Slime Boss","floor":16,"turns":4},{"damage":0,"enemies":"Shell Parasite","floor":18,"turns":5},{"damage":29,"enemies":"3 Byrds","floor":19,"turns":8},{"damage":10,"enemies":"Shelled Parasite and Fungi","floor":20,"turns":6},{"damage":23,"enemies":"Book of Stabbing","floor":24,"turns":7},{"damage":4,"enemies":"Slavers","floor":27,"turns":6},{"damage":18,"enemies":"Cultist and Chosen","floor":28,"turns":8},{"damage":32,"enemies":"3 Cultists","floor":29,"turns":7},{"damage":0,"enemies":"Centurion and Healer","floor":30,"turns":7},{"damage":0,"enemies":"Book of Stabbing","floor":31,"turns":5},{"damage":30,"enemies":"Automaton","floor":33,"turns":12}],"seed_played":"5654011744731241088","potions_obtained":[{"floor":2,"key":"FairyPotion"},{"floor":2,"key":"Block Potion"},{"floor":7,"key":"PowerPotion"},{"floor":11,"key":"Strength Potion"},{"floor":18,"key":"CultistPotion"},{"floor":24,"key":"Fruit Juice"},{"floor":28,"key":"DistilledChaos"}],"is_trial":false,"path_per_floor":["M","?","M","M","M","R","E","R","T","M","E","R","$","M","R","B",null,"M","M","M","?","?","R","E","R","T","E","M","M","M","E","R","B"],"character_chosen":"THE_SILENT","items_purchased":["Terror","Flash of Steel"],"campfire_rested":2,"item_purchase_floors":[13,13],"current_hp_per_floor":[59,59,59,59,59,59,45,45,45,45,42,42,42,42,42,42,60,60,31,21,21,21,40,22,22,22,20,4,1,3,5,26,0,0],"gold":302,"neow_bonus":"BOSS_RELIC","is_daily":false,"chose_seed":false,"campfire_upgraded":5,"win_rate":0.0,"timestamp":1608436837,"path_taken":["M","?","M","?","M","R","E","R","T","?","E","R","$","M","R","BOSS","M","?","M","?","?","R","E","R","T","E","M","M","?","E","R","BOSS"],"items_purchased_type":["Card","Card"],"build_version":"2020-12-13","purchased_purges":1,"victory":false,"max_hp_per_floor":[66,66,66,66,66,66,66,66,66,66,66,66,66,66,66,66,66,66,66,66,66,66,66,71,71,71,71,71,71,71,71,71,71,71],"card_choices":[{"not_picked":["Terror","Deadly Poison"],"picked":"Finisher","floor":1},{"not_picked":["Setup","Flechettes"],"picked":"Footwork+1","floor":3},{"not_picked":["Prepared","Finisher"],"picked":"Backstab","floor":4},{"not_picked":["Outmaneuver","Poisoned Stab"],"picked":"PiercingWail","floor":5},{"not_picked":["Sucker Punch","Slice"],"picked":"Footwork+1","floor":7},{"not_picked":["Backflip","Cloak And Dagger"],"picked":"Blade Dance","floor":10},{"not_picked":["Tactician","Dodge and Roll"],"picked":"Choke","floor":11},{"not_picked":["Heel Hook","PiercingWail"],"picked":"After Image+1","floor":14},{"not_picked":["Doppelganger","Die Die Die"],"picked":"Bullet Time","floor":16},{"not_picked":["Dagger Throw","Underhanded Strike","Slice"],"picked":"SKIP","floor":18},{"not_picked":["Skewer","Masterful Stab","Bane"],"picked":"SKIP","floor":19},{"not_picked":["Poisoned Stab","Flying Knee"],"picked":"Acrobatics","floor":20},{"not_picked":["Crippling Poison+1","Skewer"],"picked":"Cloak And Dagger","floor":24},{"not_picked":["Catalyst","Poisoned Stab"],"picked":"Adrenaline","floor":27},{"not_picked":["Bane","Deadly Poison","Flying Knee"],"picked":"SKIP","floor":28},{"not_picked":["Deadly Poison","Flechettes"],"picked":"Escape Plan","floor":29},{"not_picked":["Underhanded Strike","Dodge and Roll+1"],"picked":"Dagger Throw+1","floor":30},{"not_picked":["Footwork+1","Setup+1","Deflect"],"picked":"SKIP","floor":31}],"player_experience":1337899,"relics_obtained":[{"floor":0,"key":"Happy Flower"},{"floor":0,"key":"Frozen Egg 2"},{"floor":0,"key":"FossilizedHelix"},{"floor":7,"key":"Omamori"},{"floor":9,"key":"Dream Catcher"},{"floor":11,"key":"Potion Belt"},{"floor":24,"key":"Blood Vial"},{"floor":26,"key":"Oddly Smooth Stone"},{"floor":27,"key":"Ancient Tea Set"},{"floor":31,"key":"Akabeko"}],"event_choices":[{"damage_healed":0,"gold_gain":0,"player_choice":"Got Potions","damage_taken":0,"max_hp_gain":0,"max_hp_loss":0,"event_name":"Lab","floor":2,"gold_loss":0},{"damage_healed":0,"gold_gain":0,"player_choice":"Ignored","damage_taken":0,"max_hp_gain":0,"max_hp_loss":0,"event_name":"Vampires","floor":21,"gold_loss":0},{"cards_removed":["Strike_G"],"damage_healed":0,"gold_gain":0,"player_choice":"Offered Basic","damage_taken":0,"max_hp_gain":0,"max_hp_loss":0,"event_name":"Bonfire Elementals","floor":22,"gold_loss":0}],"is_beta":false,"boss_relics":[{"not_picked":["Black Star","Runic Dome"],"picked":"HoveringKite"}],"items_purged_floors":[13],"is_endless":false,"potions_floor_spawned":[3,4,7,10,11,18,24,28],"killed_by":"Automaton","ascension_level":16}}