{"host":"8l1xuphorofpdxlv","time":1608456426,"event":{"mods":["AchievementEnabler","BaseMod","DeckTracker","Minty Spire (QoL Compilation)","Quick Restart","SuperFastMode"],"gold_per_floor":[115,115,129,129,139,139,153,32,32,32,32,42,62,72,72,172,172,182,157,157,174,24,24,24],"floor_reached":23,"playtime":1090,"items_purged":["Strike_R","Strike_R+1"],"score":270,"play_id":"92b1b3b2-a4f4-4acb-8b39-21cdbad15c38","local_time":"20201220182706","is_ascension_mode":true,"campfire_choices":[{"data":"Barricade","floor":6,"key":"SMITH"},{"data":"Entrench","floor":15,"key":"SMITH"}],"circlet_count":0,"master_deck":["Strike_R+1","Defend_R+1","Defend_R+1","Defend_R+1","Defend_R+1","Bash","Barricade+1","Bloodletting","Cleave","Warcry","Shrug It Off","Entrench+1","Juggernaut","CurseOfTheBell","True Grit","Body Slam"],"relics":["Burning Blood","White Beast Statue","Shuriken","Calling Bell","Ancient Tea Set","InkBottle","Calipers"],"acts_visited":["Exordium","TheCity"],"potions_floor_usage":[13,16,16,16,21,23],"damage_taken":[{"damage":7,"enemies":"Small Slimes","floor":1,"turns":4},{"damage":5,"enemies":"2 Louse","floor":3,"turns":3},{"damage":4,"enemies":"Cultist","floor":5,"turns":4},{"damage":31,"enemies":"Red Slaver","floor":7,"turns":8},{"damage":12,"enemies":"Blue Slaver","floor":12,"turns":7},{"damage":7,"enemies":"2 Fungi Beasts","floor":13,"turns":4},{"damage":20,"enemies":"Large Slime","floor":14,"turns":10},{"damage":3,"enemies":"The Guardian","floor":16,"turns":20},{"damage":12,"enemies":"Shell Parasite","floor":18,"turns":18},{"damage":43,"enemies":"2 Thieves","floor":19,"turns":5},{"damage":3,"enemies":"Snecko","floor":21,"turns":5},{"damage":64,"enemies":"Slavers","floor":23,"turns":5}],"seed_played":"-4037612624104279569","potions_obtained":[{"floor":1,"key":"DistilledChaos"},{"floor":5,"key":"LiquidBronze"},{"floor":12,"key":"Swift Potion"},{"floor":13,"key":"BloodPotion"},{"floor":14,"key":"DistilledChaos"},{"floor":16,"key":"FairyPotion"},{"floor":18,"key":"SteroidPotion"},{"floor":19,"key":"Energy Potion"},{"floor":21,"key":"Weak Potion"}],"is_trial":false,"path_per_floor":["M","?","M","?","M","R","M","$","T","$","?","M","M","M","R","B",null,"M","M","?","M","$","E"],"character_chosen":"IRONCLAD","items_purchased":["Shrug It Off","Body Slam"],"campfire_rested":0,"item_purchase_floors":[8,22],"current_hp_per_floor":[71,71,72,72,72,72,47,47,47,47,47,41,40,26,26,43,72,66,29,29,32,32,0,0],"gold":24,"neow_bonus":"THREE_RARE_CARDS","is_daily":false,"chose_seed":false,"campfire_upgraded":2,"win_rate":0.0,"timestamp":1608456426,"path_taken":["M","?","M","?","?","R","M","$","T","?","?","M","M","M","R","BOSS","M","M","?","M","$","E"],"items_purchased_type":["Card","Card"],"build_version":"2020-12-13","purchased_purges":2,"victory":false,"max_hp_per_floor":[72,72,72,72,72,72,72,72,72,72,72,72,72,72,72,72,72,72,72,72,72,72,72,72],"card_choices":[{"not_picked":["Reaper","Fiend Fire"],"picked":"Barricade","floor":0},{"not_picked":["Combust","Sever Soul","Anger"],"picked":"SKIP","floor":1},{"not_picked":["Sword Boomerang","Twin Strike"],"picked":"Cleave","floor":3},{"not_picked":["Bloodletting","Infernal Blade","Pummel"],"picked":"SKIP","floor":5},{"not_picked":["Iron Wave","Havoc"],"picked":"Warcry","floor":7},{"not_picked":["Fire Breathing","Perfected Strike","Sword Boomerang"],"picked":"SKIP","floor":12},{"not_picked":["Warcry","Combust","Clash"],"picked":"SKIP","floor":13},{"not_picked":["Spot Weakness","Clothesline"],"picked":"Entrench","floor":14},{"not_picked":["Demon Form","Corruption"],"picked":"Juggernaut","floor":16},{"not_picked":["Reckless Charge","Anger"],"picked":"True Grit","floor":18},{"not_picked":["Perfected Strike","Clothesline","Infernal Blade"],"picked":"SKIP","floor":19},{"not_picked":["Fire Breathing","Disarm","Wild Strike"],"picked":"SKIP","floor":21}],"player_experience":55567,"relics_obtained":[{"floor":9,"key":"White Beast Statue"},{"floor":17,"key":"Ancient Tea Set"},{"floor":17,"key":"InkBottle"},{"floor":17,"key":"Calipers"}],"event_choices":[{"damage_healed":0,"gold_gain":0,"cards_transformed":["Strike_R"],"player_choice":"Change","damage_taken":0,"max_hp_gain":0,"max_hp_loss":0,"event_name":"Living Wall","floor":2,"gold_loss":0,"cards_obtained":["Bloodletting"]},{"cards_removed":["Strike_R"],"damage_healed":0,"gold_gain":0,"player_choice":"Purged","damage_taken":0,"max_hp_gain":0,"max_hp_loss":0,"event_name":"Purifier","floor":4,"gold_loss":0},{"damage_healed":0,"gold_gain":0,"player_choice":"Searched \u00272\u0027 times","damage_taken":0,"relics_obtained":["Shuriken"],"max_hp_gain":0,"max_hp_loss":0,"event_name":"Dead Adventurer","floor":11,"gold_loss":0},{"damage_healed":0,"gold_gain":0,"player_choice":"Simplicity","damage_taken":0,"max_hp_gain":0,"max_hp_loss":0,"event_name":"Back to Basics","floor":20,"gold_loss":0,"cards_upgraded":["Strike_R","Strike_R","Defend_R","Defend_R","Defend_R","Defend_R"]}],"is_beta":false,"boss_relics":[{"not_picked":["Ectoplasm","Snecko Eye"],"picked":"Calling Bell"}],"items_purged_floors":[8,22],"is_endless":false,"potions_floor_spawned":[1,5,12,13,14,16,18,19,21],"killed_by":"Slavers","ascension_level":3}}