{"host":"Fredi","time":1608444919,"event":{"mods":["AchievementEnabler","Act Like it!","BaseMod","Better Altar","Better Match","Better Note","Better Sensory Stone","Better Skull","Better Third Choice","Block Reminder","Colored Map","Colored Powertips","Custom Start","Downfall","Gensokyo","Hallownest","Hermit","Highlight Path","Mimic Mod","Minty Spire (QoL Compilation)","Permanent Neow","Quick Restart","Rare Cards Sparkle","Relic Stats","Shop Mod","StSLib","The Cursed","The Runesmith","Transform Curses","Wandering Minibosses","everything is the same but u backflip on backflip"],"gold_per_floor":[113,38,55,55,84,118,135,135,135],"floor_reached":8,"playtime":786,"items_purged":["Doubt"],"score":68,"play_id":"50d691dd-0a54-4665-a10c-86352422d555","local_time":"20201219221519","is_ascension_mode":true,"campfire_choices":[],"circlet_count":0,"master_deck":["Strike_B","Strike_B","Strike_B","Strike_B","Defend_B","Defend_B","Defend_B","Defend_B","Zap","Dualcast","Chaos","Recycle"],"relics":["Cracked Core","Girya","Hallownest:DreamNailRelic","Runesmith:Nanobots","Dream Catcher"],"acts_visited":["Hallownest:Greenpath"],"potions_floor_usage":[],"damage_taken":[{"damage":4,"enemies":"Hallownest:2_MossCreeps","floor":1,"turns":5},{"damage":7,"enemies":"Hallownest:2_Tiktiks_and_1_Crawlid","floor":3,"turns":4},{"damage":34,"enemies":"Hallownest:eliteMossKnight","floor":5,"turns":16},{"damage":22,"enemies":"Hallownest:eliteCrystalGuardian","floor":6,"turns":8},{"damage":0,"enemies":"Hallownest:2_Baldur","floor":7,"turns":5},{"damage":14,"enemies":"Hallownest:eliteMossKnight","floor":8,"turns":7}],"seed_played":"-4525887308704072547","potions_obtained":[{"floor":3,"key":"sneckomod:MuddlingPotion"},{"floor":6,"key":"Energy Potion"}],"is_trial":false,"path_per_floor":["M","$","M","?","?","E","M","E"],"character_chosen":"DEFECT","items_purchased":[],"campfire_rested":0,"item_purchase_floors":[],"current_hp_per_floor":[71,71,64,64,30,8,8,0,0],"gold":135,"neow_bonus":"ONE_RARE_RELIC","is_daily":false,"chose_seed":false,"campfire_upgraded":0,"win_rate":0.0,"timestamp":1608444919,"path_taken":["M","$","M","?","?","E","M","E"],"items_purchased_type":[],"build_version":"2020-12-18","purchased_purges":1,"victory":false,"max_hp_per_floor":[75,75,75,75,75,75,75,75,75],"relic_stats":{"Dream Catcher":0,"counters":[6,45],"obtain_stats":[{"Girya":0,"Runesmith:Nanobots":5,"Dream Catcher":6,"Hallownest:DreamNailRelic":4,"Cracked Core":0},{"Girya":0,"Runesmith:Nanobots":3,"Dream Catcher":4,"Hallownest:DreamNailRelic":2,"Cracked Core":0},{"Girya":0,"Runesmith:Nanobots":25,"Dream Catcher":33,"Hallownest:DreamNailRelic":9,"Cracked Core":0}]},"card_choices":[{"not_picked":["Heatsinks","Cold Snap","Coolheaded"],"picked":"SKIP","floor":1},{"not_picked":["Fusion","Leap"],"picked":"Chaos","floor":3},{"not_picked":["Go for the Eyes","Static Discharge","Streamline"],"picked":"SKIP","floor":5},{"not_picked":["Creative AI","Go for the Eyes","Biased Cognition"],"picked":"SKIP","floor":6},{"not_picked":["Coolheaded","Go for the Eyes"],"picked":"Recycle","floor":7}],"player_experience":243857,"relics_obtained":[{"floor":5,"key":"Runesmith:Nanobots"},{"floor":6,"key":"Dream Catcher"}],"event_choices":[],"is_beta":true,"boss_relics":[],"items_purged_floors":[2],"is_endless":false,"potions_floor_spawned":[3,6],"killed_by":"Hallownest:eliteMossKnight","ascension_level":1}}