{"host":"sh8ot41fo7a0kahq","time":1608437094,"event":{"mods":["ATMod(°¢èªMod)","BaseMod","Better Third Choice","Colored Powertips","Minty Spire (QoL Compilation)","Quick Restart","Spicy Shops","StSLib","UnlockEverythingMod","¡¾ÒÅÎï¿¨ÅÆ¡¿REMEMod"],"gold_per_floor":[16,16,36,61,75,75,35,35,62,83,83,98,142,22,22,22,22],"floor_reached":16,"playtime":2552,"items_purged":["Strike_B"],"score":133,"play_id":"9a287201-3161-4f76-b6f3-b69ee4ad3be6","local_time":"20201220120454","is_ascension_mode":true,"campfire_choices":[{"data":"Sunder","floor":6,"key":"SMITH"},{"data":"REME_SelfUpgrade","floor":8,"key":"SMITH"},{"data":"Defragment","floor":11,"key":"SMITH"},{"data":"Defragment","floor":15,"key":"SMITH"}],"circlet_count":0,"master_deck":["Strike_B","Strike_B","Strike_B","Defend_B","Defend_B","Defend_B","Defend_B","Zap","Dualcast","AT_DarkMatter","Envenom","Chill","Sunder+1","REME_SelfUpgrade+1","Defragment+1","Streamline","Defragment+1","AT_RobotInSpace"],"relics":["Cracked Core","AT_ATBox","REME_ComplimentaryCards","WingedGreaves","Golden Idol","Toy Ornithopter","Smiling Mask"],"acts_visited":["Exordium"],"potions_floor_usage":[13,16,16,16],"damage_taken":[{"damage":7.0,"enemies":"Small Slimes","floor":1.0,"turns":3.0},{"damage":15,"enemies":"2 Louse","floor":3,"turns":3},{"damage":0,"enemies":"Cultist","floor":4,"turns":3},{"damage":6,"enemies":"Red Slaver","floor":5,"turns":4},{"damage":11,"enemies":"2 Fungi Beasts","floor":10,"turns":3},{"damage":7,"enemies":"3 Louse","floor":12,"turns":3},{"damage":22,"enemies":"Lagavulin","floor":13,"turns":6},{"damage":30,"enemies":"Slime Boss","floor":16,"turns":4}],"seed_played":"4374295949953388759","potions_obtained":[{"floor":4,"key":"BlessingOfTheForge"},{"floor":5,"key":"Fire Potion"},{"floor":7,"key":"EntropicBrew"},{"floor":7,"key":"DistilledChaos"},{"floor":10,"key":"PowerPotion"}],"is_trial":false,"path_per_floor":["M","?","M","M","M","R","?","R","T","M","R","M","E","$","R","B"],"character_chosen":"DEFECT","items_purchased":["AT_RobotInSpace"],"campfire_rested":0,"item_purchase_floors":[14],"current_hp_per_floor":[61,61,46,46,40,40,40,40,40,29,29,22,5,5,5,0,0],"gold":22,"neow_bonus":"ONE_RARE_RELIC","is_daily":false,"chose_seed":false,"campfire_upgraded":4,"win_rate":0.0,"timestamp":1608437094,"path_taken":["M","?","M","M","M","R","?","R","T","M","R","M","E","$","R","BOSS"],"items_purchased_type":["Card"],"build_version":"2020-12-13","purchased_purges":1,"victory":false,"max_hp_per_floor":[75,69,69,69,69,69,69,69,69,69,69,69,69,69,69,69,69],"card_choices":[{"not_picked":["Sweeping Beam","Storm"],"picked":"AT_DarkMatter","floor":1},{"not_picked":["Conserve Battery","Redo"],"picked":"Chill","floor":3},{"not_picked":["Buffer","Blizzard"],"picked":"Sunder","floor":4},{"not_picked":["Barrage","Beam Cell"],"picked":"REME_SelfUpgrade","floor":5},{"not_picked":["Cold Snap","Leap","Beam Cell","White Noise"],"picked":"Defragment","floor":10},{"not_picked":["Aggregate","REME_Compress","Static Discharge","Tempest"],"picked":"Streamline","floor":12},{"not_picked":["Steam","Reprogram","Static Discharge","Stack"],"picked":"Defragment","floor":13}],"player_experience":276717,"relics_obtained":[{"floor":9,"key":"Toy Ornithopter"},{"floor":13,"key":"Smiling Mask"}],"event_choices":[{"damage_healed":0,"gold_gain":0,"player_choice":"Lose Max HP","damage_taken":0,"relics_obtained":["Golden Idol"],"max_hp_gain":0,"max_hp_loss":6,"event_name":"Golden Idol","floor":2,"gold_loss":0},{"damage_healed":0,"gold_gain":0,"player_choice":"Bought 3 Potions","damage_taken":0,"max_hp_gain":0,"max_hp_loss":0,"event_name":"The Woman in Blue","floor":7,"gold_loss":0}],"is_beta":false,"boss_relics":[],"items_purged_floors":[14],"is_endless":false,"potions_floor_spawned":[4,5,10,12],"killed_by":"Slime Boss","ascension_level":6}}