{"host":"69rply1jf2d1wbmp","time":1608433825,"event":{"mods":["BaseMod","Minty Spire (QoL Compilation)","Quick Restart"],"gold_per_floor":[119,130,147,157,174,199,199,215,215,215,229,240,240,259,259,358,358,375,388,20,32,32,52,68,68,68],"floor_reached":25,"playtime":1016,"items_purged":["Defend_B"],"score":213,"play_id":"f0b29357-2635-47ef-8a5d-1af36971c032","local_time":"20201219221025","is_ascension_mode":false,"campfire_choices":[{"floor":7,"key":"REST"},{"floor":10,"key":"REST"},{"floor":15,"key":"REST"}],"circlet_count":0,"master_deck":["Strike_B","Strike_B","Strike_B","Strike_B","Defend_B","Defend_B","Defend_B","Zap","Dualcast","Writhe","Ball Lightning","Go for the Eyes","Streamline+1","Leap","Leap","Leap","Creative AI+1","Conserve Battery+1","Defragment+1","Conserve Battery"],"relics":["Cracked Core","Unceasing Top","Mercury Hourglass","Frozen Egg 2","Black Star","Matryoshka"],"acts_visited":["Exordium","TheCity"],"potions_floor_usage":[4,6,6,8,16,21,23,24,24],"damage_taken":[{"damage":9,"enemies":"2 Louse","floor":1,"turns":2},{"damage":10,"enemies":"Small Slimes","floor":2,"turns":2},{"damage":2,"enemies":"Jaw Worm","floor":3,"turns":3},{"damage":10,"enemies":"Gremlin Gang","floor":4,"turns":5},{"damage":14,"enemies":"Blue Slaver","floor":5,"turns":3},{"damage":21,"enemies":"3 Sentries","floor":6,"turns":10},{"damage":3,"enemies":"Exordium Thugs","floor":8,"turns":3},{"damage":0,"enemies":"Large Slime","floor":11,"turns":3},{"damage":2,"enemies":"Looter","floor":12,"turns":3},{"damage":1,"enemies":"Exordium Thugs","floor":14,"turns":3},{"damage":39,"enemies":"The Guardian","floor":16,"turns":11},{"damage":32,"enemies":"2 Thieves","floor":18,"turns":5},{"damage":9,"enemies":"Shell Parasite","floor":19,"turns":7},{"damage":0,"enemies":"3 Cultists","floor":21,"turns":4},{"damage":14,"enemies":"Centurion and Healer","floor":23,"turns":10},{"damage":13,"enemies":"Sentry and Sphere","floor":24,"turns":5},{"damage":14,"enemies":"Book of Stabbing","floor":25,"turns":3}],"seed_played":"5007806349130382625","potions_obtained":[{"floor":2,"key":"BlessingOfTheForge"},{"floor":4,"key":"EssenceOfSteel"},{"floor":5,"key":"Block Potion"},{"floor":6,"key":"Explosive Potion"},{"floor":8,"key":"PotionOfCapacity"},{"floor":19,"key":"AttackPotion"},{"floor":21,"key":"DistilledChaos"},{"floor":23,"key":"AttackPotion"}],"is_trial":false,"path_per_floor":["M","M","M","M","M","E","R","M","T","R","M","M","?","M","R","B",null,"M","M","$","M","?","M","M","E"],"character_chosen":"DEFECT","items_purchased":["Matryoshka","Block Potion"],"campfire_rested":3,"item_purchase_floors":[20,20],"current_hp_per_floor":[66,56,54,44,30,9,31,28,28,50,50,48,48,47,69,30,75,43,34,34,34,34,20,7,0,0],"gold":68,"neow_bonus":"ONE_RARE_RELIC","is_daily":false,"chose_seed":false,"campfire_upgraded":0,"win_rate":0.0,"timestamp":1608433825,"path_taken":["M","M","M","M","M","E","R","M","T","R","M","M","?","M","R","BOSS","M","M","$","M","?","M","M","E"],"items_purchased_type":["Relic","Potion"],"build_version":"2020-12-13","purchased_purges":1,"victory":false,"max_hp_per_floor":[75,75,75,75,75,75,75,75,75,75,75,75,75,75,75,75,75,75,75,75,75,75,75,75,75,75],"card_choices":[{"not_picked":["Compile Driver","Go for the Eyes"],"picked":"Ball Lightning","floor":1},{"not_picked":["Cold Snap","Blizzard"],"picked":"Go for the Eyes","floor":2},{"not_picked":["Static Discharge","Leap"],"picked":"Streamline","floor":3},{"not_picked":["Fission","Rebound","Redo"],"picked":"SKIP","floor":4},{"not_picked":["Sunder","Aggregate","Cold Snap"],"picked":"SKIP","floor":5},{"not_picked":["Seek","Blizzard"],"picked":"Leap","floor":6},{"not_picked":["Turbo","Go for the Eyes","Compile Driver"],"picked":"SKIP","floor":8},{"not_picked":["BootSequence","Recycle"],"picked":"Leap","floor":11},{"not_picked":["Reinforced Body","Hologram","Cold Snap"],"picked":"SKIP","floor":12},{"not_picked":["Rebound","All For One"],"picked":"Leap","floor":14},{"not_picked":["Multi-Cast","Thunder Strike"],"picked":"Creative AI+1","floor":16},{"not_picked":["Leap+1","Sweeping Beam"],"picked":"Conserve Battery+1","floor":18},{"not_picked":["Stack+1","Ball Lightning","Go for the Eyes"],"picked":"SKIP","floor":19},{"not_picked":["Sweeping Beam","Reprogram+1"],"picked":"Defragment+1","floor":21},{"not_picked":["Leap+1","Blizzard"],"picked":"Conserve Battery","floor":23},{"not_picked":["Barrage","Streamline","Stack"],"picked":"SKIP","floor":24}],"player_experience":357791,"relics_obtained":[{"floor":6,"key":"Mercury Hourglass"},{"floor":9,"key":"Frozen Egg 2"}],"event_choices":[{"damage_healed":0,"gold_gain":0,"player_choice":"Grow","damage_taken":0,"max_hp_gain":0,"max_hp_loss":0,"event_name":"Living Wall","floor":13,"gold_loss":0,"cards_upgraded":["Streamline"]}],"is_beta":false,"boss_relics":[{"not_picked":["Runic Dome","Empty Cage"],"picked":"Black Star"}],"items_purged_floors":[20],"is_endless":false,"potions_floor_spawned":[2,4,5,6,8,19,21,23],"killed_by":"Book of Stabbing","ascension_level":0}}