{"host":"6ko66ogg91i6g7xq","time":1608460008,"event":{"mods":["AchievementEnabler","Act Like it!","BaseMod","Colored Map","Colored Powertips","Downfall","Hermit","Minty Spire (QoL Compilation)","Quick Restart","Relic Stats","StSLib","The Jungle","everything is the same but u backflip on backflip"],"gold_per_floor":[110,123,123,123,398,398,436,457,457,503,503,521,545,545,545],"floor_reached":14,"playtime":312,"items_purged":[],"score":121,"play_id":"b1755e76-b2aa-485c-ae0f-220fd9ba71ba","local_time":"20201220052648","is_ascension_mode":true,"campfire_choices":[{"floor":6,"key":"RECALL"},{"data":"Footwork","floor":11,"key":"SMITH"}],"circlet_count":0,"master_deck":["Strike_G","Strike_G","Strike_G","Strike_G","Strike_G","Defend_G","Defend_G","Defend_G","Defend_G","Defend_G","Survivor","Neutralize","Blade Dance","Regret","Backflip","Footwork+1","Finisher"],"relics":["Ring of the Snake","NeowsBlessing","Golden Idol","CaptainsWheel","Regal Pillow"],"acts_visited":["Exordium"],"potions_floor_usage":[12,14],"damage_taken":[{"damage":0,"enemies":"Cultist","floor":1,"turns":1},{"damage":0,"enemies":"Jaw Worm","floor":2,"turns":1},{"damage":0,"enemies":"Gremlin Nob","floor":7,"turns":1},{"damage":7,"enemies":"Small Slimes","floor":8,"turns":4},{"damage":27,"enemies":"Exordium Thugs","floor":12,"turns":8},{"damage":5,"enemies":"Exordium Wildlife","floor":13,"turns":6},{"damage":2,"enemies":"Lagavulin","floor":14,"turns":6}],"seed_played":"-5135297215658107212","potions_obtained":[{"floor":7,"key":"PowerPotion"},{"floor":8,"key":"Poison Potion"}],"is_trial":false,"path_per_floor":["M","M","$","?","?","R","E","M","T","T","R","M","M","E"],"character_chosen":"THE_SILENT","items_purchased":[],"campfire_rested":0,"item_purchase_floors":[],"current_hp_per_floor":[70,70,70,53,53,53,53,46,46,46,46,19,14,12,12],"gold":545,"neow_bonus":"THREE_ENEMY_KILL","is_daily":false,"chose_seed":false,"campfire_upgraded":1,"win_rate":0.0,"timestamp":1608460008,"path_taken":["M","?","$","?","?","R","E","?","T","?","R","?","M","E"],"items_purchased_type":[],"build_version":"2020-12-13","purchased_purges":0,"victory":false,"max_hp_per_floor":[70,70,70,70,70,70,70,70,70,70,70,70,70,70,70],"relic_stats":{"Regal Pillow":0,"counters":[7,27],"Golden Idol":21,"obtain_stats":[{"CaptainsWheel":7,"Regal Pillow":10,"NeowsBlessing":0,"Golden Idol":4,"Ring of the Snake":0},{"CaptainsWheel":3,"Regal Pillow":4,"NeowsBlessing":0,"Golden Idol":2,"Ring of the Snake":0},{"CaptainsWheel":3,"Regal Pillow":7,"NeowsBlessing":0,"Golden Idol":2,"Ring of the Snake":0}],"Ring of the Snake":[14]},"card_choices":[{"not_picked":["Acrobatics","Slice"],"picked":"Blade Dance","floor":1},{"not_picked":["Underhanded Strike","Bouncing Flask","Escape Plan"],"picked":"SKIP","floor":2},{"not_picked":["Slice","Acrobatics"],"picked":"Backflip","floor":7},{"not_picked":["Dagger Throw","Poisoned Stab"],"picked":"Footwork","floor":8},{"not_picked":["Quick Slash","Underhanded Strike","Acrobatics"],"picked":"SKIP","floor":12},{"not_picked":["Backstab","Acrobatics"],"picked":"Finisher","floor":13}],"player_experience":290450,"relics_obtained":[{"floor":7,"key":"CaptainsWheel"},{"floor":10,"key":"Regal Pillow"}],"event_choices":[{"damage_healed":0,"gold_gain":0,"player_choice":"Take Damage","damage_taken":17,"relics_obtained":["Golden Idol"],"max_hp_gain":0,"max_hp_loss":0,"event_name":"Golden Idol","floor":4,"gold_loss":0},{"damage_healed":0,"gold_gain":275,"player_choice":"Desecrate","damage_taken":0,"max_hp_gain":0,"max_hp_loss":0,"event_name":"Golden Shrine","floor":5,"gold_loss":0,"cards_obtained":["Regret"]}],"is_beta":false,"boss_relics":[],"items_purged_floors":[],"is_endless":false,"potions_floor_spawned":[7,8],"killed_by":"Lagavulin","ascension_level":1}}