{"host":"4c7oxphrh4ok8x7u","time":1608477020,"event":{"mods":["2.2 Compatiblity","Act Like it!","Aspiration","BaseMod","Better Skull","Better Vampires","BetterRewards","Challenge The Spire","Conjunction","Conspire","Custom Start","Dota2Spire","Friendly Minions","FruityMod","GifTheSpireLib","Halation","Hermit","HololiveMod","Hubris","Hyrulean Relics","Jedi Mod","Kratos Character Expansion","Minty Spire (QoL Compilation)","MostiFishMod","Permanent Neow","Prisma Mod","Quarter Circle Forward PUNCH!","RatMod","Replay The Spire","Robot Space Explorer","SCP261 Mod","Shade Mod","Slay the Relics Exporter","Small Relic Pack","Spicy Shops","Spikes Relics","Spires And Sneckos","StSLib","Stuff the Spire","The Animator","The Blue Laboratory","The Death Knight","The Edgeheg","The Exalted","The Fake Hero","The Marked","The Trickster","TheWitcher","Wandering Minibosses"],"gold_per_floor":[112,129,148,148,148,148,148],"floor_reached":6,"playtime":264,"items_purged":[],"score":36,"play_id":"b51bad14-6377-4ddc-9663-f5fc8094fb5e","local_time":"20201220181020","is_ascension_mode":false,"campfire_choices":[],"circlet_count":0,"master_deck":["Bromod:Defend_Bro","Bromod:Defend_Bro","Bromod:SlashDash","Bromod:SlashDash","Bromod:SteelFiber+1","Bromod:BodyCount","Bromod:HeatedCharge","relicPack:TruthCard","MasterReality+1","animator:FeridBathory+1","Master of Strategy+1"],"relics":["Bromod:Ordis","Bromod:AscarisDevice","DaveBox","aspiration:Nostalgia","Sizzling Blood","BrkXgEgg","Question Card","relicPack:EdsArm"],"acts_visited":["Exordium"],"potions_floor_usage":[6],"damage_taken":[{"damage":10,"enemies":"Cultist","floor":1,"turns":4},{"damage":1,"enemies":"2 Louse","floor":2,"turns":3},{"damage":6,"enemies":"Small Slimes","floor":3,"turns":3},{"damage":81,"enemies":"Gremlin Nob","floor":6,"turns":7}],"seed_played":"-1689127162637072406","potions_obtained":[{"floor":3,"key":"blueLaboratory:FruitPunch"}],"is_trial":false,"path_per_floor":["M","M","M","?","?","E"],"character_chosen":"THE_EXALTED","items_purchased":[],"campfire_rested":0,"item_purchase_floors":[],"current_hp_per_floor":[73,76,74,74,74,0,0],"gold":148,"neow_bonus":"NOSTALGIA","is_daily":false,"chose_seed":false,"campfire_upgraded":0,"win_rate":0.0,"timestamp":1608477020,"path_taken":["M","M","M","?","?","E"],"items_purchased_type":[],"build_version":"2020-12-13","purchased_purges":0,"victory":false,"max_hp_per_floor":[79,79,79,74,74,76,76],"card_choices":[{"not_picked":["Bromod:OrganShatter","Bromod:BodyCount"],"picked":"Bromod:SteelFiber","floor":1},{"not_picked":["Bromod:Serration","Bromod:PressurePoint","Bromod:Vitality"],"picked":"Bromod:BodyCount","floor":2},{"not_picked":["Bromod:ShatteringImpact","Bromod:Vitality","Bromod:QuickDraw"],"picked":"Bromod:HeatedCharge","floor":3}],"player_experience":654043,"relics_obtained":[{"floor":1,"key":"Question Card"}],"event_choices":[{"damage_healed":0,"gold_gain":0,"player_choice":"Upgraded","damage_taken":0,"max_hp_gain":0,"max_hp_loss":0,"event_name":"Upgrade Shrine","floor":5,"gold_loss":0,"cards_upgraded":["Bromod:SteelFiber"]}],"is_beta":false,"boss_relics":[],"items_purged_floors":[],"is_endless":false,"potions_floor_spawned":[3],"killed_by":"Gremlin Nob","ascension_level":0}}