{"host":"qwttrqaysb380yri","time":1608495829,"event":{"mods":["BaseMod","Custom Start","Minty Spire (QoL Compilation)","Permanent Neow","Puzzle Mod","Relic Stats","StSLib","The Cursed","The Hierophant"],"gold_per_floor":[113,129,144,144,162,162,194,208,208,234,9,284,284,53,53,53,53],"floor_reached":16,"playtime":409,"items_purged":[],"score":187,"play_id":"9b293f4d-f54e-420a-995f-bde92469daec","local_time":"20201220212349","is_ascension_mode":true,"campfire_choices":[{"data":"Trip","floor":6,"key":"SMITH"},{"floor":13,"key":"REST"},{"data":"Hologram","floor":15,"key":"SMITH"}],"circlet_count":0,"master_deck":["AscendersBane","Strike_B","Strike_B","Strike_B","Strike_B","Defend_B","Defend_B","Defend_B","Defend_B","Zap","Dualcast","Trip+1","Steam","Streamline","Sweeping Beam","Sweeping Beam","Lockon","Go for the Eyes","Cold Snap","Core Surge","Loop","Regret","Hologram+1"],"relics":["Cracked Core","Nunchaku","The Courier","Blue Candle","Eternal Feather"],"acts_visited":["Exordium"],"potions_floor_usage":[7,10,16],"damage_taken":[{"damage":1,"enemies":"Cultist","floor":1,"turns":3},{"damage":7,"enemies":"Jaw Worm","floor":2,"turns":2},{"damage":2,"enemies":"2 Louse","floor":3,"turns":2},{"damage":5,"enemies":"Blue Slaver","floor":5,"turns":3},{"damage":25,"enemies":"Lagavulin","floor":7,"turns":5},{"damage":0,"enemies":"Exordium Wildlife","floor":8,"turns":3},{"damage":18,"enemies":"Gremlin Nob","floor":10,"turns":3},{"damage":56,"enemies":"Slime Boss","floor":16,"turns":8}],"seed_played":"6319968667270208618","potions_obtained":[{"floor":1,"key":"Energy Potion"},{"floor":2,"key":"SkillPotion"},{"floor":7,"key":"LiquidMemories"}],"is_trial":false,"path_per_floor":["M","M","M","?","M","R","E","M","T","E","$","?","R","$","R","B"],"character_chosen":"DEFECT","items_purchased":["Cold Snap","Core Surge","Loop","Hologram","Eternal Feather"],"campfire_rested":1,"item_purchase_floors":[11,11,11,14,14],"current_hp_per_floor":[63,56,54,71,66,66,41,41,41,23,23,23,44,44,56,0,0],"gold":53,"neow_bonus":"RANDOM_COLORLESS","is_daily":false,"chose_seed":false,"campfire_upgraded":2,"win_rate":0.0,"timestamp":1608495829,"path_taken":["M","M","M","?","M","R","E","?","T","E","$","?","R","?","R","BOSS"],"items_purchased_type":["Card","Card","Card","Card","Relic"],"build_version":"2020-12-13","purchased_purges":0,"victory":false,"max_hp_per_floor":[71,71,71,71,71,71,71,71,71,71,71,71,71,71,71,71,71],"relic_stats":{"Nunchaku":[3],"counters":[8,29],"Blue Candle":[1],"Eternal Feather":12,"obtain_stats":[{"Nunchaku":7,"Blue Candle":10,"Eternal Feather":14,"The Courier":9,"Cracked Core":0},{"Nunchaku":5,"Blue Candle":7,"Eternal Feather":7,"The Courier":6,"Cracked Core":0},{"Nunchaku":15,"Blue Candle":21,"Eternal Feather":21,"The Courier":18,"Cracked Core":0}]},"card_choices":[{"not_picked":["Swift Strike","Dramatic Entrance"],"picked":"Trip","floor":0},{"not_picked":["Recycle","Stack"],"picked":"Steam","floor":1},{"not_picked":["Self Repair","Steam"],"picked":"Streamline","floor":2},{"not_picked":["Conserve Battery","Hologram"],"picked":"Sweeping Beam","floor":3},{"not_picked":["Reinforced Body","Rebound"],"picked":"Sweeping Beam","floor":5},{"not_picked":["Chill","Amplify"],"picked":"Lockon","floor":7},{"not_picked":["Heatsinks","Tempest"],"picked":"Go for the Eyes","floor":8},{"not_picked":["Hyperbeam","Static Discharge","Redo"],"picked":"SKIP","floor":10}],"player_experience":1912386,"relics_obtained":[{"floor":7,"key":"Nunchaku"},{"floor":9,"key":"The Courier"},{"floor":10,"key":"Blue Candle"}],"event_choices":[{"damage_healed":17,"gold_gain":0,"player_choice":"Full Heal","damage_taken":0,"max_hp_gain":0,"max_hp_loss":0,"event_name":"Wheel of Change","floor":4,"gold_loss":0},{"damage_healed":0,"gold_gain":275,"player_choice":"Desecrate","damage_taken":0,"max_hp_gain":0,"max_hp_loss":0,"event_name":"Golden Shrine","floor":12,"gold_loss":0,"cards_obtained":["Regret"]}],"is_beta":false,"boss_relics":[],"items_purged_floors":[],"is_endless":false,"potions_floor_spawned":[1,2,7],"killed_by":"Slime Boss","ascension_level":14}}