{"host":"7t8rqoeeopyy0nh0","time":1608494071,"event":{"mods":["AchievementEnabler","BaseMod","Better Third Choice","BetterRewards","Colored Map","Colored Powertips","Downfall","Hubris","Infinite Spire","Minty Spire (QoL Compilation)","Replay The Spire","StSLib"],"gold_per_floor":[114,126,126,138,150,179,179,179,204,223,248,294,303,333,333,456,465,494,102,124,143,143,143,194,203,248,274,288,305,305,305,330,351,351,464,491,521,589,598,62,87,87,139,139,139,172,172,172,172,198,198,202],"floor_reached":53,"playtime":2363,"items_purged":["Parasite","Strike_G","Noxious Fumes"],"score":1516,"play_id":"f685632b-481f-4853-9fbc-ed2d9ac27985","local_time":"20201220145431","is_ascension_mode":true,"campfire_choices":[{"floor":7,"key":"REST"},{"floor":15,"key":"REST"},{"data":"Die Die Die","floor":23,"key":"SMITH"},{"floor":34,"key":"REST"},{"floor":42,"key":"REST"},{"floor":44,"key":"REST"},{"floor":47,"key":"RECALL"},{"data":"infinitespire:SevenWalls","floor":49,"key":"SMITH"}],"circlet_count":0,"master_deck":["AscendersBane","Strike_G","Strike_G","Strike_G","Defend_G","Defend_G","Defend_G","Survivor","Neutralize+1","Night Terror","Heel Hook+1","Bullet Time","Footwork+1","Quick Slash","Corpse Explosion","Slice","Hidden Blade","Slice","Flying Knee","Die Die Die+1","CurseOfTheBell","Endless Agony","Apotheosis+1","Dagger Spray","Backstab+1","infinitespire:SevenWalls+1","Cloak And Dagger","Dagger Spray","Atom Bomb","Wraith Form v2+1","Leg Sweep+1","hubris:Counter+1","Acrobatics+1","Backstab+1","Predator+1"],"relics":["Ring of the Snake","hubris:Metronome","Du-Vu Doll","infinitespire:Midas Blood","CeramicFish","infinitespire:ShieldingShard","Calling Bell","hubris:SlimyHat","Replay:WaspNest","hubris:AstralHammer","Orichalcum","Replay:Rubber Ducky","Sozu","hubris:TinFlute","Regal Pillow","StoneCalendar","Astrolabe","Replay:Accelerometer","infinitespire:EmpoweringShard","Unceasing Top","Iron Hammer","Darkstone Periapt","Anchor","FossilizedHelix"],"acts_visited":["Exordium","TheCity","TheBeyond"],"potions_floor_usage":[6,6,12,20,33,37],"damage_taken":[{"damage":0,"enemies":"Cultist","floor":1,"turns":3},{"damage":3,"enemies":"Jaw Worm","floor":2,"turns":5},{"damage":1,"enemies":"Small Slimes","floor":4,"turns":3},{"damage":2,"enemies":"3 Louse","floor":5,"turns":4},{"damage":2,"enemies":"3 Sentries","floor":6,"turns":7},{"damage":0,"enemies":"Gremlin Gang","floor":10,"turns":2},{"damage":7,"enemies":"Exordium Wildlife","floor":11,"turns":3},{"damage":26,"enemies":"Lagavulin","floor":12,"turns":6},{"damage":13,"enemies":"Blue Slaver","floor":14,"turns":3},{"damage":35,"enemies":"Fading Forest","floor":16,"turns":11},{"damage":8,"enemies":"Shell Parasite","floor":18,"turns":6},{"damage":1,"enemies":"3 Byrds","floor":20,"turns":3},{"damage":8,"enemies":"Snecko","floor":21,"turns":4},{"damage":26,"enemies":"Book of Stabbing","floor":24,"turns":5},{"damage":0,"enemies":"Gremlin Leader","floor":27,"turns":5},{"damage":5,"enemies":"Centurion and Healer","floor":28,"turns":3},{"damage":0,"enemies":"Sentry and Sphere","floor":29,"turns":5},{"damage":0,"enemies":"3 Cultists","floor":32,"turns":2},{"damage":6,"enemies":"Shelled Parasite and Fungi","floor":33,"turns":2},{"damage":8,"enemies":"hubris:MusketHawk","floor":35,"turns":7},{"damage":23,"enemies":"3 Shapes","floor":37,"turns":3},{"damage":5,"enemies":"3 Darklings","floor":41,"turns":2},{"damage":32,"enemies":"R_Hoarder","floor":43,"turns":7},{"damage":13,"enemies":"Giant Head","floor":46,"turns":8},{"damage":33,"enemies":"Spire Growth","floor":50,"turns":5},{"damage":16,"enemies":"Time Eater","floor":52,"turns":10}],"seed_played":"6905498694075151613","potions_obtained":[{"floor":1,"key":"Reflective Coating"},{"floor":2,"key":"champ:CounterPotion"},{"floor":6,"key":"Explosive Potion"},{"floor":16,"key":"AttackPotion"},{"floor":21,"key":"Poison Potion"},{"floor":24,"key":"FearPotion"}],"is_trial":false,"path_per_floor":["M","M","?","M","M","E","R","?","T","M","M","E","?","M","R","B",null,"M","$","M","M","?","R","E","AVR","T","E","M","M","PTL","PTL","M","M","R","B",null,"M","?","?","$","M","R","E","R","T","E","R","AVR","R","M","R_BF","B",null],"character_chosen":"THE_SILENT","items_purchased":["hubris:Metronome","Night Terror","Heel Hook+1","Apotheosis","Orichalcum","infinitespire:EmpoweringShard","Unceasing Top"],"campfire_rested":5,"item_purchase_floors":[0,0,0,19,19,40,40],"current_hp_per_floor":[34,31,31,30,28,26,47,47,47,47,40,14,31,18,39,24,59,51,51,50,42,42,42,16,16,16,16,11,11,11,11,11,5,40,32,58,35,35,35,35,30,65,33,67,67,54,54,54,54,21,21,5],"gold":202,"neow_bonus":"","is_daily":false,"chose_seed":false,"campfire_upgraded":2,"win_rate":0.0,"timestamp":1608494071,"path_taken":["M","M","?","M","?","E","R","?","T","M","M","E","?","M","R","BOSS","M","$","M","M","?","R","E","AVR","T","E","M","?","PTL","PTL","M","M","R","BOSS","M","?","?","$","M","R","E","R","T","E","R","AVR","R","M","R_BF","BOSS"],"items_purchased_type":["Relic","Card","Card","Card","Relic","Relic","Relic"],"build_version":"2020-12-13","purchased_purges":3,"victory":true,"max_hp_per_floor":[70,70,70,70,70,70,70,70,70,70,70,70,70,70,70,70,70,70,67,67,67,67,67,67,67,67,67,67,67,67,67,67,67,67,67,67,67,67,67,67,67,67,67,67,67,67,67,67,67,67,67,67],"card_choices":[{"not_picked":["Dodge and Roll","Draining Mist","hubris:SlightOfHand"],"picked":"SKIP","floor":1},{"not_picked":["ReplayTheSpireMod:The Works","hubris:SlightOfHand"],"picked":"Noxious Fumes","floor":2},{"not_picked":["Bane","ReplayTheSpireMod:The Works"],"picked":"Quick Slash","floor":4},{"not_picked":["Dodge and Roll","Underhanded Strike","Escape Plan"],"picked":"SKIP","floor":5},{"not_picked":["Dodge and Roll","Concentrate"],"picked":"Corpse Explosion","floor":6},{"not_picked":["Cloak And Dagger","Quick Slash"],"picked":"Slice","floor":10},{"not_picked":["Predator","Outmaneuver"],"picked":"Hidden Blade","floor":11},{"not_picked":["A Thousand Cuts","Riddle With Holes"],"picked":"Slice","floor":12},{"not_picked":["Prepared","Reflex"],"picked":"Flying Knee","floor":14},{"not_picked":["Burst","Tools of the Trade"],"picked":"Die Die Die","floor":16},{"not_picked":["Backflip","Accuracy"],"picked":"Endless Agony","floor":18},{"not_picked":["Sucker Punch","Deflect"],"picked":"Dagger Spray","floor":20},{"not_picked":["Malaise","Fluid Movement","Escape Plan"],"picked":"SKIP","floor":21},{"not_picked":["Deadly Poison","hubris:Sniper"],"picked":"Backstab+1","floor":24},{"not_picked":["Sucker Punch","hubris:Sniper+1","Deadly Poison"],"picked":"SKIP","floor":27},{"not_picked":["Outmaneuver","Accuracy","Escape Plan+1"],"picked":"SKIP","floor":28},{"not_picked":["Distraction","Backflip","Blur"],"picked":"SKIP","floor":29},{"not_picked":["Dodge and Roll+1","Bouncing Flask"],"picked":"Cloak And Dagger","floor":32},{"not_picked":["Replay:Poison Smokescreen","Backflip"],"picked":"Dagger Spray","floor":33},{"not_picked":["Replay:Bag of Tricks","Poison Darts"],"picked":"Atom Bomb","floor":35},{"not_picked":["Deadly Poison","hubris:SlightOfHand+1","Flying Knee"],"picked":"SKIP","floor":37},{"not_picked":["Underhanded Strike","Quick Slash+1"],"picked":"Acrobatics+1","floor":38},{"not_picked":["Underhanded Strike","Prepared+1"],"picked":"Predator+1","floor":41},{"not_picked":["Prepared","Setup","Expertise"],"picked":"SKIP","floor":43},{"not_picked":["Prepared+1","Leg Sweep","Hidden Blade+1"],"picked":"SKIP","floor":46},{"not_picked":["Cloak And Dagger","Noxious Fumes","Dagger Throw"],"picked":"SKIP","floor":50}],"player_experience":346085,"relics_obtained":[{"floor":6,"key":"infinitespire:Midas Blood"},{"floor":9,"key":"CeramicFish"},{"floor":12,"key":"infinitespire:ShieldingShard"},{"floor":17,"key":"hubris:SlimyHat"},{"floor":17,"key":"Replay:WaspNest"},{"floor":17,"key":"hubris:AstralHammer"},{"floor":24,"key":"Replay:Rubber Ducky"},{"floor":26,"key":"Regal Pillow"},{"floor":27,"key":"StoneCalendar"},{"floor":38,"key":"Replay:Accelerometer"},{"floor":43,"key":"Iron Hammer"},{"floor":45,"key":"Darkstone Periapt"},{"floor":46,"key":"Anchor"}],"event_choices":[{"damage_healed":0,"gold_gain":0,"player_choice":"2 cards matched","damage_taken":0,"max_hp_gain":0,"max_hp_loss":0,"event_name":"Match and Keep!","floor":3,"gold_loss":0,"cards_obtained":["Bullet Time","Footwork"]},{"damage_healed":17,"gold_gain":0,"player_choice":"Healed and dodged fight","damage_taken":0,"max_hp_gain":0,"max_hp_loss":0,"event_name":"Mushrooms","floor":13,"gold_loss":0,"cards_obtained":["Parasite"]},{"damage_healed":0,"gold_gain":0,"player_choice":"Forge","damage_taken":0,"max_hp_gain":0,"max_hp_loss":0,"event_name":"Accursed Blacksmith","floor":22,"gold_loss":0,"cards_upgraded":["Apotheosis"]},{"damage_healed":0,"gold_gain":0,"player_choice":"Copied","damage_taken":0,"max_hp_gain":0,"max_hp_loss":0,"event_name":"Duplicator","floor":39,"gold_loss":0,"cards_obtained":["Backstab"]},{"damage_healed":0,"gold_gain":0,"player_choice":"Upgraded","damage_taken":0,"max_hp_gain":0,"max_hp_loss":0,"event_name":"Upgrade Shrine","floor":51,"gold_loss":0,"cards_upgraded":["Footwork"]}],"is_beta":false,"boss_relics":[{"not_picked":["Pandora\u0027s Box","hubris:GrandSneckoEye"],"picked":"Calling Bell"},{"not_picked":["SacredBark","ReplayTheSpireMod:DimensionalGlitch"],"picked":"Astrolabe"}],"items_purged_floors":[19,25,48],"is_endless":false,"potions_floor_spawned":[1,2,6,16,21,24,28,29,32,37,46],"ascension_level":10}}