{"host":"baymyijz6sxaqj5s","time":1608447460,"event":{"mods":["AchievementEnabler","BaseMod","KOR Keyword Fix","Keyboard Shortcuts","Minty Spire (QoL Compilation)","StSLib"],"gold_per_floor":[113,113,113,78,92,92,112,123,148,205,205,222,296,313,313,313,313],"floor_reached":16,"playtime":416,"items_purged":[],"score":92,"play_id":"ef6f901e-b99c-4ad4-8949-a4c3cd8a6967","local_time":"20201220155740","is_ascension_mode":false,"campfire_choices":[{"data":"Barricade","floor":6,"key":"SMITH"},{"floor":15,"key":"REST"}],"circlet_count":0,"master_deck":["Strike_R","Strike_R","Strike_R","Strike_R","Strike_R","Defend_R","Defend_R","Defend_R","Defend_R","Bash","Barricade+1","Heavy Blade","Twin Strike","Sword Boomerang","Thunderclap","Headbutt","Bloodletting"],"relics":["Burning Blood","Bag of Marbles","Juzu Bracelet","Happy Flower","Bottled Flame"],"acts_visited":["Exordium"],"potions_floor_usage":[12,16],"damage_taken":[{"damage":3,"enemies":"Small Slimes","floor":1,"turns":3},{"damage":5,"enemies":"2 Louse","floor":5,"turns":3},{"damage":10,"enemies":"Jaw Worm","floor":7,"turns":4},{"damage":0,"enemies":"3 Louse","floor":8,"turns":6},{"damage":72,"enemies":"Gremlin Nob","floor":10,"turns":7},{"damage":12,"enemies":"Looter","floor":12,"turns":4},{"damage":4,"enemies":"2 Fungi Beasts","floor":14,"turns":3},{"damage":47,"enemies":"Slime Boss","floor":16,"turns":10}],"seed_played":"-8325677062223923420","potions_obtained":[{"floor":5,"key":"BloodPotion"},{"floor":7,"key":"BlessingOfTheForge"},{"floor":14,"key":"EssenceOfSteel"}],"is_trial":false,"path_per_floor":["M","?","?","?","M","R","M","M","T","?","T","M","?","M","R","B"],"character_chosen":"IRONCLAD","items_purchased":[],"campfire_rested":1,"item_purchase_floors":[],"current_hp_per_floor":[80,80,68,80,80,80,76,80,80,14,14,24,24,26,50,3,3],"gold":313,"neow_bonus":"ONE_RANDOM_RARE_CARD","is_daily":false,"chose_seed":false,"campfire_upgraded":1,"win_rate":0.0,"timestamp":1608447460,"path_taken":["M","?","?","?","M","R","M","M","T","?","?","M","?","M","R","BOSS"],"items_purchased_type":[],"build_version":"2020-12-13","purchased_purges":0,"victory":false,"max_hp_per_floor":[80,80,80,80,80,80,80,80,80,80,80,80,80,80,80,80,80],"card_choices":[{"not_picked":["Anger","Searing Blow"],"picked":"Heavy Blade","floor":1},{"not_picked":["Warcry","Anger"],"picked":"Twin Strike","floor":5},{"not_picked":["Uppercut","Reckless Charge","Carnage"],"picked":"SKIP","floor":7},{"not_picked":["Anger","Wild Strike"],"picked":"Sword Boomerang","floor":8},{"not_picked":["Havoc","Berserk"],"picked":"Thunderclap","floor":10},{"not_picked":["Clothesline","Clash"],"picked":"Headbutt","floor":12},{"not_picked":["Flex","Warcry"],"picked":"Bloodletting","floor":14}],"player_experience":143288,"relics_obtained":[{"floor":9,"key":"Juzu Bracelet"},{"floor":10,"key":"Happy Flower"},{"floor":11,"key":"Bottled Flame"}],"event_choices":[{"damage_healed":0,"gold_gain":0,"player_choice":"Ignored","damage_taken":0,"max_hp_gain":0,"max_hp_loss":0,"event_name":"Liars Game","floor":2,"gold_loss":0},{"damage_healed":0,"gold_gain":0,"player_choice":"Success","damage_taken":12,"relics_obtained":["Bag of Marbles"],"max_hp_gain":0,"max_hp_loss":0,"event_name":"Scrap Ooze","floor":3,"gold_loss":0},{"damage_healed":20,"gold_gain":0,"player_choice":"Healed","damage_taken":0,"max_hp_gain":0,"max_hp_loss":0,"event_name":"The Cleric","floor":4,"gold_loss":35},{"damage_healed":0,"gold_gain":0,"player_choice":"Searched \u00271\u0027 times","damage_taken":0,"max_hp_gain":0,"max_hp_loss":0,"event_name":"Dead Adventurer","floor":10,"gold_loss":0},{"damage_healed":0,"gold_gain":74,"player_choice":"Gained Gold","damage_taken":0,"max_hp_gain":0,"max_hp_loss":0,"event_name":"Golden Wing","floor":13,"gold_loss":0}],"is_beta":false,"boss_relics":[],"items_purged_floors":[],"is_endless":false,"potions_floor_spawned":[5,7,14],"killed_by":"Slime Boss","ascension_level":0}}