{"host":"baymyijz6sxaqj5s","time":1608445482,"event":{"mods":["AchievementEnabler","BaseMod","KOR Keyword Fix","Keyboard Shortcuts","Minty Spire (QoL Compilation)","StSLib"],"gold_per_floor":[110,126,126,138,157,157,167,167,191,191,208,208,222,172,172,274,274,274,274],"floor_reached":18,"playtime":769,"items_purged":[],"score":154,"play_id":"7cde5b7d-f958-4f50-bbdc-f7bd12a24a8f","local_time":"20201220152442","is_ascension_mode":false,"campfire_choices":[{"data":"Entrench","floor":6,"key":"SMITH"},{"data":"Armaments","floor":8,"key":"SMITH"},{"data":"Ghostly Armor","floor":10,"key":"SMITH"},{"data":"Shrug It Off","floor":15,"key":"SMITH"}],"circlet_count":0,"master_deck":["Strike_R","Strike_R","Strike_R","Strike_R","Defend_R","Defend_R","Defend_R","Defend_R","Bash+1","Ghostly Armor+1","Armaments+1","Entrench+1","Pommel Strike+1","Shrug It Off+1","Limit Break"],"relics":["Burning Blood","Whetstone"],"acts_visited":["TheCity"],"potions_floor_usage":[5,16,16,18],"damage_taken":[{"damage":4.0,"enemies":"Small Slimes","floor":1.0,"turns":5.0},{"damage":3.0,"enemies":"Cultist","floor":2.0,"turns":5.0},{"damage":1.0,"enemies":"2 Louse","floor":4.0,"turns":3.0},{"damage":2,"enemies":"Lots of Slimes","floor":5,"turns":12},{"damage":1,"enemies":"2 Fungi Beasts","floor":7,"turns":4},{"damage":1,"enemies":"Exordium Wildlife","floor":11,"turns":5},{"damage":2,"enemies":"3 Louse","floor":13,"turns":4},{"damage":68,"enemies":"The Guardian","floor":16,"turns":17},{"damage":58,"enemies":"3 Byrds","floor":18,"turns":13}],"seed_played":"9041642064303186149","potions_obtained":[{"floor":2.0,"key":"Swift Potion"},{"floor":4.0,"key":"FearPotion"},{"floor":11,"key":"SpeedPotion"},{"floor":16,"key":"EssenceOfSteel"}],"is_trial":false,"path_per_floor":["M","M","?","M","M","R","M","R","T","R","M","?","M","?","R","B",null,"M"],"character_chosen":"IRONCLAD","items_purchased":[],"campfire_rested":0,"item_purchase_floors":[],"current_hp_per_floor":[88,88,88,88,88,88,88,88,88,88,88,93,93,93,93,31,93,35,35],"gold":274,"neow_bonus":"TEN_PERCENT_HP_BONUS","is_daily":false,"chose_seed":false,"campfire_upgraded":4,"win_rate":0.0,"timestamp":1608445482,"path_taken":["M","M","?","M","M","R","?","R","T","R","M","?","M","?","R","BOSS","M"],"items_purchased_type":[],"build_version":"2020-12-13","purchased_purges":0,"victory":false,"max_hp_per_floor":[88,88,88,88,88,88,88,88,88,88,88,93,93,93,93,93,93,93,93],"card_choices":[{"not_picked":["Thunderclap","Dark Embrace"],"picked":"Ghostly Armor","floor":1.0},{"not_picked":["Reckless Charge","Dark Embrace","Searing Blow"],"picked":"SKIP","floor":2.0},{"not_picked":["Feel No Pain","Wild Strike"],"picked":"Armaments","floor":4.0},{"not_picked":["Iron Wave","Shockwave"],"picked":"Entrench","floor":5},{"not_picked":["Rage","Feel No Pain"],"picked":"Pommel Strike","floor":7},{"not_picked":["Armaments","Perfected Strike","Rage"],"picked":"SKIP","floor":11},{"not_picked":["Warcry","Seeing Red"],"picked":"Shrug It Off","floor":13},{"not_picked":["Fiend Fire","Exhume"],"picked":"Limit Break","floor":16}],"player_experience":140983,"relics_obtained":[{"floor":9,"key":"Whetstone"}],"event_choices":[{"damage_healed":0.0,"max_hp_gain":0.0,"max_hp_loss":0.0,"gold_gain":0.0,"event_name":"NoteForYourself","player_choice":"Ignored","floor":3.0,"gold_loss":0.0,"damage_taken":0.0},{"damage_healed":0,"gold_gain":0,"player_choice":"Donut","damage_taken":0,"max_hp_gain":5,"max_hp_loss":0,"event_name":"Big Fish","floor":12,"gold_loss":0},{"cards_removed":["Strike_R"],"damage_healed":0,"gold_gain":0,"player_choice":"Card Removal","damage_taken":0,"max_hp_gain":0,"max_hp_loss":0,"event_name":"The Cleric","floor":14,"gold_loss":50}],"is_beta":false,"boss_relics":[{"not_picked":["Velvet Choker","Mark of Pain","Ectoplasm"]}],"items_purged_floors":[],"is_endless":false,"potions_floor_spawned":[2,4,11,16],"killed_by":"3 Byrds","ascension_level":0}}