{"host":"fq1bpa5mgr3rtgnr","time":1608452071,"event":{"mods":["AchievementEnabler","BaseMod","Colored Map","Colored Powertips","Highlight Path","Minty Spire (QoL Compilation)","Relic Stats","StSLib"],"gold_per_floor":[115,130,15,15,30,30,60,80,80,113,113,146,146,170,170,272,272,290,302,302,321,338,368,368,403,456,489,507,541,541,568,568,665,665,678,694,694,710,710,738,755,790,815,865,506,506,534,553,553,553,553,553,67,98,98],"floor_reached":56,"playtime":3461,"items_purged":["Strike_R","Madness","Madness"],"score":1971,"play_id":"5c6bb608-2e39-4081-98d1-1c3d190a9a0b","local_time":"20201220031431","is_ascension_mode":true,"campfire_choices":[{"data":"Whirlwind","floor":6.0,"key":"SMITH"},{"data":"Bash","floor":13.0,"key":"SMITH"},{"data":"Shrug It Off","floor":15.0,"key":"SMITH"},{"data":"Demon Form","floor":24.0,"key":"SMITH"},{"data":"Limit Break","floor":32.0,"key":"SMITH"},{"data":"Uppercut","floor":46.0,"key":"SMITH"},{"floor":49.0,"key":"RECALL"},{"data":"Flame Barrier","floor":52.0,"key":"SMITH"}],"circlet_count":0,"master_deck":["Defend_R","Defend_R","Defend_R+1","Defend_R","Bash+1","Shrug It Off+1","Burning Pact","Entrench","Whirlwind+1","Disarm","Sentinel+1","Brutality","Demon Form+1","Carnage","Uppercut+1","Bite","Bite","Bite","Bite","Bite","Clothesline","Blood for Blood","Limit Break+1","Flame Barrier+1","Impervious","Heavy Blade+1","Armaments+1","Shockwave","Immolate","Hemokinesis+1","Whirlwind","Burning Pact","Disarm","Carnage","Entrench+1"],"relics":["Snecko Eye","TungstenRod","Thread and Needle","Unceasing Top","Shuriken","Ancient Tea Set","SlaversCollar","Bottled Lightning","Strawberry","Pen Nib","Centennial Puzzle","InkBottle","Smiling Mask","Mark of Pain","Gambling Chip","Anchor","Bird Faced Urn","Membership Card","Bronze Scales","Dream Catcher","Lantern","Ginger","Self Forming Clay","Ice Cream"],"acts_visited":["Exordium","TheCity","TheBeyond","TheEnding"],"potions_floor_usage":[55,55],"damage_taken":[{"damage":0.0,"enemies":"Cultist","floor":1.0,"turns":2.0},{"damage":0.0,"enemies":"Small Slimes","floor":2.0,"turns":5.0},{"damage":2.0,"enemies":"Jaw Worm","floor":5.0,"turns":4.0},{"damage":7.0,"enemies":"3 Sentries","floor":7.0,"turns":3.0},{"damage":11.0,"enemies":"Exordium Wildlife","floor":8.0,"turns":2.0},{"damage":3.0,"enemies":"Lagavulin","floor":10.0,"turns":3.0},{"damage":0.0,"enemies":"3 Sentries","floor":12.0,"turns":3.0},{"damage":0.0,"enemies":"Hexaghost","floor":16.0,"turns":8.0},{"damage":14.0,"enemies":"2 Thieves","floor":18.0,"turns":3.0},{"damage":20.0,"enemies":"Spheric Guardian","floor":19.0,"turns":4.0},{"damage":0.0,"enemies":"Cultist and Chosen","floor":21.0,"turns":4.0},{"damage":4.0,"enemies":"Centurion and Healer","floor":22.0,"turns":5.0},{"damage":5.0,"enemies":"Gremlin Leader","floor":23.0,"turns":4.0},{"damage":0.0,"enemies":"Slavers","floor":25.0,"turns":1.0},{"damage":1.0,"enemies":"Book of Stabbing","floor":27.0,"turns":5.0},{"damage":8.0,"enemies":"Snake Plant","floor":28.0,"turns":3.0},{"damage":2.0,"enemies":"Slavers","floor":29.0,"turns":2.0},{"damage":25.0,"enemies":"Automaton","floor":33.0,"turns":7.0},{"damage":10.0,"enemies":"3 Darklings","floor":35.0,"turns":7.0},{"damage":6.0,"enemies":"Orb Walker","floor":36.0,"turns":2.0},{"damage":15.0,"enemies":"Sphere and 2 Shapes","floor":38.0,"turns":4.0},{"damage":11.0,"enemies":"Nemesis","floor":40.0,"turns":5.0},{"damage":0.0,"enemies":"Spire Growth","floor":41.0,"turns":4.0},{"damage":7.0,"enemies":"Reptomancer","floor":42.0,"turns":5.0},{"damage":0.0,"enemies":"Mind Bloom Boss Battle","floor":44.0,"turns":5.0},{"damage":1.0,"enemies":"Giant Head","floor":47.0,"turns":6.0},{"damage":13.0,"enemies":"4 Shapes","floor":48.0,"turns":4.0},{"damage":36.0,"enemies":"Donu and Deca","floor":50.0,"turns":5.0},{"damage":21.0,"enemies":"Shield and Spear","floor":54.0,"turns":4.0},{"damage":34,"enemies":"The Heart","floor":55,"turns":7}],"seed_played":"2224320515538831505","potions_obtained":[{"floor":1.0,"key":"Energy Potion"},{"floor":5.0,"key":"Explosive Potion"},{"floor":7.0,"key":"Block Potion"},{"floor":8.0,"key":"BlessingOfTheForge"},{"floor":16.0,"key":"PowerPotion"},{"floor":18.0,"key":"FearPotion"},{"floor":21.0,"key":"Weak Potion"},{"floor":23.0,"key":"SteroidPotion"},{"floor":27.0,"key":"Fire Potion"},{"floor":33.0,"key":"LiquidBronze"},{"floor":38.0,"key":"BlessingOfTheForge"},{"floor":40.0,"key":"DistilledChaos"},{"floor":42.0,"key":"Fruit Juice"},{"floor":47.0,"key":"Regen Potion"}],"is_trial":false,"path_per_floor":["M","M","$","?","M","R","E","M","T","E","?","E","R","T","R","B",null,"M","M","?","M","M","E","R","E","T","E","M","E","?","T","R","B",null,"M","M","?","M","?","E","M","E","T","?","$","R","E","M","R","B",null,"R","$","E","B",null],"character_chosen":"IRONCLAD","items_purchased":["Entrench","Membership Card","Bronze Scales","Dream Catcher","Ginger","Self Forming Clay","Disarm","Carnage","LiquidMemories","SteroidPotion","AttackPotion"],"campfire_rested":0,"item_purchase_floors":[3,45,45,45,53,53,53,53,53,53,53],"current_hp_per_floor":[72,72,72,64,62,62,55,44,44,41,26,26,26,26,26,26,67,53,33,33,39,47,54,54,61,61,63,62,63,63,63,63,44,58,58,52,45,36,36,34,42,42,42,47,47,47,63,54,54,42,62,62,62,49,19],"gold":98,"neow_bonus":"BOSS_RELIC","is_daily":false,"chose_seed":false,"campfire_upgraded":7,"win_rate":0.0,"timestamp":1608452071,"path_taken":["M","M","$","?","M","R","E","?","T","E","?","E","R","?","R","BOSS","M","M","?","M","M","E","R","E","T","E","M","E","?","?","R","BOSS","M","?","?","M","?","E","M","E","T","?","$","R","E","M","R","BOSS","R","$","E","BOSS"],"items_purchased_type":["Card","Relic","Relic","Relic","Relic","Relic","Card","Card","Potion","Potion","Potion"],"build_version":"2020-12-13","purchased_purges":3,"victory":true,"max_hp_per_floor":[80,80,80,80,80,80,80,80,80,80,80,80,80,80,80,80,80,80,80,56,56,56,56,56,63,63,63,63,63,63,63,63,63,63,63,63,63,63,63,63,63,63,63,63,63,63,63,63,63,68,68,68,68,68,68],"relic_stats":{"counters":[30,126],"Self Forming Clay":[48],"Pen Nib":[15],"Ginger":[2],"Smiling Mask":13,"Centennial Puzzle":[39],"Dream Catcher":0,"Shuriken":[37],"Gambling Chip":[33],"Bird Faced Urn":[16],"Bronze Scales":[135],"Snecko Eye":[266,259,243,219],"obtain_stats":[{"Ice Cream":54,"Lantern":47,"Ginger":53,"Ancient Tea Set":14,"Smiling Mask":31,"Burning Blood":0,"Centennial Puzzle":27,"Dream Catcher":45,"Strawberry":25,"Gambling Chip":40,"InkBottle":29,"Self Forming Clay":53,"Thread and Needle":9,"Pen Nib":26,"SlaversCollar":17,"Anchor":42,"Shuriken":12,"Bird Faced Urn":44,"Bronze Scales":45,"Snecko Eye":0,"Mark of Pain":34,"Bottled Lightning":23,"Membership Card":45,"TungstenRod":7,"Unceasing Top":10},{"Ice Cream":29,"Lantern":26,"Ginger":28,"Ancient Tea Set":7,"Smiling Mask":17,"Burning Blood":0,"Centennial Puzzle":15,"Dream Catcher":25,"Strawberry":14,"Gambling Chip":22,"InkBottle":17,"Self Forming Clay":28,"Thread and Needle":5,"Pen Nib":14,"SlaversCollar":8,"Anchor":24,"Shuriken":7,"Bird Faced Urn":25,"Bronze Scales":25,"Snecko Eye":0,"Mark of Pain":18,"Bottled Lightning":13,"Membership Card":25,"TungstenRod":4,"Unceasing Top":6},{"Ice Cream":119,"Lantern":106,"Ginger":115,"Ancient Tea Set":22,"Smiling Mask":61,"Burning Blood":0,"Centennial Puzzle":56,"Dream Catcher":100,"Strawberry":51,"Gambling Chip":86,"InkBottle":61,"Self Forming Clay":115,"Thread and Needle":16,"Pen Nib":51,"SlaversCollar":30,"Anchor":95,"Shuriken":22,"Bird Faced Urn":100,"Bronze Scales":100,"Snecko Eye":0,"Mark of Pain":68,"Bottled Lightning":50,"Membership Card":100,"TungstenRod":14,"Unceasing Top":19}],"TungstenRod":110,"Unceasing Top":[3],"InkBottle":[27]},"card_choices":[{"not_picked":["Dual Wield","Anger"],"picked":"Shrug It Off","floor":1.0},{"not_picked":["Heavy Blade","Iron Wave"],"picked":"Burning Pact","floor":2.0},{"not_picked":["Sever Soul","Clash"],"picked":"Whirlwind","floor":5.0},{"not_picked":["Thunderclap","Rage","Armaments"],"picked":"SKIP","floor":7.0},{"not_picked":["Thunderclap","Rage","Armaments"],"picked":"SKIP","floor":7.0},{"not_picked":["Heavy Blade","Pommel Strike"],"picked":"Disarm","floor":8.0},{"not_picked":["Power Through","Sword Boomerang"],"picked":"Sentinel","floor":10.0},{"not_picked":["Sword Boomerang","Dual Wield"],"picked":"Brutality","floor":12.0},{"not_picked":["Brutality","Bludgeon"],"picked":"Demon Form","floor":16.0},{"not_picked":["Shrug It Off","Clash"],"picked":"Carnage","floor":18.0},{"not_picked":["Headbutt","Cleave"],"picked":"Uppercut","floor":19.0},{"not_picked":["Flex+1","Havoc","Thunderclap"],"picked":"SKIP","floor":21.0},{"not_picked":["Dark Embrace+1","Perfected Strike","Warcry"],"picked":"SKIP","floor":22.0},{"not_picked":["Dark Embrace+1","Perfected Strike","Warcry"],"picked":"SKIP","floor":22.0},{"not_picked":["Pommel Strike","Thunderclap"],"picked":"Clothesline","floor":23.0},{"not_picked":["Second Wind","Pummel","Body Slam"],"picked":"SKIP","floor":25.0},{"not_picked":["Reckless Charge","Thunderclap+1","Seeing Red+1"],"picked":"SKIP","floor":27.0},{"not_picked":["Sentinel","Sword Boomerang"],"picked":"Blood for Blood","floor":28.0},{"not_picked":["Warcry+1","Clash"],"picked":"Limit Break","floor":29.0},{"not_picked":["Berserk","Juggernaut"],"picked":"Impervious","floor":33.0},{"not_picked":["Thunderclap+1","Inflame","Feel No Pain"],"picked":"SKIP","floor":35.0},{"not_picked":["Cleave","Searing Blow+1"],"picked":"Heavy Blade+1","floor":36.0},{"not_picked":["Twin Strike+1","Iron Wave"],"picked":"Armaments+1","floor":38.0},{"not_picked":["Searing Blow+1","Clash"],"picked":"Shockwave","floor":40.0},{"not_picked":["Perfected Strike","Flex+1","Havoc+1"],"picked":"SKIP","floor":41.0},{"not_picked":["Spot Weakness+1","Cleave+1"],"picked":"Immolate","floor":42.0},{"not_picked":["Bloodletting","Metallicize+1"],"picked":"Hemokinesis+1","floor":44.0},{"not_picked":["Battle Trance","Combust+1"],"picked":"Whirlwind","floor":47.0},{"not_picked":["Anger","Intimidate+1"],"picked":"Burning Pact","floor":48.0},{"not_picked":["Havoc","Thunderclap+1"],"picked":"Entrench+1","floor":54.0}],"player_experience":373804,"relics_obtained":[{"floor":7.0,"key":"TungstenRod"},{"floor":9.0,"key":"Thread and Needle"},{"floor":10.0,"key":"Unceasing Top"},{"floor":12.0,"key":"Shuriken"},{"floor":14.0,"key":"Ancient Tea Set"},{"floor":23.0,"key":"Bottled Lightning"},{"floor":25.0,"key":"Strawberry"},{"floor":26.0,"key":"Pen Nib"},{"floor":27.0,"key":"Centennial Puzzle"},{"floor":29.0,"key":"InkBottle"},{"floor":31.0,"key":"Smiling Mask"},{"floor":40.0,"key":"Gambling Chip"},{"floor":42.0,"key":"Anchor"},{"floor":44.0,"key":"Bird Faced Urn"},{"floor":47.0,"key":"Lantern"},{"floor":54.0,"key":"Ice Cream"}],"event_choices":[{"damage_healed":0.0,"max_hp_gain":0.0,"max_hp_loss":0.0,"gold_gain":0.0,"event_name":"Wheel of Change","player_choice":"Damaged","floor":4.0,"gold_loss":0.0,"damage_taken":8.0},{"damage_healed":0.0,"max_hp_gain":0.0,"max_hp_loss":0.0,"gold_gain":0.0,"event_name":"Shining Light","player_choice":"Entered Light","floor":11.0,"gold_loss":0.0,"damage_taken":16.0,"cards_upgraded":["Sentinel","Defend_R"]},{"damage_healed":0.0,"max_hp_gain":0.0,"max_hp_loss":24.0,"gold_gain":0.0,"event_name":"Vampires","player_choice":"Became a vampire","floor":20.0,"gold_loss":0.0,"damage_taken":0.0,"cards_obtained":["Bite","Bite","Bite","Bite","Bite"]},{"damage_healed":0.0,"max_hp_gain":0.0,"max_hp_loss":0.0,"gold_gain":0.0,"event_name":"The Library","player_choice":"Read","floor":30.0,"gold_loss":0.0,"damage_taken":0.0,"cards_obtained":["Flame Barrier"]},{"damage_healed":0.0,"max_hp_gain":0.0,"max_hp_loss":0.0,"gold_gain":0.0,"event_name":"Winding Halls","player_choice":"Embrace Madness","floor":37.0,"gold_loss":0.0,"damage_taken":8.0,"cards_obtained":["Madness","Madness"]},{"damage_healed":0.0,"max_hp_gain":0.0,"max_hp_loss":0.0,"gold_gain":0.0,"event_name":"Tomb of Lord Red Mask","player_choice":"Ignored","floor":39.0,"gold_loss":0.0,"damage_taken":0.0},{"damage_healed":0.0,"max_hp_gain":0.0,"max_hp_loss":0.0,"gold_gain":0.0,"event_name":"MindBloom","player_choice":"Fight","floor":44.0,"gold_loss":0.0,"damage_taken":0.0}],"is_beta":false,"boss_relics":[{"not_picked":["Ectoplasm","Runic Pyramid"],"picked":"SlaversCollar"},{"not_picked":["Runic Dome","SacredBark"],"picked":"Mark of Pain"}],"items_purged_floors":[3,45,53],"is_endless":false,"potions_floor_spawned":[1,5,7,8,16,18,21,23,27,33,38,40,42,47],"ascension_level":8}}