{"host":"13o02hya6v6rzuva","time":1608468182,"event":{"mods":["BaseMod","Minty Spire (QoL Compilation)","Relic Stats"],"gold_per_floor":[110,129,148,73,83,83,114,114,194,209,209,236,19,19,19,116,116,132,17,52,52,52,52,69,69,95,95,120,120,120],"floor_reached":29,"playtime":793,"items_purged":["Normality"],"score":411,"play_id":"4696d80d-981f-4aea-82af-d22cea6243a6","local_time":"20201220134302","is_ascension_mode":true,"campfire_choices":[{"data":"Bash","floor":6,"key":"SMITH"},{"data":"Infernal Blade","floor":8,"key":"SMITH"},{"data":"Disarm","floor":11,"key":"SMITH"},{"floor":15,"key":"REST"},{"data":"Combust","floor":23,"key":"SMITH"},{"floor":25,"key":"REST"},{"data":"Perfected Strike","floor":27,"key":"SMITH"}],"circlet_count":0,"master_deck":["Strike_R","Strike_R","Strike_R","Strike_R","Strike_R","Defend_R","Defend_R","Defend_R","Defend_R","Bash+1","Hemokinesis","Shrug It Off","Infernal Blade+1","Twin Strike","Pummel","Disarm+1","Whirlwind","Perfected Strike+1","Impervious","Combust+1","Sword Boomerang","Clothesline+1","Shrug It Off","Reaper"],"relics":["Black Blood","Mango","Shuriken","PreservedInsect","Red Mask","Nloth\u0027s Gift","Oddly Smooth Stone","CaptainsWheel"],"acts_visited":["Exordium","TheCity"],"potions_floor_usage":[10,12,12,12,20,20,20,24,29],"damage_taken":[{"damage":6,"enemies":"Cultist","floor":1,"turns":3},{"damage":8,"enemies":"2 Louse","floor":2,"turns":4},{"damage":8,"enemies":"Small Slimes","floor":3,"turns":4},{"damage":16,"enemies":"Exordium Thugs","floor":5,"turns":5},{"damage":18,"enemies":"Gremlin Nob","floor":7,"turns":3},{"damage":23,"enemies":"Gremlin Gang","floor":10,"turns":6},{"damage":17,"enemies":"3 Sentries","floor":12,"turns":6},{"damage":48,"enemies":"Hexaghost","floor":16,"turns":8},{"damage":11,"enemies":"Spheric Guardian","floor":18,"turns":3},{"damage":56,"enemies":"Masked Bandits","floor":20,"turns":5},{"damage":26,"enemies":"Shell Parasite","floor":24,"turns":3},{"damage":65,"enemies":"Slavers","floor":28,"turns":4},{"damage":19,"enemies":"Cultist and Chosen","floor":29,"turns":4}],"seed_played":"8998418895021303924","potions_obtained":[{"floor":1,"key":"Swift Potion"},{"floor":2,"key":"EntropicBrew"},{"floor":5,"key":"LiquidBronze"},{"floor":7,"key":"Weak Potion"},{"floor":16,"key":"Regen Potion"},{"floor":18,"key":"Fruit Juice"},{"floor":20,"key":"Weak Potion"},{"floor":28,"key":"BlessingOfTheForge"}],"is_trial":false,"path_per_floor":["M","M","M","$","M","R","E","R","T","M","R","E","$","?","R","B",null,"M","$","?","$","?","R","M","R","T","R","E","M"],"character_chosen":"IRONCLAD","items_purchased":["Akabeko","Whirlwind","Combust","Sword Boomerang"],"campfire_rested":2,"item_purchase_floors":[13,13,19,19],"current_hp_per_floor":[88,86,84,84,74,74,76,76,76,59,59,48,48,48,81,39,92,93,93,66,66,66,66,52,86,86,86,33,20,20],"gold":120,"neow_bonus":"TWENTY_PERCENT_HP_BONUS","is_daily":false,"chose_seed":false,"campfire_upgraded":5,"win_rate":0.0,"timestamp":1608468182,"path_taken":["M","M","M","$","M","R","E","R","T","?","R","E","$","?","R","BOSS","M","$","?","$","?","R","M","R","T","R","E","M"],"items_purchased_type":["Relic","Card","Card","Card"],"build_version":"2020-12-13","purchased_purges":1,"victory":false,"max_hp_per_floor":[96,96,96,96,96,96,110,110,110,110,110,110,110,110,110,110,110,110,110,115,115,115,115,115,115,115,115,115,115,115],"relic_stats":{"counters":[13,58],"Shuriken":[13],"Black Blood":96,"PreservedInsect":51,"Nloth\u0027s Gift":1,"obtain_stats":[{"CaptainsWheel":28,"Shuriken":9,"Black Blood":17,"Oddly Smooth Stone":26,"Mango":7,"PreservedInsect":12,"Red Mask":20,"Nloth\u0027s Gift":22,"Burning Blood":0,"Akabeko":13},{"CaptainsWheel":12,"Shuriken":5,"Black Blood":8,"Oddly Smooth Stone":11,"Mango":5,"PreservedInsect":7,"Red Mask":10,"Nloth\u0027s Gift":10,"Burning Blood":0,"Akabeko":7},{"CaptainsWheel":54,"Shuriken":19,"Black Blood":39,"Oddly Smooth Stone":50,"Mango":19,"PreservedInsect":31,"Red Mask":47,"Nloth\u0027s Gift":47,"Burning Blood":0,"Akabeko":31}]},"card_choices":[{"not_picked":["Sentinel","Flex"],"picked":"Hemokinesis","floor":1},{"not_picked":["Rage","Thunderclap"],"picked":"Shrug It Off","floor":2},{"not_picked":["Havoc","True Grit"],"picked":"Infernal Blade","floor":3},{"not_picked":["Headbutt","Wild Strike"],"picked":"Twin Strike","floor":5},{"not_picked":["Bloodletting","Offering"],"picked":"Pummel","floor":7},{"not_picked":["True Grit","Combust"],"picked":"Disarm","floor":10},{"not_picked":["Anger","Dual Wield","Iron Wave"],"picked":"SKIP","floor":12},{"not_picked":["Double Tap","Corruption"],"picked":"Impervious","floor":16},{"not_picked":["True Grit","Headbutt","Dropkick"],"picked":"SKIP","floor":18},{"not_picked":["Shrug It Off","Iron Wave"],"picked":"Clothesline+1","floor":20},{"not_picked":["Bloodletting","Twin Strike"],"picked":"Shrug It Off","floor":24},{"not_picked":["Dark Embrace","Spot Weakness"],"picked":"Reaper","floor":28}],"player_experience":1056144,"relics_obtained":[{"floor":7,"key":"Mango"},{"floor":9,"key":"Shuriken"},{"floor":12,"key":"PreservedInsect"},{"floor":20,"key":"Red Mask"},{"floor":26,"key":"Oddly Smooth Stone"},{"floor":28,"key":"CaptainsWheel"}],"event_choices":[{"damage_healed":0,"gold_gain":0,"player_choice":"1 cards matched","damage_taken":0,"max_hp_gain":0,"max_hp_loss":0,"event_name":"Match and Keep!","floor":14,"gold_loss":0,"cards_obtained":["Perfected Strike"]},{"damage_healed":0,"gold_gain":0,"player_choice":"Fought Bandits","damage_taken":0,"max_hp_gain":0,"max_hp_loss":0,"event_name":"Masked Bandits","floor":20,"gold_loss":0},{"damage_healed":0,"gold_gain":0,"player_choice":"Traded Relic","damage_taken":0,"relics_obtained":["Nloth\u0027s Gift"],"max_hp_gain":0,"max_hp_loss":0,"event_name":"N\u0027loth","floor":22,"relics_lost":["Akabeko"],"gold_loss":0}],"is_beta":false,"boss_relics":[{"not_picked":["Pandora\u0027s Box","Empty Cage"],"picked":"Black Blood"}],"items_purged_floors":[4],"is_endless":false,"potions_floor_spawned":[1,2,5,7,16,18,20,28],"killed_by":"Cultist and Chosen","ascension_level":9}}