{"host":"agbyy69nq62afhwx","time":1608429674,"event":{"mods":["BaseMod","Colored Map","Highlight Path","Keyboard Shortcuts","Minty Spire (QoL Compilation)","Quick Restart","StSLib","SuperFastMode","everything is the same but u backflip on backflip"],"gold_per_floor":[119,130,144,156,156,183,183,215,283,283,293,304,304,304,304,407,407,423,440,294,294,311,311,311,336,362,362,362,375,395,411,411,506,506,526,536,536,552,570,570,602,616,616,645,645,745,344,10,10,10],"floor_reached":51,"playtime":2342,"items_purged":["Strike_G","Strike_G"],"score":877,"play_id":"c3391bb9-0dd6-4865-90f7-8464b14c4616","local_time":"20201220110114","is_ascension_mode":true,"campfire_choices":[{"data":"Eviscerate","floor":7.0,"key":"SMITH"},{"floor":10.0,"key":"REST"},{"data":"After Image","floor":13.0,"key":"SMITH"},{"data":"Acrobatics","floor":15.0,"key":"SMITH"},{"floor":23.0,"key":"REST"},{"data":"RitualDagger","floor":27.0,"key":"SMITH"},{"floor":28.0,"key":"REST"},{"data":"Phantasmal Killer","floor":32.0,"key":"SMITH"},{"floor":40.0,"key":"REST"},{"floor":45.0,"key":"REST"},{"data":"Footwork","floor":49.0,"key":"SMITH"}],"circlet_count":0,"master_deck":["Strike_G","Strike_G","Defend_G","Defend_G","Defend_G","Defend_G","Defend_G","Survivor","Neutralize","Backflip","Footwork","Eviscerate+1","Dagger Throw","Underhanded Strike","Acrobatics+1","After Image+1","Phantasmal Killer+1","Eviscerate+1","Noxious Fumes+1","Escape Plan","RitualDagger+1","Dagger Spray+1","Reflex","Burst","Finesse","Master of Strategy","Finesse","Footwork+1","Tactician+1","Footwork+1","Acrobatics"],"relics":["Ring of the Snake","NeowsBlessing","Ancient Tea Set","WingedGreaves","Matryoshka","SacredBark","MealTicket","Mercury Hourglass","Ninja Scroll","Orichalcum","Happy Flower","HoveringKite","Boot","Mummified Hand","Thread and Needle","Ice Cream"],"acts_visited":["Exordium","TheCity","TheBeyond"],"potions_floor_usage":[],"damage_taken":[{"damage":0.0,"enemies":"2 Louse","floor":1.0,"turns":1.0},{"damage":0.0,"enemies":"Small Slimes","floor":2.0,"turns":1.0},{"damage":0.0,"enemies":"Cultist","floor":3.0,"turns":1.0},{"damage":21.0,"enemies":"Exordium Thugs","floor":4.0,"turns":10.0},{"damage":24.0,"enemies":"3 Sentries","floor":6.0,"turns":13.0},{"damage":15.0,"enemies":"Lagavulin","floor":8.0,"turns":7.0},{"damage":0.0,"enemies":"3 Louse","floor":11.0,"turns":2.0},{"damage":1.0,"enemies":"2 Fungi Beasts","floor":12.0,"turns":3.0},{"damage":34.0,"enemies":"Hexaghost","floor":16.0,"turns":16.0},{"damage":6.0,"enemies":"Spheric Guardian","floor":18.0,"turns":3.0},{"damage":0.0,"enemies":"3 Byrds","floor":19.0,"turns":2.0},{"damage":34.0,"enemies":"Snake Plant","floor":22.0,"turns":7.0},{"damage":12.0,"enemies":"Gremlin Leader","floor":25.0,"turns":8.0},{"damage":15.0,"enemies":"Shelled Parasite and Fungi","floor":29.0,"turns":7.0},{"damage":2.0,"enemies":"Chosen and Byrds","floor":30.0,"turns":2.0},{"damage":0.0,"enemies":"3 Cultists","floor":31.0,"turns":3.0},{"damage":9.0,"enemies":"Champ","floor":33.0,"turns":9.0},{"damage":10.0,"enemies":"3 Darklings","floor":35.0,"turns":4.0},{"damage":0.0,"enemies":"3 Shapes","floor":36.0,"turns":2.0},{"damage":5.0,"enemies":"Spire Growth","floor":38.0,"turns":4.0},{"damage":11.0,"enemies":"Sphere and 2 Shapes","floor":39.0,"turns":8.0},{"damage":15.0,"enemies":"Giant Head","floor":41.0,"turns":7.0},{"damage":3.0,"enemies":"Writhing Mass","floor":42.0,"turns":6.0},{"damage":19.0,"enemies":"Reptomancer","floor":44.0,"turns":8.0},{"damage":16,"enemies":"Time Eater","floor":50,"turns":10}],"seed_played":"-6806092933667815647","potions_obtained":[{"floor":1.0,"key":"DuplicationPotion"},{"floor":2.0,"key":"Swift Potion"},{"floor":8.0,"key":"Explosive Potion"},{"floor":16.0,"key":"Swift Potion"},{"floor":19.0,"key":"FairyPotion"},{"floor":30.0,"key":"Energy Potion"},{"floor":35.0,"key":"GamblersBrew"},{"floor":38.0,"key":"ColorlessPotion"},{"floor":39.0,"key":"DistilledChaos"}],"is_trial":false,"path_per_floor":["M","M","M","M","?","E","R","E","T","R","M","M","R","?","R","B",null,"M","M","$","?","M","R","T","E","T","R","R","M","M","M","R","B",null,"M","M","?","M","M","R","E","M","T","E","R","?","$","$","R","B",null],"character_chosen":"THE_SILENT","items_purchased":["Escape Plan","Thread and Needle","Ice Cream","Acrobatics"],"campfire_rested":5,"item_purchase_floors":[20,47,48,48],"current_hp_per_floor":[70,70,70,49,54,30,30,15,15,37,37,36,36,36,36,2,75,69,69,69,63,29,51,51,39,39,39,61,46,44,44,44,35,75,65,65,55,50,39,61,46,43,43,24,46,46,61,75,75,59],"gold":10,"neow_bonus":"THREE_ENEMY_KILL","is_daily":false,"chose_seed":false,"campfire_upgraded":6,"win_rate":0.0,"timestamp":1608429674,"path_taken":["M","M","M","M","?","E","R","E","T","R","M","M","R","?","R","BOSS","M","M","$","?","M","R","?","E","T","R","R","M","M","M","R","BOSS","M","M","?","M","M","R","E","M","T","E","R","?","?","$","R","BOSS"],"items_purchased_type":["Card","Relic","Relic","Card"],"build_version":"2020-12-13","purchased_purges":2,"victory":true,"max_hp_per_floor":[70,70,70,70,75,75,75,75,75,75,75,75,75,75,75,75,75,75,75,75,75,75,75,75,75,75,75,75,75,75,75,75,75,75,75,75,75,75,75,75,75,75,75,75,75,75,75,75,75,75],"card_choices":[{"not_picked":["PiercingWail","Noxious Fumes"],"picked":"Backflip","floor":1.0},{"not_picked":["Poisoned Stab","Caltrops"],"picked":"Footwork","floor":2.0},{"not_picked":["Prepared","Riddle With Holes"],"picked":"Eviscerate","floor":3.0},{"not_picked":["Expertise","Backstab","Sucker Punch"],"picked":"SKIP","floor":4.0},{"not_picked":["Distraction","Dodge and Roll"],"picked":"Dagger Throw","floor":6.0},{"not_picked":["Footwork","Poisoned Stab"],"picked":"Underhanded Strike","floor":8.0},{"not_picked":["Flying Knee","Cloak And Dagger"],"picked":"Acrobatics","floor":11.0},{"not_picked":["Underhanded Strike","Noxious Fumes"],"picked":"After Image","floor":12.0},{"not_picked":["Burst","Bullet Time"],"picked":"Phantasmal Killer","floor":16.0},{"not_picked":["Flying Knee+1","Dagger Throw"],"picked":"Eviscerate+1","floor":18.0},{"not_picked":["Slice+1","Endless Agony+1"],"picked":"Noxious Fumes+1","floor":19.0},{"not_picked":["Riddle With Holes","Dodge and Roll+1","Outmaneuver"],"picked":"SKIP","floor":22.0},{"not_picked":["Bouncing Flask","Outmaneuver"],"picked":"Dagger Spray+1","floor":25.0},{"not_picked":["Dodge and Roll","Dagger Spray","Bane"],"picked":"SKIP","floor":29.0},{"not_picked":["Acrobatics+1","Quick Slash"],"picked":"Reflex","floor":30.0},{"not_picked":["Choke","Blade Dance","Bane"],"picked":"SKIP","floor":31.0},{"not_picked":["Phantasmal Killer","Bullet Time"],"picked":"Burst","floor":33.0},{"not_picked":["Bane","Dodge and Roll+1","Deadly Poison"],"picked":"SKIP","floor":35.0},{"not_picked":["Dodge and Roll+1","Dagger Spray+1","Infinite Blades+1"],"picked":"SKIP","floor":36.0},{"not_picked":["Secret Technique","Swift Strike"],"picked":"Finesse","floor":37.0},{"not_picked":["Good Instincts","Impatience"],"picked":"Master of Strategy","floor":37.0},{"not_picked":["Jack Of All Trades","Deep Breath"],"picked":"Finesse","floor":37.0},{"not_picked":["Quick Slash","Deflect+1","Predator+1"],"picked":"SKIP","floor":38.0},{"not_picked":["Sucker Punch+1","Distraction","Poisoned Stab"],"picked":"SKIP","floor":39.0},{"not_picked":["Outmaneuver+1","Masterful Stab+1"],"picked":"Footwork+1","floor":41.0},{"not_picked":["Footwork+1","Blur+1"],"picked":"Tactician+1","floor":42.0},{"not_picked":["Flying Knee+1","Choke+1"],"picked":"Footwork","floor":44.0}],"player_experience":335301,"relics_obtained":[{"floor":6.0,"key":"Ancient Tea Set"},{"floor":8.0,"key":"WingedGreaves"},{"floor":9.0,"key":"Matryoshka"},{"floor":24.0,"key":"MealTicket"},{"floor":24.0,"key":"Mercury Hourglass"},{"floor":25.0,"key":"Ninja Scroll"},{"floor":26.0,"key":"Orichalcum"},{"floor":26.0,"key":"Happy Flower"},{"floor":41.0,"key":"Boot"},{"floor":43.0,"key":"Mummified Hand"}],"event_choices":[{"damage_healed":0.0,"max_hp_gain":5.0,"max_hp_loss":0.0,"gold_gain":0.0,"event_name":"Big Fish","player_choice":"Donut","floor":5.0,"gold_loss":0.0,"damage_taken":0.0},{"cards_removed":["Strike_G"],"damage_healed":0.0,"max_hp_gain":0.0,"max_hp_loss":0.0,"gold_gain":0.0,"event_name":"Purifier","player_choice":"Purged","floor":14.0,"gold_loss":0.0,"damage_taken":0.0},{"damage_healed":0.0,"max_hp_gain":0.0,"max_hp_loss":0.0,"gold_gain":0.0,"event_name":"Nest","player_choice":"Joined the Cult","floor":21.0,"gold_loss":0.0,"damage_taken":6.0,"cards_obtained":["RitualDagger"]},{"damage_healed":0.0,"max_hp_gain":0.0,"max_hp_loss":0.0,"gold_gain":0.0,"event_name":"SensoryStone","player_choice":"Memory 3","floor":37.0,"gold_loss":0.0,"damage_taken":10.0},{"damage_healed":0.0,"max_hp_gain":0.0,"max_hp_loss":0.0,"gold_gain":100.0,"event_name":"Golden Shrine","player_choice":"Pray","floor":46.0,"gold_loss":0.0,"damage_taken":0.0}],"is_beta":false,"boss_relics":[{"not_picked":["Busted Crown","Snecko Eye"],"picked":"SacredBark"},{"not_picked":["Ring of the Serpent","WristBlade"],"picked":"HoveringKite"}],"items_purged_floors":[20,47],"is_endless":false,"potions_floor_spawned":[1,2,8,16,18,19,30,35,38,39],"ascension_level":4}}