{"host":"08sn1703g14rasc1","time":1608501632,"event":{"mods":["AchievementEnabler","BaseMod","Colored Map","Colored Powertips","Hermit","Minty Spire (QoL Compilation)","StSLib"],"gold_per_floor":[113,126,11,11,31,31,46,46,46,63,79,154,11,23,23,118,118,129,129,145,163,262,289,289,289,289,300,317,91,104,104,104],"floor_reached":31,"playtime":4698,"items_purged":["Strike_P","Strike_P+1"],"score":364,"play_id":"2b5effb9-f3a8-477b-a53a-28051aa49410","local_time":"20201220140032","is_ascension_mode":true,"campfire_choices":[{"data":"Fasting2","floor":6,"key":"SMITH"},{"data":"TalkToTheHand","floor":8,"key":"SMITH"},{"floor":15,"key":"REST"},{"floor":24,"key":"REST"}],"circlet_count":0,"master_deck":["Strike_P+1","Strike_P+1","Defend_P+1","Defend_P+1","Defend_P+1","Defend_P+1","Eruption+1","Vigilance","TalkToTheHand+1","FlyingSleeves","Fasting2+1","LikeWater","Consecrate","Brilliance","CutThroughFate","LikeWater","CarveReality","Alpha","EmptyBody+1","Protect","TalkToTheHand","ReachHeaven+1","Prostrate","Prostrate+1"],"relics":["PureWater","Mummified Hand","Pear","SacredBark","Matryoshka","Boot","Omamori"],"acts_visited":["Exordium","TheCity"],"potions_floor_usage":[14,16,16,23,28,30,30],"damage_taken":[{"damage":1,"enemies":"Small Slimes","floor":1,"turns":4},{"damage":0,"enemies":"Cultist","floor":2,"turns":3},{"damage":7,"enemies":"2 Louse","floor":5,"turns":3},{"damage":0,"enemies":"2 Fungi Beasts","floor":7,"turns":3},{"damage":16,"enemies":"Large Slime","floor":10,"turns":4},{"damage":0,"enemies":"Exordium Wildlife","floor":11,"turns":1},{"damage":0,"enemies":"2 Fungi Beasts","floor":14,"turns":2},{"damage":12,"enemies":"Hexaghost","floor":16,"turns":8},{"damage":11,"enemies":"3 Byrds","floor":18,"turns":4},{"damage":0,"enemies":"Spheric Guardian","floor":20,"turns":3},{"damage":39,"enemies":"Shelled Parasite and Fungi","floor":21,"turns":7},{"damage":51,"enemies":"Gremlin Leader","floor":23,"turns":7},{"damage":15,"enemies":"Centurion and Healer","floor":27,"turns":5},{"damage":4,"enemies":"Chosen and Byrds","floor":28,"turns":6},{"damage":0,"enemies":"Sentry and Sphere","floor":30,"turns":2},{"damage":23,"enemies":"3 Cultists","floor":31,"turns":4}],"seed_played":"3809802447002938517","potions_obtained":[{"floor":1,"key":"SteroidPotion"},{"floor":7,"key":"Block Potion"},{"floor":10,"key":"AttackPotion"},{"floor":14,"key":"AttackPotion"},{"floor":18,"key":"BlessingOfTheForge"},{"floor":23,"key":"Fire Potion"}],"is_trial":false,"path_per_floor":["M","M","$","?","M","R","M","R","T","M","M","?","$","M","R","B",null,"M","?","M","M","?","E","R","?","T","M","M","$","M","M"],"character_chosen":"WATCHER","items_purchased":["Fasting2","FairyPotion","LikeWater","DistilledChaos","AttackPotion"],"campfire_rested":2,"item_purchase_floors":[3,13,13,29,29],"current_hp_per_floor":[64,64,64,64,57,57,57,57,67,51,51,40,40,40,64,52,75,64,64,64,25,25,23,47,31,31,16,12,12,12,0,0],"gold":104,"neow_bonus":"UPGRADE_CARD","is_daily":false,"chose_seed":false,"campfire_upgraded":2,"win_rate":0.0,"timestamp":1608501632,"path_taken":["M","M","$","?","M","R","M","R","T","?","M","?","$","M","R","BOSS","M","?","M","M","?","E","R","?","T","M","M","$","M","M"],"items_purchased_type":["Card","Potion","Card","Potion","Potion"],"build_version":"2020-12-13","purchased_purges":2,"victory":false,"max_hp_per_floor":[72,72,72,72,72,72,72,72,82,82,82,82,82,82,82,82,82,82,82,82,82,82,82,82,87,87,87,87,87,87,87,87],"card_choices":[{"not_picked":["Indignation","BowlingBash"],"picked":"TalkToTheHand","floor":1},{"not_picked":["JustLucky","EmptyFist"],"picked":"FlyingSleeves","floor":2},{"not_picked":["EmptyBody","Study"],"picked":"LikeWater","floor":5},{"not_picked":["Prostrate","Study"],"picked":"Consecrate","floor":7},{"not_picked":["Study","EmptyBody"],"picked":"Brilliance","floor":10},{"not_picked":["ClearTheMind","MentalFortress"],"picked":"CutThroughFate","floor":11},{"not_picked":["FlurryOfBlows","ThirdEye"],"picked":"CarveReality","floor":14},{"not_picked":["Vault","Wish"],"picked":"Alpha","floor":16},{"not_picked":["BowlingBash","Halt"],"picked":"EmptyBody+1","floor":18},{"not_picked":["Wireheading","ThirdEye"],"picked":"Protect","floor":20},{"not_picked":["Fasting2","EmptyFist"],"picked":"TalkToTheHand","floor":21},{"not_picked":["Halt+1","WaveOfTheHand"],"picked":"ReachHeaven+1","floor":23},{"not_picked":["Protect","ClearTheMind","Wireheading"],"picked":"SKIP","floor":27},{"not_picked":["Worship+1","WheelKick+1"],"picked":"Prostrate","floor":28},{"not_picked":["WreathOfFlame","MentalFortress"],"picked":"Prostrate+1","floor":30}],"player_experience":415940,"relics_obtained":[{"floor":9,"key":"Pear"},{"floor":23,"key":"Matryoshka"},{"floor":26,"key":"Boot"},{"floor":26,"key":"Omamori"}],"event_choices":[{"damage_healed":0,"gold_gain":0,"player_choice":"Gave Potion","damage_taken":0,"relics_obtained":["Mummified Hand"],"max_hp_gain":0,"max_hp_loss":0,"event_name":"WeMeetAgain","floor":4,"gold_loss":0},{"damage_healed":0,"gold_gain":75,"player_choice":"Gather Gold","damage_taken":11,"max_hp_gain":0,"max_hp_loss":0,"event_name":"World of Goop","floor":12,"gold_loss":0},{"damage_healed":0,"gold_gain":0,"player_choice":"Simplicity","damage_taken":0,"max_hp_gain":0,"max_hp_loss":0,"event_name":"Back to Basics","floor":19,"gold_loss":0,"cards_upgraded":["Strike_P","Strike_P","Strike_P","Defend_P","Defend_P","Defend_P","Defend_P"]},{"damage_healed":0,"gold_gain":99,"player_choice":"Stole From Cult","damage_taken":0,"max_hp_gain":0,"max_hp_loss":0,"event_name":"Nest","floor":22,"gold_loss":0},{"damage_healed":0,"gold_gain":0,"player_choice":"Shed Blood","damage_taken":21,"max_hp_gain":5,"max_hp_loss":0,"event_name":"Forgotten Altar","floor":25,"gold_loss":0}],"is_beta":false,"boss_relics":[{"not_picked":["Tiny House","Runic Dome"],"picked":"SacredBark"}],"items_purged_floors":[3,29],"is_endless":false,"potions_floor_spawned":[1,7,10,14,18,23],"killed_by":"3 Cultists","ascension_level":7}}