{"host":"95i1gxnztdrdyvhi","time":1608499005,"event":{"mods":["AchievementEnabler","Act Like it!","BaseMod","Minty Spire (QoL Compilation)","Quick Restart","StSLib","The Marked"],"gold_per_floor":[116,116,116,291,18,49,49,69,121,132,132,160,160,177,177,278,278,296,211,221,77,77,410,410,430,430,430,441,441,441],"floor_reached":29,"playtime":833,"items_purged":["Doubt"],"score":276,"play_id":"30da4abc-c33e-4854-a1a5-7a8d12ec3720","local_time":"20201220211645","is_ascension_mode":false,"campfire_choices":[{"data":"theMarked:HeritageOfTheMarked","floor":7.0,"key":"SMITH"},{"data":"theMarked:SoldierOfQuellstein","floor":11.0,"key":"SMITH"},{"data":"theMarked:BanishingStrike","floor":13.0,"key":"SMITH"},{"data":"theMarked:BanishingStrike","floor":15.0,"key":"SMITH"},{"data":"theMarked:BindingBlade","floor":24,"key":"SMITH"},{"data":"theMarked:BindingBlade","floor":27,"key":"SMITH"}],"circlet_count":0,"master_deck":["theMarked:Strike","theMarked:Strike","theMarked:Strike","theMarked:Defend","theMarked:Defend","theMarked:Defend","theMarked:Defend","theMarked:SoldierOfQuellstein+1","theMarked:HeritageOfTheMarked+1","theMarked:BanishingStrike+1","theMarked:BanishingStrike+1","theMarked:BindingBlade+1","theMarked:BanishingWave+1","theMarked:WardOff","theMarked:BindingBlade+1","theMarked:RogueSparks","theMarked:Improvise","theMarked:WardOff"],"relics":["theMarked:ArtifactOfAir","NeowsBlessing","Unceasing Top","Tiny Chest","theMarked:DemonDagger","Bottled Flame","Sozu","Calipers","DollysMirror","Old Coin","Matryoshka"],"acts_visited":["Exordium","TheCity"],"potions_floor_usage":[],"damage_taken":[{"damage":0.0,"enemies":"Cultist","floor":1.0,"turns":1.0},{"damage":0.0,"enemies":"3 Sentries","floor":6.0,"turns":1.0},{"damage":0.0,"enemies":"Small Slimes","floor":8.0,"turns":1.0},{"damage":1.0,"enemies":"2 Louse","floor":10.0,"turns":2.0},{"damage":3.0,"enemies":"Lagavulin","floor":12.0,"turns":5.0},{"damage":7.0,"enemies":"Blue Slaver","floor":14.0,"turns":3.0},{"damage":21.0,"enemies":"The Guardian","floor":16.0,"turns":10.0},{"damage":10.0,"enemies":"Shell Parasite","floor":18.0,"turns":3.0},{"damage":10,"enemies":"2 Thieves","floor":20,"turns":3},{"damage":22,"enemies":"Slavers","floor":23,"turns":3},{"damage":2,"enemies":"Snecko","floor":25,"turns":3},{"damage":24,"enemies":"Sentry and Sphere","floor":28,"turns":5},{"damage":2,"enemies":"Book of Stabbing","floor":29,"turns":2}],"seed_played":"9061714589361466960","potions_obtained":[{"floor":1.0,"key":"LiquidBronze"},{"floor":14.0,"key":"Block Potion"}],"is_trial":false,"path_per_floor":["M","?","?","?","$","E","R","M","T","M","R","E","R","M","R","B",null,"M","?","M","$","?","E","R","M","T","R","M","E"],"character_chosen":"THE_DEFAULT","items_purchased":["theMarked:BanishingStrike","Tiny Chest","DollysMirror"],"campfire_rested":0,"item_purchase_floors":[5,5,21],"current_hp_per_floor":[70,75,63,63,63,63,63,63,63,62,62,59,59,52,52,31,75,65,65,55,55,55,33,33,31,31,31,7,5,5],"gold":441,"neow_bonus":"THREE_ENEMY_KILL","is_daily":false,"chose_seed":false,"campfire_upgraded":6,"win_rate":0.0,"timestamp":1608499005,"path_taken":["M","?","?","?","?","E","R","M","T","M","R","E","R","M","R","BOSS","M","?","M","$","?","E","R","M","T","R","M","E"],"items_purchased_type":["Card","Relic","Relic"],"build_version":"2020-12-13","purchased_purges":1,"victory":false,"max_hp_per_floor":[70,75,75,75,75,75,75,75,75,75,75,75,75,75,75,75,75,75,75,75,75,75,75,75,75,75,75,75,75,75],"card_choices":[{"not_picked":["theMarked:ResourceFulStrike","theMarked:TakeCover"],"picked":"theMarked:HeritageOfTheMarked","floor":1.0},{"not_picked":["theMarked:RepellingDischarge","theMarked:CreepingChasm","theMarked:WastefulAttack"],"picked":"SKIP","floor":6.0},{"not_picked":["theMarked:Opportunist","theMarked:Aftermath","theMarked:SwordAndMagic"],"picked":"SKIP","floor":8.0},{"not_picked":["theMarked:RepellingDischarge","theMarked:Parkour","theMarked:HeightenedSenses"],"picked":"SKIP","floor":10.0},{"not_picked":["theMarked:Parkour","theMarked:UnarmedFury","theMarked:HeightenedSenses"],"picked":"SKIP","floor":12.0},{"not_picked":["theMarked:Parkour","theMarked:UnarmedFury","theMarked:HeightenedSenses"],"picked":"SKIP","floor":12.0},{"not_picked":["theMarked:WastefulDefense","theMarked:Static"],"picked":"theMarked:BanishingStrike","floor":14.0},{"not_picked":["theMarked:SuspiciousRaven","theMarked:Challenge"],"picked":"theMarked:BindingBlade","floor":16.0},{"not_picked":["theMarked:MagicAdept+1","theMarked:CreepingChasm"],"picked":"theMarked:BanishingWave+1","floor":18.0},{"not_picked":["theMarked:Parkour","theMarked:WastefulAttack"],"picked":"theMarked:WardOff","floor":20},{"not_picked":["theMarked:Electrify","theMarked:HeritageOfTheMarked","theMarked:MaelstromOfLightning"],"picked":"SKIP","floor":23},{"not_picked":["theMarked:ChannelForce","theMarked:Parkour"],"picked":"theMarked:WardOff","floor":25},{"not_picked":["theMarked:WastefulAttack","theMarked:KeepCalmAndFightOn","theMarked:EmpowerWeapon+1"],"picked":"SKIP","floor":28}],"player_experience":653228,"relics_obtained":[{"floor":6.0,"key":"theMarked:DemonDagger"},{"floor":12.0,"key":"Bottled Flame"},{"floor":23,"key":"Old Coin"},{"floor":26,"key":"Matryoshka"}],"event_choices":[{"damage_healed":0.0,"max_hp_gain":5.0,"max_hp_loss":0.0,"gold_gain":0.0,"event_name":"Big Fish","player_choice":"Donut","floor":2.0,"gold_loss":0.0,"damage_taken":0.0},{"damage_healed":0.0,"max_hp_gain":0.0,"max_hp_loss":0.0,"gold_gain":0.0,"event_name":"Scrap Ooze","player_choice":"Success","floor":3.0,"gold_loss":0.0,"damage_taken":12.0,"relics_obtained":["Unceasing Top"]},{"damage_healed":0.0,"max_hp_gain":0.0,"max_hp_loss":0.0,"gold_gain":175.0,"event_name":"Liars Game","player_choice":"AGREE","floor":4.0,"gold_loss":0.0,"damage_taken":0.0,"cards_obtained":["Doubt"]},{"damage_healed":0,"gold_gain":0,"player_choice":"Obtained Relic","damage_taken":0,"relics_obtained":["Calipers"],"max_hp_gain":0,"max_hp_loss":0,"event_name":"Addict","floor":19,"gold_loss":85},{"damage_healed":0,"gold_gain":0,"cards_transformed":["theMarked:Strike","theMarked:Strike"],"player_choice":"Became Test Subject","damage_taken":0,"max_hp_gain":0,"max_hp_loss":0,"event_name":"Drug Dealer","floor":22,"gold_loss":0,"cards_obtained":["theMarked:RogueSparks","theMarked:Improvise"]}],"is_beta":false,"boss_relics":[{"not_picked":["Coffee Dripper","Philosopher\u0027s Stone"],"picked":"Sozu"}],"items_purged_floors":[5],"is_endless":false,"potions_floor_spawned":[1,14,18,20,28],"killed_by":"Book of Stabbing","ascension_level":0}}