{"host":"rcanb95qz4o6v6pp","time":1608430551,"event":{"mods":["AchievementEnabler","BaseMod","Better Third Choice","BetterRewards","Colored Map","Downfall","Googly Eyes","Hermit","Infinite Spire","Minty Spire (QoL Compilation)","Replay The Spire","Spicy Shops","StSLib","The Blue Laboratory"],"gold_per_floor":[109,119,119,143,143,176,220,220,220,220,233,247,247,281,281,410,410,423,436,436,450,207,228,272,85,85,121,134,155,155,190,190,319,319,364,0,15,15,33,33,33,69,150,194,232,253,267,290,290,290],"floor_reached":51,"playtime":8246,"items_purged":["hermit:ImpendingDoom"],"score":969,"play_id":"73495683-acc2-45b9-a300-3edae395cc54","local_time":"20201219211551","daily_mods":["Draft","DeadlyEvents"],"is_ascension_mode":false,"campfire_choices":[{"data":"BattleHymn","floor":8,"key":"SMITH"},{"floor":10,"key":"REST"},{"floor":15,"key":"REST"},{"floor":30,"key":"REST"},{"data":"Guardian:PrismaticBeam","floor":32,"key":"SMITH"},{"data":"Guardian:DecasProtection","floor":32,"key":"SMITH"},{"data":"Guardian:PiercingHide","floor":40,"key":"SMITH"},{"data":"Guardian:PiercingHide","floor":40,"key":"SMITH"},{"floor":49,"key":"REST"}],"circlet_count":0,"master_deck":["Sanctity+1","BattleHymn+1","FearNoEvil","Guardian:Incinerate","Guardian:PiercingHide+1","Guardian:DecasProtection+1","ClearTheMind","CrushJoints","Guardian:ShieldSpikes","Evaluate","ForeignInfluence","Guardian:PrismaticBeam+1","Guardian:SentryBeam","Guardian:Orbwalk","Prostrate+1","Guardian:CompilePackage+1","Guardian:RevengeProtocol+1","AbeCurse","Consecrate+1","Tantrum+1","Poisoned Strike+1","Guardian:PiercingHide+1","Guardian:ArmoredProtocol+1","Replay:ManipulateFuture+1","Guardian:PiercingHide","Apotheosis+1","Guardian:SpikerProtocol","Guardian:RevengeProtocol+1","SashWhip+1","Wish+1","CurseOfTheBell","Guardian:TimeCapacitor+1","Guardian:PiercingHide+1","Establishment+1","Devotion+1","Guardian:Gem_Cyan"],"relics":["PureWater","Golden Idol","InkBottle","PreservedInsect","Potion Belt","Golden Egg","Akabeko","Abe\u0027s Treasure","ReplayTheSpireMod:CursedCoin","BargainBundle","Replay:Arrowhead","StoneCalendar","Question Card","Bag of Preparation","Calling Bell","War Paint","Snack Pack","infinitespire:CursedDice","Mummified Hand","Omamori","Toy Ornithopter","SlaversCollar","Turnip","Onion Ring","Toy Ornithopter","Kunai"],"acts_visited":["Exordium","TheCity","TheBeyond"],"potions_floor_usage":[16,16,16,18,23,27,33,33,33,33,39,39,50,50,50,50],"damage_taken":[{"damage":0,"enemies":"2 Louse","floor":1,"turns":3},{"damage":0,"enemies":"Cultist","floor":2,"turns":4},{"damage":5,"enemies":"Jaw Worm","floor":4,"turns":3},{"damage":17,"enemies":"Replay:BlueRogue","floor":6,"turns":6},{"damage":0,"enemies":"Lagavulin","floor":7,"turns":5},{"damage":3,"enemies":"2 Fungi Beasts","floor":11,"turns":3},{"damage":7,"enemies":"Looter","floor":12,"turns":3},{"damage":12,"enemies":"Gremlin Nob","floor":14,"turns":3},{"damage":9,"enemies":"The Guardian","floor":16,"turns":5},{"damage":21,"enemies":"2 Thieves","floor":18,"turns":3},{"damage":2,"enemies":"Shell Parasite","floor":19,"turns":2},{"damage":0,"enemies":"3 Cultists","floor":21,"turns":2},{"damage":3,"enemies":"Sentry and Sphere","floor":23,"turns":5},{"damage":0,"enemies":"Replay:Snechameleon","floor":24,"turns":4},{"damage":2,"enemies":"Book of Stabbing","floor":27,"turns":3},{"damage":13,"enemies":"Cultist and Chosen","floor":28,"turns":6},{"damage":0,"enemies":"3 Cultists","floor":29,"turns":4},{"damage":0,"enemies":"Gremlin Leader","floor":31,"turns":4},{"damage":27,"enemies":"Collector","floor":33,"turns":7},{"damage":1,"enemies":"3 Shapes","floor":35,"turns":5},{"damage":0,"enemies":"Orb Walker","floor":37,"turns":2},{"damage":11,"enemies":"3 Darklings","floor":39,"turns":3},{"damage":6,"enemies":"R_Hoarder","floor":42,"turns":4},{"damage":3,"enemies":"Giant Head","floor":44,"turns":4},{"damage":21,"enemies":"Nemesis","floor":45,"turns":3},{"damage":14,"enemies":"Transient","floor":46,"turns":5},{"damage":0,"enemies":"Maw","floor":47,"turns":4},{"damage":0,"enemies":"4 Shapes","floor":48,"turns":3},{"damage":24,"enemies":"Awakened One","floor":50,"turns":8}],"seed_played":"8862290770988167320","potions_obtained":[{"floor":4,"key":"blueLaboratory:AlphaPotion"},{"floor":6,"key":"DistilledChaos"},{"floor":11,"key":"Energy Potion"},{"floor":14,"key":"DistilledChaos"},{"floor":16,"key":"Fire Potion"},{"floor":21,"key":"BottledMiracle"},{"floor":23,"key":"BlessingOfTheForge"},{"floor":28,"key":"blueLaboratory:BubblePotion"},{"floor":29,"key":"PowerPotion"},{"floor":35,"key":"blueLaboratory:FruitPunch"},{"floor":37,"key":"Energy Potion"},{"floor":39,"key":"Reflective Coating"},{"floor":44,"key":"BlessingOfTheForge"},{"floor":48,"key":"blueLaboratory:SavagePotion"}],"is_trial":true,"path_per_floor":["M","M","?","M","T","E","E","R","T","R","M","M","?","E","R","B",null,"M","M","?","M","$","M","E","$","T","E","M","M","R","E","R","B",null,"M","$","M","?","M","R","AVR","E","T","E","E","M","M","M","R_BF","B",null],"character_chosen":"WATCHER","items_purchased":["ReplayTheSpireMod:CursedCoin","Strength Potion","BargainBundle","Poisoned Strike","Guardian:PiercingHide","Guardian:ArmoredProtocol","Replay:ManipulateFuture","ColorlessPotion","DuplicationPotion","Apotheosis","Mummified Hand","Omamori","Guardian:Gem_Cyan"],"campfire_rested":4,"item_purchase_floors":[22,22,22,22,22,22,22,22,22,25,36,36,36],"current_hp_per_floor":[72,72,54,49,49,32,32,32,32,53,50,43,36,24,45,36,72,51,49,49,49,49,46,46,46,46,44,31,31,52,52,52,25,72,71,71,72,72,65,65,65,63,63,66,47,43,49,51,73,72],"gold":290,"neow_bonus":"","is_daily":false,"chose_seed":false,"campfire_upgraded":5,"win_rate":0.0,"timestamp":1608430551,"path_taken":["M","M","?","M","?","E","?","R","T","R","M","M","?","E","R","BOSS","M","M","?","M","?","?","?","?","T","E","M","M","R","E","R","BOSS","M","$","?","?","?","R","AVR","?","T","E","?","M","M","M","R_BF","BOSS"],"items_purchased_type":["Relic","Potion","Relic","Card","Card","Card","Card","Potion","Potion","Card","Relic","Relic","Card"],"build_version":"2020-12-13","purchased_purges":1,"victory":true,"max_hp_per_floor":[72,72,72,72,72,72,72,72,72,72,72,72,72,72,72,72,72,72,72,72,72,72,72,72,72,72,72,72,72,72,72,72,72,72,72,72,72,72,74,74,74,74,74,74,74,74,74,74,74,74],"card_choices":[{"not_picked":["Guardian:Repulse","Replay:BluntJabs"],"picked":"Guardian:Gem_Red","floor":0},{"not_picked":["Halt","Crescendo"],"picked":"Sanctity","floor":0},{"not_picked":["Guardian:Gem_Yellow","Guardian:Preprogram"],"picked":"Guardian:Gem_Lightblue","floor":0},{"not_picked":["Guardian:DecasProtection","CarveReality"],"picked":"BattleHymn","floor":0},{"not_picked":["Evaluate","Guardian:ChargeCore"],"picked":"FearNoEvil","floor":0},{"not_picked":["EmptyBody","Guardian:Repulse"],"picked":"Guardian:Incinerate","floor":0},{"not_picked":["FollowUp","Guardian:Incinerate"],"picked":"Guardian:PiercingHide","floor":0},{"not_picked":["Guardian:Gem_Green","CrushJoints"],"picked":"Guardian:DecasProtection","floor":0},{"not_picked":["CutThroughFate","Guardian:PrismaticBarrier"],"picked":"ClearTheMind","floor":0},{"not_picked":["Tantrum","Guardian:Suspension"],"picked":"CrushJoints","floor":0},{"not_picked":["Guardian:Gem_Red","MentalFortress"],"picked":"Guardian:ShieldSpikes","floor":0},{"not_picked":["WheelKick","Guardian:Orbwalk"],"picked":"Guardian:TemporalShield","floor":0},{"not_picked":["Replay:Battleflow","Guardian:TemporalShield"],"picked":"InnerPeace","floor":0},{"not_picked":["Guardian:Incinerate","Guardian:TemporalStrike"],"picked":"Evaluate","floor":0},{"not_picked":["Nirvana","Guardian:Harden"],"picked":"ForeignInfluence","floor":0},{"not_picked":["JustLucky","ClearTheMind"],"picked":"Guardian:PrismaticBeam","floor":1},{"not_picked":["Halt","Crescendo"],"picked":"Guardian:SentryBeam","floor":2},{"not_picked":["Tantrum","Guardian:VentSteam","SandsOfTime"],"picked":"SKIP","floor":4},{"not_picked":["Evaluate","Replay:Cycle"],"picked":"Guardian:Orbwalk","floor":6},{"not_picked":["Replay:Anticipation","Guardian:CrystalBeam","PathToVictory"],"picked":"SKIP","floor":7},{"not_picked":["PathToVictory","CutThroughFate"],"picked":"Guardian:Gem_Purple","floor":11},{"not_picked":["Guardian:ExploitGems","CutThroughFate"],"picked":"Prostrate","floor":12},{"not_picked":["Guardian:ChargeUp","Guardian:WalkerClaw"],"picked":"Guardian:CompilePackage","floor":14},{"not_picked":["Guardian:ConstructionForm","Guardian:SphericShield"],"picked":"Guardian:RevengeProtocol","floor":16},{"not_picked":["Guardian:CrystalBeam+1","Guardian:RollAttack"],"picked":"Consecrate+1","floor":18},{"not_picked":["Guardian:Gem_Green","Guardian:Suspension+1"],"picked":"Tantrum+1","floor":19},{"not_picked":["PathToVictory","FollowUp+1"],"picked":"Guardian:Gem_White","floor":21},{"not_picked":["ConjureBlade","Guardian:Suspension+1","CutThroughFate"],"picked":"SKIP","floor":23},{"not_picked":["Guardian:Suspension","Guardian:PrimingBeam"],"picked":"Guardian:PiercingHide","floor":24},{"not_picked":["Collect","Guardian:DonusPower"],"picked":"Guardian:SpikerProtocol","floor":27},{"not_picked":["Guardian:Repulse","Replay:Anticipation","JustLucky"],"picked":"Guardian:RevengeProtocol","floor":28},{"not_picked":["Guardian:TimeBomb","Adaptation","FollowUp"],"picked":"SashWhip+1","floor":29},{"not_picked":["ThirdEye","Guardian:RefractedBeam+1","Guardian:Planning"],"picked":"Guardian:Gem_Cyan","floor":31},{"not_picked":["Replay:AllIn","Blasphemy","Guardian:FastForward"],"picked":"Wish","floor":33},{"not_picked":["Guardian:PolyBeam","Guardian:Planning+1","Wallop"],"picked":"Guardian:Gem_White","floor":35},{"not_picked":["Guardian:TimeBomb","Collect","Replay:Anticipation"],"picked":"Guardian:TimeCapacitor+1","floor":37},{"not_picked":["FlyingSleeves+1","Fasting2","PathToVictory+1"],"picked":"Guardian:PiercingHide","floor":39},{"not_picked":["Weave","Replay:BluntJabs+1","TalkToTheHand","Guardian:Gem_Yellow"],"picked":"SKIP","floor":42},{"not_picked":["Replay:Cycle+1","SignatureMove","Guardian:RollAttack"],"picked":"Establishment","floor":44},{"not_picked":["Guardian:TemporalShield+1","FlyingSleeves+1","Guardian:RollAttack","ThirdEye"],"picked":"SKIP","floor":45},{"not_picked":["Guardian:Incinerate+1","FlyingSleeves+1","Guardian:TemporalShield"],"picked":"Devotion","floor":46},{"not_picked":["Guardian:CrystalBeam+1","CarveReality+1","CrushJoints"],"picked":"Guardian:Gem_Green","floor":47},{"not_picked":["FlyingSleeves+1","Replay:Battleflow+1","Guardian:Suspension"],"picked":"Guardian:Gem_Cyan","floor":48}],"player_experience":1822088,"relics_obtained":[{"floor":5,"key":"InkBottle"},{"floor":6,"key":"PreservedInsect"},{"floor":7,"key":"Potion Belt"},{"floor":9,"key":"Golden Egg"},{"floor":14,"key":"Akabeko"},{"floor":24,"key":"Replay:Arrowhead"},{"floor":26,"key":"StoneCalendar"},{"floor":27,"key":"Question Card"},{"floor":31,"key":"Bag of Preparation"},{"floor":34,"key":"War Paint"},{"floor":34,"key":"Snack Pack"},{"floor":34,"key":"infinitespire:CursedDice"},{"floor":42,"key":"Turnip"},{"floor":43,"key":"Onion Ring"},{"floor":44,"key":"Toy Ornithopter"},{"floor":45,"key":"Kunai"}],"event_choices":[{"damage_healed":0,"gold_gain":0,"player_choice":"Take Damage","damage_taken":18,"relics_obtained":["Golden Idol"],"max_hp_gain":0,"max_hp_loss":0,"event_name":"Golden Idol","floor":3,"gold_loss":0},{"cards_removed":["InnerPeace"],"damage_healed":0,"gold_gain":0,"player_choice":"Card Removal","damage_taken":7,"max_hp_gain":0,"max_hp_loss":0,"event_name":"Golden Wing","floor":13,"gold_loss":0},{"damage_healed":0,"gold_gain":0,"player_choice":"Ignored","damage_taken":0,"max_hp_gain":0,"max_hp_loss":0,"event_name":"Vampires","floor":20,"gold_loss":0},{"cards_removed":["Guardian:TemporalShield"],"damage_healed":0,"gold_gain":0,"player_choice":"Removed Skill","damage_taken":0,"max_hp_gain":0,"max_hp_loss":0,"event_name":"Falling","floor":38,"gold_loss":0}],"is_beta":false,"boss_relics":[{"not_picked":["Snecko Heart","sneckomod:SneckoTalon"],"picked":"Abe\u0027s Treasure"},{"not_picked":["Runic Dome","Sozu"],"picked":"Calling Bell"}],"items_purged_floors":[22],"is_endless":false,"potions_floor_spawned":[4,6,11,14,16,21,23,28,29,35,37,39,44,48],"ascension_level":0}}