{"host":"7mo9b2f9hhzb5x6f","time":1608455116,"event":{"mods":["Act Like it!","BaseMod","Better-Laid Plans","Library of Ruina","Library of Ruina Extra","Marked Mod","Minty Spire (QoL Compilation)","MostiFishMod","Spicy Shops","StSLib","TestMod","UnlockEverythingMod","【功能Mod】混沌之环修复补丁"],"gold_per_floor":[119,136,136,151,226,256,256,256,256,256,287,313,331,342,342,447,447,465,517,517,517,517,517,533,564,587,587,602,618,635,648,648,748,748,758,777,777,662,680,706,706,721,721,754,754,770,770,783,783,783,783],"floor_reached":52,"playtime":1011,"items_purged":[],"score":1698,"play_id":"9bcd379f-61a4-427b-a727-6b16386da3d6","local_time":"20201220170516","is_ascension_mode":true,"campfire_choices":[{"floor":7,"key":"DIG"},{"floor":15,"key":"DIG"},{"floor":23,"key":"DIG"},{"data":"SunsetBlade","floor":32,"key":"SMITH"},{"floor":41,"key":"DIG"},{"floor":45,"key":"DIG"},{"floor":49,"key":"DIG"}],"circlet_count":0,"master_deck":["DegradedFairy","DegradedFairy","DegradedFairy","DegradedChain","DegradedChain","DegradedLock","DegradedPillar","DegradedPillar+1","DegradedShockwave","Faith","Unlock1","FrontalAssault","SunsetBlade+1","ViolentFlame+1","SharpenedBlade"],"relics":["PageOfLibrarian","DaveBox","testmod-TestBox","testmod-IndustrialRevolution","RhineCircuit","Question Card","Shovel","WingedGreaves","PageOfQueenBee","Pen Nib","Ancient Tea Set","PageOfSpiderBud","ImportantClient","GuanYuAspect","Akabeko","MutagenicStrength","PreservedInsect","PageOfForsakenMurderer","Nunchaku","FeatherPendant","PageOfBloodbath","testmod-Antiphasic","Bag of Preparation","PageOfGreed","PageOfTheQueenOfHatred","Bottled Tornado","SynthV:C4"],"acts_visited":["Exordium","TheCity","TheBeyond"],"potions_floor_usage":[],"damage_taken":[{"damage":0,"enemies":"Cultist","floor":1,"turns":1},{"damage":0,"enemies":"Jaw Worm","floor":2,"turns":1},{"damage":0,"enemies":"2 Louse","floor":4,"turns":1},{"damage":0,"enemies":"Lagavulin","floor":6,"turns":2},{"damage":0,"enemies":"Gremlin Nob","floor":11,"turns":1},{"damage":0,"enemies":"Lagavulin","floor":12,"turns":2},{"damage":0,"enemies":"Large Slime","floor":13,"turns":2},{"damage":0,"enemies":"Exordium Thugs","floor":14,"turns":1},{"damage":0,"enemies":"Slime Boss","floor":16,"turns":2},{"damage":0,"enemies":"Shell Parasite","floor":18,"turns":1},{"damage":0,"enemies":"Spheric Guardian","floor":24,"turns":1},{"damage":0,"enemies":"Book of Stabbing","floor":25,"turns":1},{"damage":0,"enemies":"Snake Plant","floor":28,"turns":1},{"damage":0,"enemies":"Shelled Parasite and Fungi","floor":29,"turns":1},{"damage":0,"enemies":"3 Cultists","floor":30,"turns":1},{"damage":0,"enemies":"Centurion and Healer","floor":31,"turns":2},{"damage":0,"enemies":"Champ","floor":33,"turns":4},{"damage":0,"enemies":"Orb Walker","floor":35,"turns":1},{"damage":0,"enemies":"3 Shapes","floor":36,"turns":1},{"damage":0,"enemies":"Spire Growth","floor":39,"turns":1},{"damage":0,"enemies":"Nemesis","floor":40,"turns":1},{"damage":0,"enemies":"3 Darklings","floor":42,"turns":1},{"damage":0,"enemies":"Giant Head","floor":44,"turns":1},{"damage":12,"enemies":"Sphere and 2 Shapes","floor":46,"turns":1},{"damage":0,"enemies":"Spire Growth","floor":48,"turns":1},{"damage":0,"enemies":"Donu and Deca","floor":50,"turns":2},{"damage":14,"enemies":"Donu and Deca","floor":51,"turns":3}],"seed_played":"4007810022117308746","potions_obtained":[{"floor":6,"key":"Energy Potion"}],"is_trial":false,"path_per_floor":["M","M","?","M","?","E","R","?","T","?","E","E","M","M","R","B",null,"M","T","?","?","?","R","M","E","T","?","M","M","M","M","R","B",null,"M","M","?","$","M","E","R","M","T","E","R","M","?","M","R","B",null,null],"character_chosen":"Librarian","items_purchased":["PageOfBloodbath"],"campfire_rested":0,"item_purchase_floors":[38],"current_hp_per_floor":[54,54,54,54,43,43,43,43,43,43,43,43,43,43,43,43,45,45,45,45,45,45,45,45,45,45,45,45,45,45,45,45,45,45,45,45,45,45,45,45,45,45,45,45,45,36,36,45,45,45,50],"gold":783,"neow_bonus":"THREE_CARDS","is_daily":false,"chose_seed":false,"campfire_upgraded":1,"win_rate":0.0,"timestamp":1608455116,"path_taken":["M","M","?","?","?","E","R","?","T","?","E","E","M","?","R","BOSS","M","?","?","?","?","R","M","E","T","?","M","M","?","M","R","BOSS","M","?","?","?","M","E","R","M","T","E","R","M","?","M","R","BOSS"],"items_purchased_type":["Relic"],"build_version":"2020-11-30","purchased_purges":0,"victory":true,"max_hp_per_floor":[90,90,90,90,90,90,90,90,90,90,90,90,90,90,90,90,45,45,45,45,45,45,45,45,45,45,45,45,45,45,45,45,45,45,45,45,45,45,45,45,45,45,45,45,45,45,45,45,45,45,50],"card_choices":[{"not_picked":["WildCard","ClassAndRespect","SinglePointStab","EnergyCycle","DesperateStruggle","Diversion","FaintMemories","ReadyUp","Endure"],"picked":"SKIP","floor":1},{"not_picked":["Eject","SpearedSweep","Standoff","EnergyCycle","AsThePrescriptOrders","Thrust","UpbeatPerformance","StrongStrike","ToOvercomeCrisis","Diversion"],"picked":"SKIP","floor":2},{"not_picked":["FleetEdge","DesperateStruggle","Preparation","Overpower","AbsorbImpact","ElectricShock","TraceOfFumes","TendonChords","TheRedNotes"],"picked":"Faith","floor":4},{"not_picked":["EndlessBattle","DarkCloud","CumulusWall","HighKick","BoundaryOfDeath","Wallop_lor","StrongStrike","BackAttack","ProselytesBlade","SinglePointStab"],"picked":"SKIP","floor":6},{"not_picked":["AlloutWar","Suppress","HardRehearsal","Gigigig","GuidanceOfTheGears","FocusFire","SharpSwipe","FlashingStrike","WillBeTasty","DestructiveImpact"],"picked":"SKIP","floor":11},{"not_picked":["FlashOfSunup","BurningFlash","MultiHit","EnergyBeam","HiddenBlade","Diversion","SilentNight","Multislash","DesperateStruggle","EnergyCycle"],"picked":"SKIP","floor":12},{"not_picked":["TrashDisposal","HighKick","DarkCloud","Reload","SmokingPipe","EnergyShield","SuppressingShot","HighSpeedStabbing","AGoldenOpportunity"],"picked":"Unlock1","floor":13},{"not_picked":["HandleRequest","ProselytesBlade","Rewind","BindingArms","CookingPrep","DevastatingThrash","FleetFootsteps","BurningFlash","Guardian_lor","Crush"],"picked":"SKIP","floor":14},{"not_picked":["MultiHit","HandleRequest","EnergyCycle","FierceCharge+1","Tailoring+1","Parry","OpportunitySpotted","FleetEdge","GuardingStance"],"picked":"FrontalAssault","floor":18},{"not_picked":["PuppetBlockade","Brawl+1","Reload","ReadyUp+1","WillBeTasty","FlamingDragonFist","PreemptiveStrike","UnavoidableGaze","Diversion","Ripple"],"picked":"SKIP","floor":24},{"not_picked":["Rewind+1","GuardingStance","Parry","SweepTheBackstreets","SharpSwipe","SunsetBlade","ClassAndRespect","TendonChords+1","HiddenBlade"],"picked":"WaitUp+1","floor":25},{"not_picked":["TrashDisposal","HighKick+1","Multislash","FierceCharge","UnavoidableGaze+1","CircusKnives","ForTheFamily","DesperateStruggle","SharpSwipe"],"picked":"SunsetBlade","floor":28},{"not_picked":["TraceOfFumes","SharpSwipe","CookingPrep+1","GuardingStance","AbsorbImpact","ScratchThat","BindingArms","Parry","MultiHit","ViolentFlame"],"picked":"SKIP","floor":29},{"not_picked":["PreemptiveStrike","AsThePrescriptOrders","StayCalm","Diversion","BurningFlash","Unlock1+1","MultiBlock+1","DevastatingThrash","Rewind","Faith"],"picked":"SKIP","floor":30},{"not_picked":["Deflect_lor","NonstopAssault","IngredientHunt","HighKick","GuardingStance","RatsGuideToSurvival","BackAttack+1","UnavoidableGaze","FleetFootsteps"],"picked":"ViolentFlame+1","floor":31},{"not_picked":["SinglePointStab+1","Diversion","ExtractFuel+1","UpbeatPerformance+1","HeavyPeaks+1","WillOfThePrescript+1","FierceCharge","SunsetBlade+1","YoureAHindrance","BizarreAttack"],"picked":"SKIP","floor":35},{"not_picked":["SharpSwipe","DarkCloud+1","Pound+1","AutomatedMovement","Suppress","EnergyCycle+1","Outburst+1","Multislash","AbsorbImpact+1","CookingPrep+1"],"picked":"SKIP","floor":36},{"not_picked":["UnavoidableGaze+1","BizarreAttack","PreemptiveStrike","Thrust","EnergyShield+1","AsThePrescriptOrders","StrongStrike+1","CrackOfDawn","Bvapour+1","DesperateStruggle"],"picked":"SKIP","floor":39},{"not_picked":["NonstopAssault+1","SomberProcuration+1","ReadyUp","HiddenBlade","UnavoidableGaze+1","TendonChords","StayCalm","SharpNails+1","Ripple+1","InkOver+1"],"picked":"SKIP","floor":40},{"not_picked":["DesperateStruggle+1","LossOfSenses+1","YoureAHindrance+1","UnavoidableGaze+1","BiteOff","FrontalAssault","Faith","Leap_lor","ChargeUp"],"picked":"SharpenedBlade","floor":42},{"not_picked":["BurningFlash+1","FierceCharge+1","SkyClearingCut+1","FlamingDragonFist","FlashOfSunup+1","Multislash+1","Parry","GaleKick","PreparedMind","Wallop_lor+1"],"picked":"SKIP","floor":44},{"not_picked":["SkitterAway","KeepItFresh+1","HiddenBlade+1","PreemptiveStrike+1","DefenseOrder","Parry","BurningFlash+1","SkyClearingCut+1","MultiBlock","UnavoidableGaze"],"picked":"SKIP","floor":46},{"not_picked":["ScatteringSlash","FleetFootsteps","ButterflySlash+1","SturdyDefense+1","Pound","HardRehearsal","Standoff","YoureTooSlow","SkitterAway","PreemptiveStrike+1"],"picked":"SKIP","floor":48}],"player_experience":75843,"relics_obtained":[{"floor":1,"key":"Question Card"},{"floor":6,"key":"Shovel"},{"floor":7,"key":"WingedGreaves"},{"floor":9,"key":"PageOfQueenBee"},{"floor":11,"key":"Pen Nib"},{"floor":12,"key":"Ancient Tea Set"},{"floor":15,"key":"PageOfSpiderBud"},{"floor":16,"key":"ImportantClient"},{"floor":19,"key":"Akabeko"},{"floor":23,"key":"PreservedInsect"},{"floor":25,"key":"PageOfForsakenMurderer"},{"floor":26,"key":"Nunchaku"},{"floor":40,"key":"testmod-Antiphasic"},{"floor":41,"key":"Bag of Preparation"},{"floor":43,"key":"PageOfGreed"},{"floor":44,"key":"PageOfTheQueenOfHatred"},{"floor":45,"key":"Bottled Tornado"},{"floor":49,"key":"SynthV:C4"}],"event_choices":[{"damage_healed":0,"gold_gain":0,"player_choice":"Bought 0 Potions","damage_taken":0,"max_hp_gain":0,"max_hp_loss":0,"event_name":"The Woman in Blue","floor":3,"gold_loss":0},{"damage_healed":0,"gold_gain":75,"player_choice":"Gather Gold","damage_taken":11,"max_hp_gain":0,"max_hp_loss":0,"event_name":"World of Goop","floor":5,"gold_loss":0},{"damage_healed":0,"gold_gain":0,"player_choice":"Leave","damage_taken":0,"max_hp_gain":0,"max_hp_loss":0,"event_name":"The Cleric","floor":8,"gold_loss":0},{"damage_healed":0,"gold_gain":0,"player_choice":"Forge","damage_taken":0,"max_hp_gain":0,"max_hp_loss":0,"event_name":"Accursed Blacksmith","floor":10,"gold_loss":0,"cards_upgraded":["DegradedPillar"]},{"damage_healed":0,"gold_gain":0,"player_choice":"Ignored","damage_taken":0,"max_hp_gain":0,"max_hp_loss":0,"event_name":"Ghosts","floor":20,"gold_loss":0},{"damage_healed":0,"gold_gain":0,"player_choice":"Inject Mutagens","damage_taken":0,"relics_obtained":["MutagenicStrength"],"max_hp_gain":0,"max_hp_loss":0,"event_name":"Drug Dealer","floor":21,"gold_loss":0},{"damage_healed":0,"gold_gain":0,"player_choice":"Ignored","damage_taken":0,"max_hp_gain":0,"max_hp_loss":0,"event_name":"The Mausoleum","floor":22,"gold_loss":0},{"damage_healed":0,"gold_gain":0,"player_choice":"Ignored","damage_taken":0,"max_hp_gain":0,"max_hp_loss":0,"event_name":"N\u0027loth","floor":27,"gold_loss":0},{"cards_removed":["WaitUp"],"damage_healed":0,"gold_gain":0,"player_choice":"Offered Uncommon","damage_taken":0,"max_hp_gain":0,"max_hp_loss":0,"event_name":"Bonfire Elementals","floor":37,"gold_loss":0},{"damage_healed":0,"gold_gain":0,"player_choice":"Ignored","damage_taken":0,"max_hp_gain":0,"max_hp_loss":0,"event_name":"Tomb of Lord Red Mask","floor":47,"gold_loss":0}],"is_beta":false,"boss_relics":[{"not_picked":["ExusiaiGun","testmod-IncinerationGenerator"],"picked":"GuanYuAspect"},{"not_picked":["testmod-Fanaticism","Runic Pyramid"],"picked":"FeatherPendant"}],"items_purged_floors":[],"is_endless":false,"potions_floor_spawned":[1,4,6,24,30,31,33,35,42,46],"ascension_level":7}}