{"host":"8fjsnt81u6xsmhji","time":1608472714,"event":{"mods":["BaseMod","Colored Powertips","Downfall","Glutton Mod","Minty Spire (QoL Compilation)","Quick Restart","Somnambulant","StSLib","The Bug Knight","The Construct","The Forsaken","The Hierophant","The Mystic"],"gold_per_floor":[109,128,128,128,145,170,170,122,122,122,148,148,158,185,185,287,287,298,298,318,338,263,263,273,273,298,298,310,329,345,358,358,460,460,470,470,252,252,262,262,262,282,282,282,282,282,298,308,308,308,308],"floor_reached":50,"playtime":2320,"items_purged":[],"score":528,"play_id":"05460906-4520-4036-a688-c60bcd450e96","local_time":"20201220075834","is_ascension_mode":true,"campfire_choices":[{"floor":7.0,"key":"REST"},{"floor":12.0,"key":"REST"},{"floor":15.0,"key":"RECALL"},{"floor":23.0,"key":"REST"},{"floor":25.0,"key":"REST"},{"floor":32.0,"key":"REST"},{"floor":40.0,"key":"REST"},{"floor":44.0,"key":"REST"},{"floor":49,"key":"REST"}],"circlet_count":0,"master_deck":["Strike_R","Strike_R","Strike_R","Strike_R","Defend_R","Defend_R","Defend_R","Bash","Barricade","Whirlwind","Entrench","Intimidate","Headbutt","Rage","Impervious","Iron Wave","Flex+1","Armaments+1","Body Slam","Spot Weakness","Body Slam","Combust+1","Juggernaut","Rage+1","Madness","Madness","Metallicize","Iron Wave+1","Inflame"],"relics":["Burning Blood","Turnip","Orichalcum","theForsaken:Lifeblossom","Omamori","SlaversCollar","Enchiridion","Toy Ornithopter","construct:WeddingRing","Strange Spoon","Shuriken"],"acts_visited":["Exordium","TheCity","TheBeyond"],"potions_floor_usage":[48,50],"damage_taken":[{"damage":5.0,"enemies":"Cultist","floor":1.0,"turns":4.0},{"damage":5.0,"enemies":"Small Slimes","floor":2.0,"turns":4.0},{"damage":8.0,"enemies":"Jaw Worm","floor":5.0,"turns":4.0},{"damage":41.0,"enemies":"3 Sentries","floor":6.0,"turns":8.0},{"damage":3.0,"enemies":"Blue Slaver","floor":13.0,"turns":4.0},{"damage":14.0,"enemies":"Gremlin Nob","floor":14.0,"turns":5.0},{"damage":39.0,"enemies":"The Guardian","floor":16.0,"turns":17.0},{"damage":29.0,"enemies":"Chosen","floor":18.0,"turns":9.0},{"damage":0.0,"enemies":"3 Byrds","floor":20.0,"turns":5.0},{"damage":45.0,"enemies":"Sentry and Sphere","floor":21.0,"turns":6.0},{"damage":6.0,"enemies":"Centurion and Healer","floor":24.0,"turns":10.0},{"damage":13.0,"enemies":"Chosen and Byrds","floor":28.0,"turns":10.0},{"damage":15.0,"enemies":"Snake Plant","floor":29.0,"turns":4.0},{"damage":24.0,"enemies":"3 Cultists","floor":30.0,"turns":5.0},{"damage":40.0,"enemies":"Cultist and Chosen","floor":31.0,"turns":8.0},{"damage":17.0,"enemies":"Champ","floor":33.0,"turns":9.0},{"damage":18.0,"enemies":"3 Shapes","floor":35.0,"turns":6.0},{"damage":56.0,"enemies":"3 Darklings","floor":39.0,"turns":6.0},{"damage":35.0,"enemies":"4 Shapes","floor":42.0,"turns":6.0},{"damage":30,"enemies":"Sphere and 2 Shapes","floor":47,"turns":7},{"damage":34,"enemies":"3 Darklings","floor":48,"turns":7},{"damage":63,"enemies":"Donu and Deca","floor":50,"turns":6}],"seed_played":"6409107738833242069","potions_obtained":[{"floor":1.0,"key":"SkillPotion"},{"floor":6.0,"key":"Swift Potion"},{"floor":14.0,"key":"Block Potion"},{"floor":16.0,"key":"Explosive Potion"},{"floor":20.0,"key":"DuplicationPotion"},{"floor":28.0,"key":"AttackPotion"},{"floor":29.0,"key":"sneckomod:MuddlingPotion"},{"floor":30.0,"key":"DuplicationPotion"},{"floor":31.0,"key":"Dexterity Potion"},{"floor":39.0,"key":"BloodPotion"},{"floor":47,"key":"Guardian:BlockOnCardUsePotion"}],"is_trial":false,"path_per_floor":["M","M","?","?","M","E","R","$","T","T","T","R","M","E","R","B",null,"M","?","M","M","?","R","M","R","T","?","M","M","M","M","R","B",null,"M","?","$","?","M","R","?","M","T","R","?","?","M","M","R","B"],"character_chosen":"IRONCLAD","items_purchased":["Armaments","Strange Spoon","Metallicize"],"campfire_rested":8,"item_purchase_floors":[8,37,37],"current_hp_per_floor":[80,80,73,73,71,36,60,60,60,60,60,80,80,73,73,46,80,57,41,53,20,20,44,50,74,74,74,73,72,60,37,61,66,80,76,66,66,66,22,46,46,23,23,47,47,47,29,28,52,0,0],"gold":308,"neow_bonus":"ONE_RANDOM_RARE_CARD","is_daily":false,"chose_seed":false,"campfire_upgraded":0,"win_rate":0.0,"timestamp":1608472714,"path_taken":["M","?","?","?","M","E","R","$","T","?","?","R","?","E","R","BOSS","M","?","M","M","?","R","M","R","T","?","M","M","M","?","R","BOSS","M","?","$","?","M","R","?","M","T","R","?","?","M","M","R","BOSS"],"items_purchased_type":["Card","Relic","Card"],"build_version":"2020-12-13","purchased_purges":0,"victory":false,"max_hp_per_floor":[80,80,80,80,80,80,80,80,80,80,80,80,80,80,80,80,80,80,80,80,80,80,80,80,80,80,80,80,80,80,80,80,80,80,80,80,80,80,80,80,80,80,80,80,80,80,80,80,80,80,80],"card_choices":[{"not_picked":["Flex","Wild Strike"],"picked":"Whirlwind","floor":1.0},{"not_picked":["Havoc","Blood for Blood"],"picked":"Entrench","floor":2.0},{"not_picked":["Dropkick","Wild Strike","Hemokinesis"],"picked":"SKIP","floor":5.0},{"not_picked":["True Grit","Perfected Strike"],"picked":"Intimidate","floor":6.0},{"not_picked":["Bludgeon","Shrug It Off"],"picked":"Headbutt","floor":13.0},{"not_picked":["Intimidate","Sword Boomerang"],"picked":"Rage","floor":14.0},{"not_picked":["Reaper","Bludgeon"],"picked":"Impervious","floor":16.0},{"not_picked":["Rage","Feel No Pain+1"],"picked":"Iron Wave","floor":18.0},{"not_picked":["Wild Strike","Reckless Charge+1"],"picked":"Flex+1","floor":20.0},{"not_picked":["Flex+1","Clothesline+1"],"picked":"Armaments+1","floor":21.0},{"not_picked":["Sever Soul","True Grit"],"picked":"Body Slam","floor":24.0},{"not_picked":["Armaments+1","Perfected Strike+1","Offering"],"picked":"SKIP","floor":28.0},{"not_picked":["Perfected Strike","Sentinel"],"picked":"Spot Weakness","floor":29.0},{"not_picked":["Rampage+1","Burning Pact"],"picked":"Body Slam","floor":30.0},{"not_picked":["Sword Boomerang","Anger"],"picked":"Combust+1","floor":31.0},{"not_picked":["Reaper","Feed"],"picked":"Juggernaut","floor":33.0},{"not_picked":["Sentinel+1","Twin Strike+1"],"picked":"Rage+1","floor":35.0},{"not_picked":["Heavy Blade","Thunderclap+1","Flex+1"],"picked":"SKIP","floor":39.0},{"not_picked":["True Grit+1","Ghostly Armor+1"],"picked":"Iron Wave+1","floor":42.0},{"not_picked":["Dark Embrace+1","Shrug It Off","Battle Trance"],"picked":"SKIP","floor":47},{"not_picked":["Brutality","Perfected Strike"],"picked":"Inflame","floor":48}],"player_experience":617120,"relics_obtained":[{"floor":6.0,"key":"Turnip"},{"floor":10.0,"key":"Orichalcum"},{"floor":11.0,"key":"theForsaken:Lifeblossom"},{"floor":14.0,"key":"Omamori"},{"floor":19.0,"key":"Enchiridion"},{"floor":26.0,"key":"Toy Ornithopter"},{"floor":43.0,"key":"Shuriken"}],"event_choices":[{"cards_removed":["Strike_R"],"damage_healed":0.0,"max_hp_gain":0.0,"max_hp_loss":0.0,"gold_gain":0.0,"event_name":"Golden Wing","player_choice":"Card Removal","floor":3.0,"gold_loss":0.0,"damage_taken":7.0},{"damage_healed":0.0,"max_hp_gain":0.0,"max_hp_loss":0.0,"gold_gain":0.0,"event_name":"Shining Light","player_choice":"Ignored","floor":4.0,"gold_loss":0.0,"damage_taken":0.0},{"damage_healed":0.0,"max_hp_gain":0.0,"max_hp_loss":0.0,"gold_gain":0.0,"event_name":"Cursed Tome","player_choice":"Obtained Book","floor":19.0,"gold_loss":0.0,"damage_taken":16.0},{"cards_removed":["Defend_R"],"damage_healed":0.0,"max_hp_gain":0.0,"max_hp_loss":0.0,"gold_gain":0.0,"event_name":"Beggar","player_choice":"Gave Gold","floor":22.0,"gold_loss":75.0,"damage_taken":0.0},{"damage_healed":0.0,"max_hp_gain":0.0,"max_hp_loss":0.0,"gold_gain":0.0,"event_name":"Ghosts","player_choice":"Ignored","floor":27.0,"gold_loss":0.0,"damage_taken":0.0},{"damage_healed":0.0,"max_hp_gain":0.0,"max_hp_loss":0.0,"gold_gain":0.0,"event_name":"Winding Halls","player_choice":"Embrace Madness","floor":36.0,"gold_loss":0.0,"damage_taken":10.0,"cards_obtained":["Madness","Madness"]},{"cards_removed":["Armaments"],"damage_healed":0.0,"max_hp_gain":0.0,"max_hp_loss":0.0,"gold_gain":0.0,"event_name":"Falling","player_choice":"Removed Skill","floor":38.0,"gold_loss":0.0,"damage_taken":0.0},{"damage_healed":0.0,"max_hp_gain":0.0,"max_hp_loss":0.0,"gold_gain":0.0,"event_name":"Tomb of Lord Red Mask","player_choice":"Ignored","floor":41.0,"gold_loss":0.0,"damage_taken":0.0},{"damage_healed":0,"gold_gain":0,"player_choice":"Ignored","damage_taken":0,"max_hp_gain":0,"max_hp_loss":0,"event_name":"Mysterious Sphere","floor":46,"gold_loss":0}],"is_beta":false,"boss_relics":[{"not_picked":["Philosopher\u0027s Stone","Snecko Eye"],"picked":"SlaversCollar"},{"not_picked":["Runic Cube","Sozu"],"picked":"construct:WeddingRing"}],"items_purged_floors":[],"is_endless":false,"potions_floor_spawned":[1,6,14,16,20,28,29,30,31,39,47],"killed_by":"Donu and Deca","ascension_level":1}}