{"host":"daa8jqyg4gqfaysm","time":1608443089,"event":{"mods":["BaseMod","Colored Powertips","Minty Spire (QoL Compilation)","StSLib"],"gold_per_floor":[18,18,35,50,70,103,119,119,119,119,145,162,172,204,204,279,279,291,291,302,60,73,73,105,120,191,218,218,233,233,233,233,310,310,326,63,0,19,30,65,83,113,113,113,113,113,133,133,133,133,133,133,133,27,52,52,52],"floor_reached":56,"playtime":2146,"items_purged":["Strike_R","Strike_R"],"score":1938,"play_id":"dbf6c8b4-1c33-40e6-8d67-103c622a8e17","local_time":"20201220134449","is_ascension_mode":true,"campfire_choices":[{"floor":8,"key":"REST"},{"data":"Bash","floor":10,"key":"SMITH"},{"data":"Immolate","floor":15,"key":"SMITH"},{"data":"Flame Barrier","floor":23,"key":"SMITH"},{"data":"Whirlwind","floor":28,"key":"SMITH"},{"data":"Uppercut","floor":30,"key":"SMITH"},{"data":"Double Tap","floor":32,"key":"SMITH"},{"floor":44,"key":"RECALL"},{"data":"Limit Break","floor":46,"key":"SMITH"},{"data":"Juggernaut","floor":49,"key":"SMITH"},{"data":"Impervious","floor":53,"key":"SMITH"}],"circlet_count":0,"master_deck":["AscendersBane","Strike_R","Strike_R","Defend_R","Defend_R","Defend_R","Defend_R","Bash+1","Immolate+1","Armaments+1","Anger","Dark Embrace","Flame Barrier+1","Offering","Shrug It Off","Uppercut+1","Double Tap+1","Second Wind","Whirlwind+1","Limit Break+1","Juggernaut+1","Impervious+1","Burning Pact","Apotheosis","Shrug It Off+1","Heavy Blade"],"relics":["Burning Blood","Bronze Scales","Anchor","Tiny Chest","Eternal Feather","Snecko Eye","Brimstone","Shuriken","Nunchaku","HornCleat","Mark of Pain","Centennial Puzzle","Red Mask","InkBottle","Oddly Smooth Stone","Blue Candle","Self Forming Clay","Akabeko"],"acts_visited":["Exordium","TheCity","TheBeyond","TheEnding"],"potions_floor_usage":[4,6,14,24,33,33,33,40,50,50,55],"damage_taken":[{"damage":0,"enemies":"2 Louse","floor":1,"turns":1},{"damage":0,"enemies":"Cultist","floor":3,"turns":2},{"damage":0,"enemies":"Jaw Worm","floor":4,"turns":1},{"damage":31,"enemies":"Exordium Thugs","floor":5,"turns":6},{"damage":29,"enemies":"Lagavulin","floor":6,"turns":7},{"damage":5,"enemies":"Large Slime","floor":7,"turns":6},{"damage":5,"enemies":"3 Sentries","floor":11,"turns":4},{"damage":0,"enemies":"Exordium Wildlife","floor":12,"turns":2},{"damage":8,"enemies":"Blue Slaver","floor":13,"turns":3},{"damage":11,"enemies":"Lagavulin","floor":14,"turns":8},{"damage":32,"enemies":"Slime Boss","floor":16,"turns":7},{"damage":29,"enemies":"Shell Parasite","floor":18,"turns":5},{"damage":0,"enemies":"Chosen","floor":20,"turns":3},{"damage":13,"enemies":"3 Cultists","floor":22,"turns":4},{"damage":2,"enemies":"Book of Stabbing","floor":24,"turns":3},{"damage":7,"enemies":"Snake Plant","floor":25,"turns":2},{"damage":8,"enemies":"Gremlin Leader","floor":27,"turns":4},{"damage":3,"enemies":"Centurion and Healer","floor":29,"turns":5},{"damage":34,"enemies":"Champ","floor":33,"turns":7},{"damage":1,"enemies":"Orb Walker","floor":35,"turns":3},{"damage":1,"enemies":"3 Darklings","floor":38,"turns":2},{"damage":6,"enemies":"Maw","floor":39,"turns":4},{"damage":23,"enemies":"Giant Head","floor":40,"turns":5},{"damage":7,"enemies":"Jaw Worm Horde","floor":41,"turns":2},{"damage":25,"enemies":"Nemesis","floor":42,"turns":5},{"damage":6,"enemies":"Writhing Mass","floor":47,"turns":3},{"damage":55,"enemies":"Awakened One","floor":50,"turns":8},{"damage":21,"enemies":"Time Eater","floor":51,"turns":8},{"damage":69,"enemies":"Shield and Spear","floor":55,"turns":5},{"damage":12,"enemies":"The Heart","floor":56,"turns":2}],"seed_played":"-2802200123895739686","potions_obtained":[{"floor":1,"key":"Energy Potion"},{"floor":3,"key":"PowerPotion"},{"floor":6,"key":"SkillPotion"},{"floor":12,"key":"PowerPotion"},{"floor":13,"key":"HeartOfIron"},{"floor":16,"key":"EntropicBrew"},{"floor":24,"key":"EssenceOfSteel"},{"floor":33,"key":"Weak Potion"},{"floor":38,"key":"DistilledChaos"},{"floor":41,"key":"SpeedPotion"},{"floor":42,"key":"DistilledChaos"},{"floor":55,"key":"SkillPotion"}],"is_trial":false,"path_per_floor":["M","?","M","M","M","E","M","R","T","R","E","M","M","E","R","B",null,"M","?","M","$","M","R","E","M","T","E","R","M","R","T","R","B",null,"M","$","?","M","M","E","M","E","T","R","?","R","M","T","R","B","B",null,"R","$","E","B"],"character_chosen":"IRONCLAD","items_purchased":["Brimstone","Centennial Puzzle","Heavy Blade","Explosive Potion"],"campfire_rested":1,"item_purchase_floors":[21,36,54,54],"current_hp_per_floor":[74,74,75,75,50,27,28,50,50,50,51,57,55,50,59,33,65,42,42,48,48,41,50,54,53,53,51,63,66,75,75,75,47,68,73,73,73,75,75,58,57,38,38,50,50,62,62,62,75,26,11,59,74,74,11,0,0],"gold":52,"neow_bonus":"THREE_RARE_CARDS","is_daily":false,"chose_seed":false,"campfire_upgraded":9,"win_rate":0.0,"timestamp":1608443089,"path_taken":["M","?","?","M","M","E","M","R","T","R","E","?","M","E","R","BOSS","M","?","M","$","M","R","E","?","T","E","R","M","R","?","R","BOSS","M","$","?","M","M","E","M","E","T","R","?","R","?","?","R","BOSS","BOSS","R","$","E","BOSS"],"items_purchased_type":["Relic","Relic","Card","Potion"],"build_version":"2020-12-13","purchased_purges":2,"victory":false,"max_hp_per_floor":[75,75,75,75,75,75,75,75,75,75,75,75,75,75,75,75,75,75,75,75,75,75,75,75,75,75,75,75,75,75,75,75,75,75,75,75,75,75,75,75,75,75,75,75,75,75,75,75,75,75,75,75,75,75,75,75,75],"card_choices":[{"not_picked":["Juggernaut","Berserk"],"picked":"Immolate","floor":0},{"not_picked":["Hemokinesis","Uppercut"],"picked":"Armaments","floor":1},{"not_picked":["Bloodletting","Rage"],"picked":"Anger","floor":3},{"not_picked":["Clothesline","Pommel Strike"],"picked":"Dark Embrace","floor":4},{"not_picked":["Warcry","Searing Blow","Twin Strike"],"picked":"SKIP","floor":5},{"not_picked":["Pommel Strike","Hemokinesis"],"picked":"Flame Barrier","floor":6},{"not_picked":["Sword Boomerang","Infernal Blade","Hemokinesis"],"picked":"SKIP","floor":7},{"not_picked":["Hemokinesis","Heavy Blade"],"picked":"Offering","floor":11},{"not_picked":["Sword Boomerang","Dark Embrace","Clash"],"picked":"SKIP","floor":12},{"not_picked":["Cleave","Body Slam"],"picked":"Shrug It Off","floor":13},{"not_picked":["Hemokinesis","Fire Breathing"],"picked":"Uppercut","floor":14},{"not_picked":["Brutality","Offering"],"picked":"Double Tap","floor":16},{"not_picked":["Warcry","Wild Strike","Burning Pact"],"picked":"SKIP","floor":18},{"not_picked":["Clothesline","Anger","Cleave"],"picked":"SKIP","floor":20},{"not_picked":["Body Slam","Anger"],"picked":"Second Wind","floor":22},{"not_picked":["Blood for Blood","Intimidate","Perfected Strike"],"picked":"SKIP","floor":24},{"not_picked":["Sword Boomerang","Perfected Strike","Havoc"],"picked":"SKIP","floor":25},{"not_picked":["Barricade","Thunderclap+1"],"picked":"Whirlwind","floor":27},{"not_picked":["Twin Strike","Warcry","Seeing Red"],"picked":"SKIP","floor":29},{"not_picked":["Double Tap","Brutality"],"picked":"Limit Break","floor":33},{"not_picked":["Flex","Infernal Blade","Pommel Strike"],"picked":"SKIP","floor":35},{"not_picked":["Clothesline","Havoc"],"picked":"Juggernaut","floor":38},{"not_picked":["Perfected Strike+1","Bloodletting","Body Slam"],"picked":"SKIP","floor":39},{"not_picked":["Cleave","Clothesline+1"],"picked":"Impervious","floor":40},{"not_picked":["Havoc","Thunderclap","Pommel Strike"],"picked":"SKIP","floor":41},{"not_picked":["Sever Soul","Body Slam+1"],"picked":"Burning Pact","floor":42},{"not_picked":["Master of Strategy","Enlightenment"],"picked":"Apotheosis","floor":45},{"not_picked":["Anger","Armaments"],"picked":"Shrug It Off+1","floor":47},{"not_picked":["Wild Strike","Flex+1","Barricade"],"picked":"SKIP","floor":55}],"player_experience":709512,"relics_obtained":[{"floor":6,"key":"Bronze Scales"},{"floor":9,"key":"Anchor"},{"floor":11,"key":"Tiny Chest"},{"floor":14,"key":"Eternal Feather"},{"floor":24,"key":"Shuriken"},{"floor":27,"key":"Nunchaku"},{"floor":31,"key":"HornCleat"},{"floor":40,"key":"InkBottle"},{"floor":42,"key":"Oddly Smooth Stone"},{"floor":43,"key":"Blue Candle"},{"floor":48,"key":"Self Forming Clay"},{"floor":55,"key":"Akabeko"}],"event_choices":[{"cards_removed":["Strike_R"],"damage_healed":0,"gold_gain":0,"player_choice":"Card Removal","damage_taken":0,"max_hp_gain":0,"max_hp_loss":0,"event_name":"Wheel of Change","floor":2,"gold_loss":0},{"damage_healed":0,"gold_gain":0,"player_choice":"Upgraded","damage_taken":0,"max_hp_gain":0,"max_hp_loss":0,"event_name":"Upgrade Shrine","floor":19,"gold_loss":0,"cards_upgraded":["Armaments"]},{"damage_healed":0,"gold_gain":0,"player_choice":"Paid","damage_taken":0,"relics_obtained":["Red Mask"],"max_hp_gain":0,"max_hp_loss":0,"event_name":"Tomb of Lord Red Mask","floor":37,"gold_loss":63},{"damage_healed":0,"gold_gain":0,"player_choice":"Memory 1","damage_taken":0,"max_hp_gain":0,"max_hp_loss":0,"event_name":"SensoryStone","floor":45,"gold_loss":0}],"is_beta":false,"boss_relics":[{"not_picked":["Astrolabe","Cursed Key"],"picked":"Snecko Eye"},{"not_picked":["Runic Pyramid","Black Star"],"picked":"Mark of Pain"}],"items_purged_floors":[21,36],"is_endless":false,"potions_floor_spawned":[1,3,6,12,13,16,20,24,33,38,41,42,55],"killed_by":"The Heart","ascension_level":20}}