{"host":"wghdsg8ym2wc7ov9","time":1608435916,"event":{"mods":["AchievementEnabler","BaseMod","Better Altar","Better Note","Colored Map","Hermit","Highlight Path","Jorbs\u0027s Wanderer Trilogy","Minty Spire (QoL Compilation)","Random Character Button","Relic Stats","Shop Mod","StSLib","The Bug Knight","The Cursed","The Hierophant","The Servant 0.9.4"],"gold_per_floor":[115,127,227,227,247,272,9,9,32,57,57,91,101,120,120,215,215,235,255,265,281,299,299,299,299],"floor_reached":24,"playtime":5762,"items_purged":[],"score":270,"play_id":"800be33a-4948-4612-9fb1-e5d7fbfa7ade","local_time":"20201219194516","is_ascension_mode":false,"campfire_choices":[{"floor":8,"key":"REST"},{"floor":11,"key":"REST"},{"floor":15,"key":"REST"},{"floor":23,"key":"REST"}],"circlet_count":0,"master_deck":["Strike_S","Strike_S","Strike_S","Strike_S","Defend_S","Defend_S","Defend_S","Defend_S","KidneyShot","Exchange","DualDimension","Contraction","Reset","ReturningBlade","Chrysalis","Luminosity","Ricochet","Potential","FlawlessForm","BestPractice","ShiftingGears","SoulSculpture","GearUp","RealityMarble","SilverBlades","GearUp","Solidify"],"relics":["Uniform","Akabeko","Happy Flower","Mummified Hand","MealTicket","Black Star"],"acts_visited":["Exordium","TheCity"],"potions_floor_usage":[10,18,18,24],"damage_taken":[{"damage":0,"enemies":"Cultist","floor":1,"turns":3},{"damage":0,"enemies":"Small Slimes","floor":2,"turns":3},{"damage":5,"enemies":"2 Louse","floor":5,"turns":2},{"damage":52,"enemies":"Gremlin Nob","floor":6,"turns":7},{"damage":5,"enemies":"HollowMod:MossKnight","floor":10,"turns":13},{"damage":4,"enemies":"Gremlin Nob","floor":12,"turns":4},{"damage":4,"enemies":"3 Louse","floor":13,"turns":3},{"damage":0,"enemies":"2 Fungi Beasts","floor":14,"turns":3},{"damage":0,"enemies":"Hexaghost","floor":16,"turns":16},{"damage":22,"enemies":"3 Byrds","floor":18,"turns":8},{"damage":0,"enemies":"Spheric Guardian","floor":19,"turns":1},{"damage":5,"enemies":"Snake Plant","floor":20,"turns":7},{"damage":6,"enemies":"Shelled Parasite and Fungi","floor":21,"turns":5},{"damage":22,"enemies":"Centurion and Healer","floor":22,"turns":7},{"damage":29,"enemies":"3 Cultists","floor":24,"turns":6}],"seed_played":"6448219302825593751","potions_obtained":[{"floor":1,"key":"Energy Potion"},{"floor":10,"key":"ColorlessPotion"},{"floor":13,"key":"Dexterity Potion"},{"floor":22,"key":"FearPotion"}],"is_trial":false,"path_per_floor":["M","M","?","$","M","E","$","R","T","E","R","E","M","M","R","B",null,"M","M","M","M","M","R","M"],"character_chosen":"THE_SERVANT","items_purchased":["Chrysalis","Luminosity","Ricochet"],"campfire_rested":4,"item_purchase_floors":[7,7,7],"current_hp_per_floor":[65,65,65,65,60,8,8,27,27,22,41,37,33,33,52,52,65,43,43,38,32,10,29,0,0],"gold":299,"neow_bonus":"RANDOM_COMMON_RELIC","is_daily":false,"chose_seed":false,"campfire_upgraded":0,"win_rate":0.0,"timestamp":1608435916,"path_taken":["M","M","?","?","M","E","$","R","T","E","R","E","?","M","R","BOSS","M","M","M","M","?","R","M"],"items_purchased_type":["Card","Card","Card"],"build_version":"2020-12-13","purchased_purges":0,"victory":false,"max_hp_per_floor":[65,65,65,65,65,65,65,65,65,65,65,65,65,65,65,65,65,65,65,65,65,65,65,65,65],"relic_stats":{"Happy Flower":[24],"counters":[15,88],"Mummified Hand":[33],"MealTicket":0,"Black Star":0,"obtain_stats":[{"Happy Flower":6,"Mummified Hand":10,"MealTicket":12,"Uniform":0,"Black Star":17,"Akabeko":0},{"Happy Flower":4,"Mummified Hand":5,"MealTicket":6,"Uniform":0,"Black Star":9,"Akabeko":0},{"Happy Flower":15,"Mummified Hand":28,"MealTicket":32,"Uniform":0,"Black Star":54,"Akabeko":0}]},"card_choices":[{"not_picked":["Unruled","ReturningBlade"],"picked":"DualDimension","floor":1},{"not_picked":["ReturningBlade","Unruled"],"picked":"Contraction","floor":2},{"not_picked":["Collapse","Contraction"],"picked":"Reset","floor":5},{"not_picked":["Sabotage","BottledTime"],"picked":"ReturningBlade","floor":6},{"not_picked":["Ricochet","Alleviate"],"picked":"Potential","floor":10},{"not_picked":["Luminosity","Unruled"],"picked":"FlawlessForm","floor":12},{"not_picked":["FastForward","SurpressingFire"],"picked":"BestPractice","floor":13},{"not_picked":["Rearm","Defy"],"picked":"ShiftingGears","floor":14},{"not_picked":["KillingDoll","Solidify"],"picked":"SoulSculpture","floor":16},{"not_picked":["Moonlight","Defy"],"picked":"GearUp","floor":18},{"not_picked":["Moonlight","Spin"],"picked":"RealityMarble","floor":19},{"not_picked":["Defy","Foresight+1"],"picked":"SilverBlades","floor":20},{"not_picked":["Spin","Reset"],"picked":"GearUp","floor":21},{"not_picked":["TimeWarp","BottledTime+1"],"picked":"Solidify","floor":22}],"player_experience":442379,"relics_obtained":[{"floor":6,"key":"Happy Flower"},{"floor":10,"key":"Mummified Hand"},{"floor":12,"key":"MealTicket"}],"event_choices":[{"damage_healed":0,"gold_gain":100,"player_choice":"Pray","damage_taken":0,"max_hp_gain":0,"max_hp_loss":0,"event_name":"Golden Shrine","floor":3,"gold_loss":0}],"is_beta":false,"boss_relics":[{"not_picked":["Snecko Eye","Busted Crown"],"picked":"Black Star"}],"items_purged_floors":[],"is_endless":false,"potions_floor_spawned":[1,10,13,22],"killed_by":"3 Cultists","ascension_level":0}}