{"host":"qwttrqaysb380yri","time":1608487009,"event":{"mods":["BaseMod","Custom Start","Minty Spire (QoL Compilation)","Permanent Neow","Puzzle Mod","Relic Stats","StSLib","The Cursed","The Hierophant"],"gold_per_floor":[109,119,119,139,154,154,173,173,199,219,247,284,284,50,50,46,46],"floor_reached":16,"playtime":427,"items_purged":[],"score":196,"play_id":"9fb8fe5c-b08d-4e9c-8992-b679bfd7138c","local_time":"20201220185649","is_ascension_mode":true,"campfire_choices":[{"data":"hierophant:Exaltation","floor":6,"key":"SMITH"},{"data":"hierophant:ChurchCoffers","floor":8,"key":"SMITH"},{"data":"hierophant:Martyrdom","floor":13,"key":"SMITH"},{"data":"hierophant:Repentance","floor":15,"key":"SMITH"}],"circlet_count":0,"master_deck":["AscendersBane","hierophant:Strike_Hierophant","hierophant:Strike_Hierophant","hierophant:Strike_Hierophant","hierophant:Punish","hierophant:Defend_Hierophant","hierophant:Defend_Hierophant","hierophant:Defend_Hierophant","hierophant:Defend_Hierophant","hierophant:ChurchCoffers+1","hierophant:Exaltation+1","hierophant:FlamingChariot","hierophant:ThreeLashes","hierophant:Repentance+1","hierophant:Doubloon","hierophant:CoinFling","hierophant:Endure","hierophant:FlamingChariot","hierophant:Zeal","hierophant:Martyrdom+1","hierophant:BulkyChest","hierophant:SealAway"],"relics":["hierophant:PropheticMaskRelic","Ancient Tea Set","Oddly Smooth Stone","MealTicket"],"acts_visited":["Exordium"],"potions_floor_usage":[7,12,16],"damage_taken":[{"damage":7,"enemies":"Small Slimes","floor":1,"turns":3},{"damage":6,"enemies":"Cultist","floor":2,"turns":3},{"damage":5,"enemies":"2 Louse","floor":4,"turns":2},{"damage":0,"enemies":"Large Slime","floor":5,"turns":5},{"damage":18,"enemies":"Gremlin Nob","floor":7,"turns":4},{"damage":2,"enemies":"Blue Slaver","floor":10,"turns":2},{"damage":0,"enemies":"Red Slaver","floor":11,"turns":2},{"damage":12,"enemies":"3 Sentries","floor":12,"turns":5},{"damage":32,"enemies":"Slime Boss","floor":16,"turns":5}],"seed_played":"3236202361933782302","potions_obtained":[{"floor":2,"key":"Energy Potion"},{"floor":4,"key":"Block Potion"},{"floor":10,"key":"LiquidBronze"},{"floor":11,"key":"PowerPotion"}],"is_trial":false,"path_per_floor":["M","M","?","M","M","R","E","R","T","M","M","E","R","$","R","B"],"character_chosen":"HIEROPHANT","items_purchased":["hierophant:BulkyChest","hierophant:SealAway","ColorlessPotion"],"campfire_rested":0,"item_purchase_floors":[14,14,14],"current_hp_per_floor":[61,55,55,50,50,50,32,32,32,30,30,18,18,33,33,1,1],"gold":46,"neow_bonus":"TRANSFORM_CARD","is_daily":false,"chose_seed":false,"campfire_upgraded":4,"win_rate":0.0,"timestamp":1608487009,"path_taken":["M","M","?","?","M","R","E","R","T","M","M","E","R","?","R","BOSS"],"items_purchased_type":["Card","Card","Potion"],"build_version":"2020-12-13","purchased_purges":0,"victory":false,"max_hp_per_floor":[75,75,75,75,75,75,75,75,75,75,75,75,75,75,75,75,75],"relic_stats":{"counters":[9,31],"MealTicket":15,"obtain_stats":[{"hierophant:PropheticMaskRelic":0,"Oddly Smooth Stone":9,"MealTicket":12,"Ancient Tea Set":7},{"hierophant:PropheticMaskRelic":0,"Oddly Smooth Stone":5,"MealTicket":8,"Ancient Tea Set":5},{"hierophant:PropheticMaskRelic":0,"Oddly Smooth Stone":17,"MealTicket":26,"Ancient Tea Set":17}]},"card_choices":[{"not_picked":["hierophant:HammerAndAnvil","hierophant:Racketeering"],"picked":"hierophant:FlamingChariot","floor":1},{"not_picked":["hierophant:RustyCrate","hierophant:Dazzle"],"picked":"hierophant:ThreeLashes","floor":2},{"not_picked":["hierophant:Encroach","hierophant:Bribe"],"picked":"hierophant:Repentance","floor":4},{"not_picked":["hierophant:RecallFunds","hierophant:Exaltation"],"picked":"hierophant:CoinFling","floor":5},{"not_picked":["hierophant:Charity","hierophant:PassingBell"],"picked":"hierophant:Endure","floor":7},{"not_picked":["hierophant:RustyCrate","hierophant:Empathy"],"picked":"hierophant:FlamingChariot","floor":10},{"not_picked":["hierophant:DisplayOfPower","hierophant:Endure"],"picked":"hierophant:Zeal","floor":11},{"not_picked":["hierophant:Alms","hierophant:Levitation"],"picked":"hierophant:Martyrdom","floor":12}],"player_experience":1911959,"relics_obtained":[{"floor":7,"key":"Ancient Tea Set"},{"floor":9,"key":"Oddly Smooth Stone"},{"floor":12,"key":"MealTicket"}],"event_choices":[{"damage_healed":0,"gold_gain":0,"player_choice":"Ignored","damage_taken":0,"max_hp_gain":0,"max_hp_loss":0,"event_name":"Purifier","floor":3,"gold_loss":0}],"is_beta":false,"boss_relics":[],"items_purged_floors":[],"is_endless":false,"potions_floor_spawned":[2,4,10,11],"killed_by":"Slime Boss","ascension_level":15}}