{"host":"r1jwo8rj1qrhdefy","time":1608496139,"event":{"mods":["AchievementEnabler","BaseMod","Better Altar","Better Match","Better Note","Better Sensory Stone","Better Skull","Better Third Choice","BetterRewards","Clawfect","Colored Map","Conspire","Downfall","GifTheSpireLib","Halation","Highlight Path","Hubris","Infinite Spire","Mimic Mod","Minty Spire (QoL Compilation)","Permanent Neow","Replay The Spire","Shop Mod","Spicy Shops","StSLib","Stuff the Spire","The Jungle","The Problem Sleuth","Unceasing Turn Reminder","everything is the same but u backflip on backflip","slay the spire mod where everything is the same but ironclad has a cowboy hat"],"gold_per_floor":[99,99,99,99,99,99,99,99,99,128,145,165,165,0,19,115,115,115,51,51,51,79,94,94,127,178,115,152,179,293,329,356,382,382],"floor_reached":33,"playtime":2486,"items_purged":[],"score":265,"play_id":"b796a0cf-0fac-43d0-8d4f-addd40bf5d14","local_time":"20201220212859","is_ascension_mode":false,"campfire_choices":[{"data":"hexamod:Sear","floor":1,"key":"SMITH"},{"floor":5,"key":"REST"},{"floor":9,"key":"REST"},{"floor":18,"key":"DIG"},{"data":"hexamod:Firestarter","floor":21,"key":"SMITH"},{"data":"hexamod:RadiantFlame","floor":27,"key":"SMITH"}],"circlet_count":0,"master_deck":["hexamod:Strike","hexamod:Strike","hexamod:Strike","hexamod:Defend","hexamod:Defend","hexamod:Defend","hexamod:Sear+1","hexamod:Float","hexamod:FirstSeal","hexamod:FourthSeal","hexamod:HauntingEcho","hexamod:TimeWarp","hexamod:GhostflameInferno","hexamod:SpectersWail+1","hexamod:Firestarter+1","hexamod:ThermalTransfer","hexamod:StepThrough+1","hexamod:GhostOfSpirePresent","hexamod:RadiantFlame+1","hexamod:BurningTouch","hexamod:HauntingEcho+1","hexamod:ParanormalForm","hexamod:RadiantFlame","hexamod:Hexaguard+1"],"relics":["hexamod:SpiritBrand","hubris:DisguiseKit","infinitespire:PuzzleCube","Bag of Marbles","Juzu Bracelet","Quantum Egg","StuffTheSpire:SapphireSignet","StuffTheSpire:MayFlowers","Lantern","Painkiller Herb","halation:IllGainedPizza","MawBank","Ice Cream","downfall:HeartBlessingGreen","Toy Ornithopter"],"acts_visited":["Exordium","TheCity"],"potions_floor_usage":[16,16,22,25,30,32,33,33],"damage_taken":[{"damage":13,"enemies":"Replay:BlueRogue","floor":10,"turns":5},{"damage":1,"enemies":"Small Slimes","floor":11,"turns":3},{"damage":4,"enemies":"conspire:RoseBush","floor":12,"turns":3},{"damage":0,"enemies":"downfall:FleeingMerchant","floor":14,"turns":4},{"damage":0,"enemies":"Cultist","floor":15,"turns":3},{"damage":60,"enemies":"downfall:Ironclad","floor":16,"turns":9},{"damage":0,"enemies":"downfall:FleeingMerchant","floor":19,"turns":4},{"damage":0,"enemies":"3 Byrds","floor":22,"turns":4},{"damage":0,"enemies":"Chosen","floor":23,"turns":3},{"damage":25,"enemies":"Snecko","floor":25,"turns":6},{"damage":10,"enemies":"conspire:Head Lice","floor":26,"turns":7},{"damage":15,"enemies":"Cultist and Chosen","floor":28,"turns":6},{"damage":14,"enemies":"Centurion and Healer","floor":29,"turns":4},{"damage":10,"enemies":"downfall:LadyInBlue","floor":30,"turns":6},{"damage":15,"enemies":"conspire:HollyBat","floor":31,"turns":7},{"damage":21,"enemies":"Shelled Parasite and Fungi","floor":32,"turns":3},{"damage":45,"enemies":"downfall:Silent","floor":33,"turns":4}],"seed_played":"1902117478591268653","potions_obtained":[{"floor":10,"key":"DuplicationPotion"},{"floor":11,"key":"Milkshake"},{"floor":11,"key":"FearPotion"},{"floor":16,"key":"Ancient Potion"},{"floor":16,"key":"DistilledChaos"},{"floor":19,"key":"BlessingOfTheForge"},{"floor":22,"key":"PowerPotion"},{"floor":23,"key":"PowerPotion"},{"floor":25,"key":"Elixir"},{"floor":30,"key":"SkillPotion"},{"floor":30,"key":"hexamod:DoubleChargePotion"}],"is_trial":false,"path_per_floor":["R","?","?","?","R","?","T","?","R","E","M","M","?","$","M","B",null,"T","T","?","T","?","?","T","?","E","T","?","?","?","?","?","B"],"character_chosen":"THE_SPIRIT","items_purchased":["Lantern","hexamod:Firestarter"],"campfire_rested":2,"item_purchase_floors":[14,19],"current_hp_per_floor":[70,70,63,14,35,35,35,35,56,50,56,59,59,66,70,16,70,70,70,70,70,70,70,70,55,58,58,55,43,45,42,33,0,0],"gold":382,"neow_bonus":"REMOVE_CARD","is_daily":false,"chose_seed":false,"campfire_upgraded":3,"win_rate":0.0,"timestamp":1608496139,"path_taken":["R","?","?","?","R","?","T","?","R","E","M","M","?","$","M","BOSS","T","T","?","T","?","?","T","?","E","T","?","?","?","?","?","BOSS"],"items_purchased_type":["Relic","Card"],"build_version":"2020-12-13","purchased_purges":0,"victory":false,"max_hp_per_floor":[70,70,70,70,70,70,70,70,70,70,70,70,70,70,70,70,70,70,70,70,70,70,70,70,70,70,70,70,70,70,70,70,70,70],"card_choices":[{"not_picked":["hexamod:PhantomFireball","hexamod:FastForward","champ:BladeFlurry"],"picked":"hexamod:FourthSeal","floor":10},{"not_picked":["hexamod:ShieldOfDarkness","hexamod:SpectersWail","champ:BerserkersShout"],"picked":"hexamod:HauntingEcho","floor":11},{"not_picked":["hexamod:NightmareGuise","hexamod:FastForward","champ:Circumvent"],"picked":"hexamod:TimeWarp","floor":12},{"not_picked":["hexamod:RainOfEmbers","hexamod:BacktrackSmack","hexamod:ChargedBarrage","champ:Haymaker"],"picked":"SKIP","floor":14},{"not_picked":["hexamod:ShieldOfDarkness","hexamod:CatchUp","hexamod:GhostflameBarrier","champ:SkillfulDodge"],"picked":"SKIP","floor":15},{"not_picked":["hexamod:ShieldOfDarkness","hexamod:CatchUp","hexamod:GhostflameBarrier","champ:SkillfulDodge"],"picked":"SKIP","floor":15},{"not_picked":["hexamod:SearingWound","hexamod:FifthSeal","champ:PerfectForm"],"picked":"hexamod:GhostflameInferno","floor":16},{"not_picked":["hexamod:BacktrackSmack","hexamod:SpectralAdrenaline+1","champ:Circumvent"],"picked":"hexamod:SpectersWail+1","floor":19},{"not_picked":["hexamod:AdvancingGuard","hexamod:SpectralAdrenaline","champ:FalseCounter"],"picked":"hexamod:ThermalTransfer","floor":22},{"not_picked":["hexamod:PhantomFireball","hexamod:SpectersWail","champ:FaceSlap"],"picked":"hexamod:StepThrough+1","floor":23},{"not_picked":["hexamod:GhostShield","hexamod:GhostLash","champ:Encircle"],"picked":"hexamod:GhostOfSpirePresent","floor":25},{"not_picked":["hexamod:GhostflameBarrier","hexamod:SkipABeat","champ:Circumvent"],"picked":"hexamod:RadiantFlame","floor":26},{"not_picked":["hexamod:HeatShield","hexamod:ThermalTransfer","champ:IronFortress"],"picked":"hexamod:BurningTouch","floor":28},{"not_picked":["hexamod:GhostOfSpirePast","hexamod:ShieldOfDarkness","champ:EnragedBash"],"picked":"hexamod:HauntingEcho+1","floor":29},{"not_picked":["hexamod:BacktrackSmack","hexamod:GhostLash","champ:IronFortress"],"picked":"hexamod:ParanormalForm","floor":30},{"not_picked":["hexamod:NightmareStrike","hexamod:GhostShield","champ:FocusedBerserking"],"picked":"hexamod:RadiantFlame","floor":31},{"not_picked":["hexamod:FastForward","hexamod:SpectersWail","champ:FocusedGladiator"],"picked":"hexamod:Hexaguard+1","floor":32}],"player_experience":2146,"relics_obtained":[{"floor":7,"key":"Quantum Egg"},{"floor":8,"key":"StuffTheSpire:SapphireSignet"},{"floor":10,"key":"StuffTheSpire:MayFlowers"},{"floor":18,"key":"halation:IllGainedPizza"},{"floor":24,"key":"MawBank"},{"floor":26,"key":"Ice Cream"},{"floor":30,"key":"Toy Ornithopter"}],"event_choices":[{"damage_healed":0,"gold_gain":0,"player_choice":"RE RE RE ","damage_taken":55,"relics_obtained":["infinitespire:PuzzleCube","Bag of Marbles","Juzu Bracelet"],"max_hp_gain":0,"max_hp_loss":0,"event_name":"betterSkull:BetterSkull","floor":4,"gold_loss":0,"cards_upgraded":[]},{"damage_healed":0,"gold_gain":0,"player_choice":"Disagree","damage_taken":0,"max_hp_gain":0,"max_hp_loss":0,"event_name":"conspire:LoneGhost","floor":13,"gold_loss":0},{"cards_removed":["hexamod:SpectersWail"],"damage_healed":0,"gold_gain":0,"player_choice":"Give","damage_taken":0,"max_hp_gain":0,"max_hp_loss":0,"event_name":"betterNote:BetterNote","floor":20,"gold_loss":0,"cards_obtained":["None"]}],"is_beta":false,"boss_relics":[{"not_picked":["StuffTheSpire:RunicConfusion","hubris:CrackedHourglass"],"picked":"Painkiller Herb"}],"items_purged_floors":[],"is_endless":false,"potions_floor_spawned":[10,11,15,16,23,25,31,32],"killed_by":"downfall:Silent","ascension_level":0}}