{"host":"81h68oe4mr04pk3r","time":1608446194,"event":{"mods":["Act Like it!","Aspiration","BaseMod","BetterRewards","Colored Map","Colored Powertips","Conspire","Downfall","Hermit","Hubris","Infinite Spire","Jorbs\u0027s Wanderer Trilogy","Koishi","Lobotomy","LobotomyExtend","Marisa????????","Minty Spire (QoL Compilation)","Quick Restart","Reimu??????","Remilia??????","Replay The Spire","StSLib","The Bug Knight","The Construct","The Cursed","The Disciple","The Servant 0.9.4"],"gold_per_floor":[149,149,149,149,179,41,113,113,113,144,158,158,169,182,193,193,193],"floor_reached":16,"playtime":593,"items_purged":[],"score":133,"play_id":"d538ad2a-fff0-44b9-9689-97b81dba1c62","local_time":"20201219223634","is_ascension_mode":false,"campfire_choices":[{"data":"sneckomod:SnekBeam","floor":9,"key":"SMITH"}],"circlet_count":0,"master_deck":["sneckomod:Strike","sneckomod:Strike","sneckomod:Strike","sneckomod:Defend","sneckomod:Defend","sneckomod:Defend","sneckomod:TailWhip","sneckomod:SnekBite","sneckomod:Unknown","sneckomod:Unknown","sneckomod:UnknownClassGREEN","sneckomod:SlitherStrike","sneckomod:SnekBeam+1","sneckomod:UnknownClassMARISA_COLOR","sneckomod:UnknownClassREIMU_COLOR","sneckomod:UnknownClassREIMU_COLOR","sneckomod:UnknownUncommonAttack","sneckomod:RainOfDice+1","sneckomod:Unknown1Cost","sneckomod:QuickBite+1","sneckomod:Nope","sneckomod:Nope"],"relics":["sneckomod:SneckoSoul","downfall:HeartsMalice","LetterFromLob","Pen Nib","Molten Egg 2","Vajra","InspiredRelic"],"acts_visited":["Exordium"],"potions_floor_usage":[16,16,16],"damage_taken":[{"damage":0,"enemies":"2 Louse","floor":3,"turns":1},{"damage":0,"enemies":"Small Slimes","floor":4,"turns":1},{"damage":0,"enemies":"Lagavulin","floor":5,"turns":1},{"damage":5,"enemies":"downfall:FleeingMerchant","floor":6,"turns":4},{"damage":21,"enemies":"3 Sentries","floor":10,"turns":4},{"damage":9,"enemies":"Jaw Worm","floor":11,"turns":4},{"damage":20,"enemies":"Large Slime","floor":13,"turns":4},{"damage":0,"enemies":"Blue Slaver","floor":14,"turns":1},{"damage":16,"enemies":"Gremlin Gang","floor":15,"turns":3},{"damage":42,"enemies":"downfall:Ironclad","floor":16,"turns":3}],"seed_played":"2275180192937972415","potions_obtained":[{"floor":5,"key":"FearPotion"},{"floor":10,"key":"Explosive Potion"},{"floor":14,"key":"Adrenaline Potion"}],"is_trial":false,"path_per_floor":["R_BF","?","M","M","E","$","T","?","R","E","M","?","M","M","M","B"],"character_chosen":"THE_SNECKO","items_purchased":["sneckomod:UnknownClassREIMU_COLOR","sneckomod:UnknownUncommonAttack"],"campfire_rested":0,"item_purchase_floors":[6,6],"current_hp_per_floor":[90,90,91,91,91,90,90,90,90,69,61,61,41,41,25,0,0],"gold":193,"neow_bonus":"THREE_ENEMY_KILL","is_daily":false,"chose_seed":false,"campfire_upgraded":1,"win_rate":0.0,"timestamp":1608446194,"path_taken":["R_BF","?","M","M","E","$","T","?","R","E","M","?","M","M","M","BOSS"],"items_purchased_type":["Card","Card"],"build_version":"2020-12-13","purchased_purges":0,"victory":false,"max_hp_per_floor":[90,90,91,91,91,95,95,95,95,95,96,96,96,96,96,96,96],"card_choices":[{"not_picked":["sneckomod:SoulCleanse","sneckomod:UnknownVulnerable"],"picked":"sneckomod:UnknownClassGREEN","floor":3},{"not_picked":["sneckomod:UnknownClassRED","sneckomod:RainOfDice"],"picked":"sneckomod:SlitherStrike","floor":4},{"not_picked":["sneckomod:UnknownExhaust","sneckomod:Unknown1Cost"],"picked":"sneckomod:SnekBeam","floor":5},{"not_picked":["sneckomod:Unknown1Cost","sneckomod:UnknownClassTHE_CHAMP_GRAY"],"picked":"sneckomod:UnknownClassMARISA_COLOR","floor":6},{"not_picked":["sneckomod:UnknownCommonSkill","sneckomod:UnknownClassWANDERER_GRAY_COLOR"],"picked":"sneckomod:RainOfDice+1","floor":10},{"not_picked":["sneckomod:SnakeSap+1","sneckomod:DiceBlock"],"picked":"sneckomod:Unknown1Cost","floor":11},{"not_picked":["sneckomod:UnknownClassWANDERER_GRAY_COLOR","sneckomod:UnknownRareSkill"],"picked":"sneckomod:QuickBite+1","floor":13},{"not_picked":["sneckomod:SoulDraw","sneckomod:IronFang+1"],"picked":"sneckomod:Nope","floor":14},{"not_picked":["sneckomod:DefensiveFlair","sneckomod:UnknownClassREMILIA_COLOR"],"picked":"sneckomod:Nope","floor":15}],"player_experience":122757,"relics_obtained":[{"floor":3,"key":"LetterFromLob"},{"floor":5,"key":"Pen Nib"},{"floor":7,"key":"Molten Egg 2"},{"floor":10,"key":"Vajra"}],"event_choices":[{"damage_healed":0,"gold_gain":0,"player_choice":"Leave","damage_taken":0,"max_hp_gain":0,"max_hp_loss":0,"event_name":"conspire:Investor","floor":2,"gold_loss":0}],"is_beta":false,"boss_relics":[],"items_purged_floors":[],"is_endless":false,"potions_floor_spawned":[5,10,14,15],"killed_by":"downfall:Ironclad","ascension_level":0}}