{"host":"yk98keyoflza93y0","time":1608430632,"event":{"mods":["AchievementEnabler","BaseMod","BetterRewards","Card Forge","Colored Map","DeckTracker","Minty Spire (QoL Compilation)","Shop Mod","StSLib","SuperFastMode","The Poker Player"],"gold_per_floor":[111,111,126,143,68,94,94,127,153,183,183,218,237,251,251,326,326,326,326,326,326,326,326,326,326,326,326,326,326,40,40,40,40,40,40,0,0,0,0,0,0,0,0,0,0,0,0,0,0,0,0,0,0,0,0,0],"floor_reached":57,"playtime":2110,"items_purged":["Strike_G"],"score":4560,"play_id":"333ed64f-fa0c-4802-beba-be92da9b38aa","local_time":"20201220111712","is_ascension_mode":true,"campfire_choices":[{"data":"1","floor":7,"key":"LIFT"},{"data":"2","floor":11,"key":"LIFT"},{"data":"3","floor":15,"key":"LIFT"},{"data":"Acrobatics","floor":24,"key":"SMITH"},{"floor":28,"key":"RECALL"},{"data":"Concentrate","floor":32,"key":"SMITH"},{"data":"Corpse Explosion","floor":41,"key":"SMITH"},{"data":"Prepared","floor":49,"key":"SMITH"},{"data":"Dash+1","floor":53,"key":"PURGE"}],"circlet_count":0,"master_deck":["AscendersBane","Defend_G","Defend_G","Survivor+1","Neutralize+1","Bouncing Flask+1","Catalyst+1","Poisoned Stab+1","Acrobatics+1","Concentrate+1","Corpse Explosion+1","Reflex+1","Reflex+1","Calculated Gamble+1","Footwork+1","Concentrate+1","Prepared+1"],"relics":["Ring of the Snake","Hammer of Thor","Seething Fire","Anvil of the Gods","PreservedInsect","Peace Pipe","Bird Faced Urn","Bronze Scales","MealTicket","Pocketwatch","Ginger","TwistedFunnel","Omamori","Girya","HornCleat","White Beast Statue","Lee\u0027s Waffle","FossilizedHelix","Incense Burner","FaceOfCleric","Strawberry","Vajra","Calipers","Snake Skull","Ectoplasm","Anchor","InkBottle","Du-Vu Doll","Matryoshka","Bag of Marbles","Coffee Dripper","Red Mask","Dream Catcher","Toy Ornithopter","Boot","Ornamental Fan","Ancient Tea Set","Torii","Bottled Lightning"],"acts_visited":["Exordium","TheCity","TheBeyond","TheEnding"],"potions_floor_usage":[16,31,50],"damage_taken":[{"damage":0,"enemies":"Jaw Worm","floor":1,"turns":2},{"damage":0,"enemies":"Cultist","floor":3,"turns":3},{"damage":0,"enemies":"2 Louse","floor":4,"turns":2},{"damage":0,"enemies":"Gremlin Nob","floor":6,"turns":3},{"damage":0,"enemies":"3 Sentries","floor":8,"turns":4},{"damage":0,"enemies":"Lagavulin","floor":10,"turns":3},{"damage":0,"enemies":"Gremlin Nob","floor":12,"turns":2},{"damage":0,"enemies":"Looter","floor":13,"turns":2},{"damage":0,"enemies":"Blue Slaver","floor":14,"turns":1},{"damage":0,"enemies":"Slime Boss","floor":16,"turns":4},{"damage":0,"enemies":"3 Byrds","floor":18,"turns":3},{"damage":0,"enemies":"Chosen","floor":21,"turns":2},{"damage":0,"enemies":"Snake Plant","floor":22,"turns":1},{"damage":0,"enemies":"Gremlin Leader","floor":23,"turns":3},{"damage":0,"enemies":"3 Cultists","floor":25,"turns":3},{"damage":0,"enemies":"Centurion and Healer","floor":27,"turns":3},{"damage":0,"enemies":"Book of Stabbing","floor":29,"turns":2},{"damage":0,"enemies":"Gremlin Leader","floor":31,"turns":3},{"damage":9,"enemies":"Automaton","floor":33,"turns":6},{"damage":0,"enemies":"3 Shapes","floor":35,"turns":3},{"damage":0,"enemies":"3 Darklings","floor":39,"turns":2},{"damage":0,"enemies":"Reptomancer","floor":40,"turns":3},{"damage":0,"enemies":"Transient","floor":42,"turns":6},{"damage":0,"enemies":"Nemesis","floor":45,"turns":3},{"damage":0,"enemies":"Jaw Worm Horde","floor":46,"turns":1},{"damage":0,"enemies":"Sphere and 2 Shapes","floor":47,"turns":2},{"damage":0,"enemies":"Reptomancer","floor":48,"turns":3},{"damage":0,"enemies":"Time Eater","floor":50,"turns":4},{"damage":0,"enemies":"Donu and Deca","floor":51,"turns":3},{"damage":0,"enemies":"Shield and Spear","floor":55,"turns":1},{"damage":66,"enemies":"The Heart","floor":56,"turns":5}],"seed_played":"7440796186182314312","potions_obtained":[{"floor":1,"key":"BlessingOfTheForge"},{"floor":3,"key":"Weak Potion"},{"floor":10,"key":"PowerPotion"},{"floor":13,"key":"Fire Potion"},{"floor":16,"key":"Fire Potion"},{"floor":21,"key":"Ancient Potion"},{"floor":23,"key":"PowerPotion"},{"floor":31,"key":"Fruit Juice"},{"floor":33,"key":"FearPotion"},{"floor":39,"key":"Weak Potion"},{"floor":46,"key":"Poison Potion"},{"floor":55,"key":"Explosive Potion"}],"is_trial":false,"path_per_floor":["M","?","M","M","?","E","R","E","T","E","R","E","M","M","R","B",null,"M","?","?","M","M","E","R","M","T","M","R","E","$","E","R","B",null,"M","?","$","?","M","E","R","M","T","$","E","M","M","E","R","B","B",null,"R","$","E","B",null],"character_chosen":"THE_SILENT","items_purchased":["PreservedInsect","Peace Pipe","MealTicket","Pocketwatch","TwistedFunnel","Omamori","HornCleat","White Beast Statue","Lee\u0027s Waffle","FossilizedHelix","Matryoshka"],"campfire_rested":0,"item_purchase_floors":[0,0,0,0,0,0,0,0,0,0,30],"current_hp_per_floor":[73,73,74,75,75,83,83,84,84,85,85,86,87,88,88,89,89,90,90,100,101,102,103,103,104,104,105,105,106,106,112,112,104,111,112,112,114,114,115,116,116,117,117,117,118,119,120,121,121,122,123,123,123,123,124,59],"gold":0,"neow_bonus":"","is_daily":false,"chose_seed":false,"campfire_upgraded":4,"win_rate":0.0,"timestamp":1608430632,"path_taken":["M","?","M","?","?","E","R","E","T","E","R","E","M","M","R","BOSS","M","?","?","?","M","E","R","M","T","M","R","E","$","E","R","BOSS","M","?","$","?","M","E","R","M","T","$","E","?","M","E","R","BOSS","BOSS","R","$","E","BOSS"],"items_purchased_type":["Relic","Relic","Relic","Relic","Relic","Relic","Relic","Relic","Relic","Relic","Relic"],"build_version":"2020-12-13","purchased_purges":1,"victory":true,"max_hp_per_floor":[73,73,74,75,75,83,83,84,84,85,85,86,87,88,88,89,89,90,90,100,101,102,103,103,104,104,105,105,106,106,112,112,113,113,114,114,114,114,115,116,116,117,117,117,118,119,120,121,121,122,123,123,123,123,124,125],"card_choices":[{"not_picked":["Quick Slash","Prepared","Acrobatics"],"picked":"SKIP","floor":1},{"not_picked":["Underhanded Strike","Acrobatics"],"picked":"Bouncing Flask","floor":3},{"not_picked":["Accuracy","Underhanded Strike"],"picked":"Dash","floor":4},{"not_picked":["Reflex","Backflip"],"picked":"Catalyst","floor":6},{"not_picked":["Quick Slash","Sucker Punch","Underhanded Strike"],"picked":"SKIP","floor":8},{"not_picked":["Underhanded Strike","Unload","Dodge and Roll"],"picked":"SKIP","floor":10},{"not_picked":["Flying Knee","Backstab"],"picked":"Poisoned Stab","floor":12},{"not_picked":["All Out Attack","Sucker Punch","PiercingWail"],"picked":"SKIP","floor":13},{"not_picked":["Well Laid Plans","Bane","Cloak And Dagger"],"picked":"SKIP","floor":14},{"not_picked":["A Thousand Cuts","Grand Finale"],"picked":"Malaise","floor":16},{"not_picked":["Bane","PiercingWail"],"picked":"Acrobatics","floor":18},{"not_picked":["Bane","PiercingWail","Dagger Spray"],"picked":"SKIP","floor":21},{"not_picked":["Acrobatics+1","Deadly Poison","Quick Slash"],"picked":"SKIP","floor":22},{"not_picked":["Eviscerate","Dodge and Roll","Wraith Form v2"],"picked":"SKIP","floor":23},{"not_picked":["Setup","Deadly Poison","Dagger Throw"],"picked":"SKIP","floor":25},{"not_picked":["Underhanded Strike","PiercingWail","Deflect+1"],"picked":"SKIP","floor":27},{"not_picked":["Slice","Predator"],"picked":"Concentrate","floor":29},{"not_picked":["Dash","Quick Slash","Caltrops"],"picked":"SKIP","floor":31},{"not_picked":["Venomology","After Image"],"picked":"Corpse Explosion","floor":33},{"not_picked":["Backstab","Cloak And Dagger+1"],"picked":"Reflex","floor":35},{"not_picked":["All Out Attack","Bouncing Flask"],"picked":"Reflex+1","floor":39},{"not_picked":["Bane","Dagger Spray"],"picked":"Calculated Gamble","floor":40},{"not_picked":["Crippling Poison","Cloak And Dagger","Acrobatics"],"picked":"SKIP","floor":42},{"not_picked":["Poisoned Stab","Choke+1","Sucker Punch"],"picked":"SKIP","floor":45},{"not_picked":["Dash","Bane"],"picked":"Footwork","floor":46},{"not_picked":["Wraith Form v2","Setup"],"picked":"Concentrate+1","floor":47},{"not_picked":["Leg Sweep","PiercingWail"],"picked":"Prepared","floor":48},{"not_picked":["Die Die Die","Crippling Poison","Caltrops"],"picked":"SKIP","floor":55}],"player_experience":1501855,"relics_obtained":[{"floor":6,"key":"Strawberry"},{"floor":8,"key":"Vajra"},{"floor":10,"key":"Calipers"},{"floor":12,"key":"Snake Skull"},{"floor":23,"key":"Anchor"},{"floor":26,"key":"InkBottle"},{"floor":29,"key":"Du-Vu Doll"},{"floor":31,"key":"Bag of Marbles"},{"floor":40,"key":"Toy Ornithopter"},{"floor":43,"key":"Boot"},{"floor":43,"key":"Ornamental Fan"},{"floor":45,"key":"Ancient Tea Set"},{"floor":48,"key":"Torii"},{"floor":55,"key":"Bottled Lightning"}],"event_choices":[{"damage_healed":0,"gold_gain":0,"player_choice":"Trade","damage_taken":0,"relics_obtained":["FaceOfCleric"],"max_hp_gain":0,"max_hp_loss":0,"event_name":"FaceTrader","floor":2,"gold_loss":0},{"cards_removed":["Strike_G"],"damage_healed":0,"gold_gain":0,"player_choice":"Card Removal","damage_taken":0,"max_hp_gain":0,"max_hp_loss":0,"event_name":"The Cleric","floor":5,"gold_loss":75},{"damage_healed":0,"gold_gain":50,"player_choice":"Stole From Cult","damage_taken":0,"max_hp_gain":0,"max_hp_loss":0,"event_name":"Nest","floor":19,"gold_loss":0},{"cards_removed":["Malaise"],"damage_healed":0,"gold_gain":0,"player_choice":"Offered Rare","damage_taken":0,"max_hp_gain":10,"max_hp_loss":0,"event_name":"Bonfire Elementals","floor":20,"gold_loss":0},{"damage_healed":0,"gold_gain":0,"player_choice":"Paid","damage_taken":0,"relics_obtained":["Red Mask"],"max_hp_gain":0,"max_hp_loss":0,"event_name":"Tomb of Lord Red Mask","floor":36,"gold_loss":40},{"damage_healed":0,"gold_gain":0,"player_choice":"Gave Potion","damage_taken":0,"relics_obtained":["Dream Catcher"],"max_hp_gain":0,"max_hp_loss":0,"event_name":"WeMeetAgain","floor":38,"gold_loss":0}],"is_beta":false,"boss_relics":[{"not_picked":["Velvet Choker","Snecko Eye"],"picked":"Ectoplasm"},{"not_picked":["Busted Crown","Calling Bell"],"picked":"Coffee Dripper"}],"items_purged_floors":[0],"is_endless":false,"potions_floor_spawned":[1,3,4,6,8,10,12,13,14,16,18,21,22,23,25,27,29,31,33,35,39,40,42,45,46,47,48,55],"ascension_level":20}}