{"host":"fne7yx97fnz7kq05","time":1608442294,"event":{"mods":["BaseMod","Colored Map","Colored Powertips","Highlight Path","Minty Spire (QoL Compilation)","Relic Stats"],"gold_per_floor":[113,128,128,138,138,138,149,181,207,222,3,14,41,60,60,163,163,178,178,178,194,194,194,194,206,233,263,263,43,57,86,86,86,86],"floor_reached":33,"playtime":1828,"items_purged":["Strike_R"],"score":515,"play_id":"94d71bbd-1593-4255-940c-b207e56a8e7c","local_time":"20201219233134","is_ascension_mode":true,"campfire_choices":[{"data":"Bash","floor":6,"key":"SMITH"},{"data":"Armaments","floor":15,"key":"SMITH"},{"data":"Dark Embrace","floor":23,"key":"SMITH"},{"floor":28,"key":"REST"},{"data":"Heavy Blade","floor":32,"key":"SMITH"}],"circlet_count":0,"master_deck":["AscendersBane","Strike_R+1","Defend_R+1","Defend_R+1","Defend_R+1","Defend_R+1","Bash+1","Discovery+1","Pummel+1","Battle Trance","True Grit","Anger","Armaments+1","Shrug It Off","Twin Strike","Dark Embrace+1","Double Tap","Dark Embrace+1","Second Wind+1","Blood for Blood+1","Cleave+1","J.A.X.","Decay","Heavy Blade+1"],"relics":["Burning Blood","Whetstone","Regal Pillow","Bag of Preparation","Lantern","Astrolabe","Bronze Scales","Ice Cream","Membership Card","Oddly Smooth Stone","Vajra"],"acts_visited":["Exordium","TheCity"],"potions_floor_usage":[13,21,31,31],"damage_taken":[{"damage":0,"enemies":"Small Slimes","floor":1,"turns":3},{"damage":8,"enemies":"2 Louse","floor":2,"turns":3},{"damage":9,"enemies":"Jaw Worm","floor":4,"turns":2},{"damage":24,"enemies":"Exordium Wildlife","floor":7,"turns":8},{"damage":33,"enemies":"Lagavulin","floor":8,"turns":7},{"damage":10,"enemies":"Exordium Thugs","floor":10,"turns":6},{"damage":3,"enemies":"Large Slime","floor":12,"turns":7},{"damage":14,"enemies":"3 Sentries","floor":13,"turns":7},{"damage":0,"enemies":"Looter","floor":14,"turns":3},{"damage":21,"enemies":"Hexaghost","floor":16,"turns":11},{"damage":20,"enemies":"Spheric Guardian","floor":18,"turns":4},{"damage":1,"enemies":"2 Thieves","floor":21,"turns":3},{"damage":4,"enemies":"Centurion and Healer","floor":25,"turns":5},{"damage":41,"enemies":"Book of Stabbing","floor":27,"turns":6},{"damage":3,"enemies":"Snake Plant","floor":30,"turns":3},{"damage":3,"enemies":"Slavers","floor":31,"turns":4},{"damage":86,"enemies":"Champ","floor":33,"turns":9}],"seed_played":"-7471267094362964059","potions_obtained":[{"floor":7,"key":"SteroidPotion"},{"floor":8,"key":"DuplicationPotion"},{"floor":14,"key":"Fire Potion"},{"floor":27,"key":"SkillPotion"},{"floor":30,"key":"AttackPotion"}],"is_trial":false,"path_per_floor":["M","M","?","M","?","R","M","E","T","M","$","M","E","M","R","B",null,"M","?","?","M","?","R","?","M","T","E","R","$","M","E","R","B"],"character_chosen":"IRONCLAD","items_purchased":["Bag of Preparation","Membership Card","Oddly Smooth Stone"],"campfire_rested":1,"item_purchase_floors":[11,29,29],"current_hp_per_floor":[78,76,76,73,73,73,55,28,28,24,24,27,19,25,25,10,63,49,49,49,54,54,54,54,56,56,21,60,60,63,66,66,0,0],"gold":86,"neow_bonus":"RANDOM_COLORLESS","is_daily":false,"chose_seed":false,"campfire_upgraded":4,"win_rate":0.0,"timestamp":1608442294,"path_taken":["M","M","?","M","?","R","M","E","T","M","$","M","E","M","R","BOSS","M","?","?","?","?","R","?","M","T","E","R","$","M","E","R","BOSS"],"items_purchased_type":["Relic","Relic","Relic"],"build_version":"2020-12-13","purchased_purges":1,"victory":false,"max_hp_per_floor":[80,80,80,80,80,80,80,80,80,80,80,80,80,80,80,80,80,80,80,80,80,80,80,80,80,80,80,80,80,80,80,80,80,80],"relic_stats":{"Regal Pillow":15,"counters":[17,91],"Astrolabe":["Dark Embrace","Second Wind","Blood for Blood"],"Bronze Scales":[93],"Bag of Preparation":[22],"Whetstone":["Pummel","Strike_R"],"obtain_stats":[{"Ice Cream":27,"Regal Pillow":9,"Lantern":13,"Astrolabe":17,"Bronze Scales":26,"Oddly Smooth Stone":29,"Vajra":31,"Bag of Preparation":11,"Whetstone":8,"Membership Card":29,"Burning Blood":0},{"Ice Cream":14,"Regal Pillow":5,"Lantern":8,"Astrolabe":10,"Bronze Scales":13,"Oddly Smooth Stone":14,"Vajra":16,"Bag of Preparation":6,"Whetstone":5,"Membership Card":14,"Burning Blood":0},{"Ice Cream":75,"Regal Pillow":23,"Lantern":43,"Astrolabe":57,"Bronze Scales":69,"Oddly Smooth Stone":75,"Vajra":82,"Bag of Preparation":29,"Whetstone":23,"Membership Card":75,"Burning Blood":0}],"Burning Blood":96},"card_choices":[{"not_picked":["Trip","Finesse"],"picked":"Discovery","floor":0},{"not_picked":["Thunderclap","Flex"],"picked":"Pummel","floor":1},{"not_picked":["Anger","Pummel"],"picked":"Battle Trance","floor":2},{"not_picked":["Flex","Headbutt"],"picked":"True Grit","floor":4},{"not_picked":["Seeing Red","Headbutt"],"picked":"Anger","floor":7},{"not_picked":["Pummel","Havoc","Heavy Blade"],"picked":"SKIP","floor":8},{"not_picked":["True Grit","Battle Trance"],"picked":"Armaments","floor":10},{"not_picked":["Seeing Red","Whirlwind"],"picked":"Shrug It Off","floor":12},{"not_picked":["Exhume","Clash"],"picked":"Twin Strike","floor":13},{"not_picked":["Clash","Thunderclap"],"picked":"Dark Embrace","floor":14},{"not_picked":["Juggernaut","Berserk"],"picked":"Double Tap","floor":16},{"not_picked":["Heavy Blade","Body Slam"],"picked":"Cleave+1","floor":18},{"not_picked":["Inflame","Seeing Red","Twin Strike"],"picked":"SKIP","floor":21},{"not_picked":["True Grit","Rage","Flame Barrier"],"picked":"SKIP","floor":25},{"not_picked":["Perfected Strike","Sword Boomerang","Thunderclap"],"picked":"SKIP","floor":27},{"not_picked":["Sever Soul","Searing Blow"],"picked":"Heavy Blade","floor":30},{"not_picked":["Twin Strike","Perfected Strike","Flame Barrier"],"picked":"SKIP","floor":31}],"player_experience":66578,"relics_obtained":[{"floor":8,"key":"Whetstone"},{"floor":9,"key":"Regal Pillow"},{"floor":13,"key":"Lantern"},{"floor":26,"key":"Bronze Scales"},{"floor":27,"key":"Ice Cream"},{"floor":31,"key":"Vajra"}],"event_choices":[{"damage_healed":0,"gold_gain":0,"player_choice":"Leave","damage_taken":0,"max_hp_gain":0,"max_hp_loss":0,"event_name":"The Cleric","floor":3,"gold_loss":0},{"damage_healed":0,"gold_gain":0,"player_choice":"Grow","damage_taken":0,"max_hp_gain":0,"max_hp_loss":0,"event_name":"Living Wall","floor":5,"gold_loss":0,"cards_upgraded":["Discovery"]},{"damage_healed":0,"gold_gain":0,"player_choice":"Simplicity","damage_taken":0,"max_hp_gain":0,"max_hp_loss":0,"event_name":"Back to Basics","floor":19,"gold_loss":0,"cards_upgraded":["Defend_R","Defend_R","Defend_R","Defend_R"]},{"damage_healed":0,"gold_gain":0,"player_choice":"Got Potions","damage_taken":0,"max_hp_gain":0,"max_hp_loss":0,"event_name":"Lab","floor":20,"gold_loss":0},{"damage_healed":0,"gold_gain":0,"player_choice":"Obtain J.A.X.","damage_taken":0,"max_hp_gain":0,"max_hp_loss":0,"event_name":"Drug Dealer","floor":22,"gold_loss":0,"cards_obtained":["J.A.X."]},{"damage_healed":0,"gold_gain":0,"player_choice":"Smashed Altar","damage_taken":0,"max_hp_gain":0,"max_hp_loss":0,"event_name":"Forgotten Altar","floor":24,"gold_loss":0,"cards_obtained":["Decay"]}],"is_beta":false,"boss_relics":[{"not_picked":["Runic Cube","SacredBark"],"picked":"Astrolabe"}],"items_purged_floors":[11],"is_endless":false,"potions_floor_spawned":[7,8,10,12,14,27,30],"killed_by":"Champ","ascension_level":12}}