{"host":"cccop0r9ue4xv1s4","time":1608490214,"event":{"mods":["AchievementEnabler","BaseMod","Downfall","Marisa¡]Ãú«B¡@Å]²z¨F¡^","Minty Spire (QoL Compilation)","Quick Restart","Shop Mod","StSLib","SuperFastMode","The Servant 0.9.4"],"gold_per_floor":[111,111,36,36,36,36,48,123,196,196,96,115,115,126,126,231,231,241,116,130,145,145,173,23,34,34,34,34,34,50,50,50],"floor_reached":31,"playtime":550,"items_purged":["Defend_R","Defend_R","Defend_R","Defend_R"],"score":243,"play_id":"25f095b7-11e5-4f4d-b244-ed399b01dccf","local_time":"20201221025014","is_ascension_mode":false,"campfire_choices":[{"data":"Strike_R","floor":6,"key":"SMITH"},{"data":"Heavy Blade","floor":10,"key":"SMITH"},{"data":"Clash","floor":15,"key":"SMITH"},{"floor":29,"key":"REST"}],"circlet_count":0,"master_deck":["Strike_R","Strike_R","Strike_R","Strike_R+1","Strike_R+1","Bash+1","Heavy Blade+1","Clash+1","Clash"],"relics":["Burning Blood"],"acts_visited":["Exordium","TheCity"],"potions_floor_usage":[23,23,25,31],"damage_taken":[{"damage":2,"enemies":"Small Slimes","floor":1,"turns":4},{"damage":1,"enemies":"Cultist","floor":7,"turns":3},{"damage":6,"enemies":"Jaw Worm","floor":12,"turns":2},{"damage":14,"enemies":"2 Fungi Beasts","floor":14,"turns":4},{"damage":66,"enemies":"Hexaghost","floor":16,"turns":9},{"damage":27,"enemies":"Shell Parasite","floor":18,"turns":4},{"damage":5,"enemies":"Spheric Guardian","floor":20,"turns":3},{"damage":23,"enemies":"3 Cultists","floor":21,"turns":5},{"damage":23,"enemies":"Slavers","floor":23,"turns":4},{"damage":27,"enemies":"Centurion and Healer","floor":25,"turns":4},{"damage":21,"enemies":"Snake Plant","floor":30,"turns":2},{"damage":28,"enemies":"Shelled Parasite and Fungi","floor":31,"turns":2}],"seed_played":"7201566975844665321","potions_obtained":[{"floor":14,"key":"Energy Potion"},{"floor":16,"key":"Explosive Potion"},{"floor":21,"key":"hexamod:EctoCoolerPotion"},{"floor":25,"key":"Strength Potion"},{"floor":30,"key":"LiquidBronze"}],"is_trial":false,"path_per_floor":["M","?","$","?","?","R","M","?","T","R","$","M","?","M","R","B",null,"M","$","M","M","$","E","$","M","T","T","T","R","M","M"],"character_chosen":"IRONCLAD","items_purchased":[],"campfire_rested":1,"item_purchase_floors":[],"current_hp_per_floor":[88,88,88,88,88,88,88,77,77,77,77,77,77,69,69,9,88,67,67,68,51,51,34,34,13,13,13,13,39,24,0,0],"gold":50,"neow_bonus":"TEN_PERCENT_HP_BONUS","is_daily":false,"chose_seed":false,"campfire_upgraded":3,"win_rate":0.0,"timestamp":1608490214,"path_taken":["M","?","$","?","?","R","?","?","T","R","$","M","?","?","R","BOSS","M","$","M","M","$","E","$","M","T","?","?","R","M","M"],"items_purchased_type":[],"build_version":"2020-12-13","purchased_purges":4,"victory":false,"max_hp_per_floor":[88,88,88,88,88,88,88,88,88,88,88,88,88,88,88,88,88,88,88,88,88,88,88,88,88,88,88,88,88,88,88,88],"card_choices":[{"not_picked":["Sword Boomerang","Warcry","Twin Strike"],"picked":"SKIP","floor":1},{"not_picked":["Flame Barrier","Shockwave"],"picked":"Heavy Blade","floor":7},{"not_picked":["Anger","Clothesline","Double Tap"],"picked":"SKIP","floor":12},{"not_picked":["Fire Breathing","Warcry"],"picked":"Clash","floor":14},{"not_picked":["Twin Strike","Shockwave"],"picked":"Clash","floor":18},{"not_picked":["Dual Wield","Havoc","Perfected Strike"],"picked":"SKIP","floor":20},{"not_picked":["Evolve+1","Cleave","Blood for Blood"],"picked":"SKIP","floor":21},{"not_picked":["Wild Strike","Iron Wave","Armaments"],"picked":"SKIP","floor":23},{"not_picked":["Armaments+1","Uppercut","Dark Embrace+1"],"picked":"SKIP","floor":25},{"not_picked":["Havoc","Warcry","Second Wind+1"],"picked":"SKIP","floor":30}],"player_experience":283850,"relics_obtained":[],"event_choices":[{"damage_healed":0,"gold_gain":0,"player_choice":"Ignored","damage_taken":0,"max_hp_gain":0,"max_hp_loss":0,"event_name":"Liars Game","floor":2,"gold_loss":0},{"damage_healed":0,"gold_gain":0,"player_choice":"Grow","damage_taken":0,"max_hp_gain":0,"max_hp_loss":0,"event_name":"Living Wall","floor":4,"gold_loss":0,"cards_upgraded":["Bash"]},{"damage_healed":0,"gold_gain":0,"player_choice":"Full Heal","damage_taken":0,"max_hp_gain":0,"max_hp_loss":0,"event_name":"Wheel of Change","floor":5,"gold_loss":0},{"damage_healed":0,"gold_gain":75,"player_choice":"Gather Gold","damage_taken":11,"max_hp_gain":0,"max_hp_loss":0,"event_name":"World of Goop","floor":8,"gold_loss":0},{"damage_healed":0,"gold_gain":0,"player_choice":"Forge","damage_taken":0,"max_hp_gain":0,"max_hp_loss":0,"event_name":"Accursed Blacksmith","floor":13,"gold_loss":0,"cards_upgraded":["Strike_R"]}],"is_beta":false,"boss_relics":[{"not_picked":["Astrolabe","Runic Dome","Cursed Key"]}],"items_purged_floors":[3,11,19,24],"is_endless":false,"potions_floor_spawned":[14,16,21,25,30],"killed_by":"Shelled Parasite and Fungi","ascension_level":0}}