{"host":"69rply1jf2d1wbmp","time":1608436114,"event":{"mods":["BaseMod","Minty Spire (QoL Compilation)","Quick Restart"],"gold_per_floor":[364,2,16,26,26,61,61,75,75,91,106,116,116,29,29,124,124,124,124],"floor_reached":18,"playtime":613,"items_purged":["Regret"],"score":164,"play_id":"140e199d-20d5-4ce0-8255-b079859c92be","local_time":"20201219224834","is_ascension_mode":false,"campfire_choices":[{"floor":7,"key":"REST"},{"floor":15,"key":"REST"}],"circlet_count":0,"master_deck":["Strike_B","Strike_B","Strike_B","Defend_B","Defend_B","Defend_B","Defend_B","Zap","Dualcast","Sweeping Beam","Leap","White Noise","Lockon","Echo Form","Capacitor","Rip and Tear","Conserve Battery","Melter","Conserve Battery"],"relics":["Cracked Core","Medical Kit","Bottled Lightning","GremlinMask","Inserter"],"acts_visited":["Exordium","TheCity"],"potions_floor_usage":[10,12],"damage_taken":[{"damage":0,"enemies":"2 Louse","floor":1,"turns":1},{"damage":0,"enemies":"Cultist","floor":3,"turns":4},{"damage":0,"enemies":"Jaw Worm","floor":4,"turns":3},{"damage":32,"enemies":"3 Sentries","floor":6,"turns":9},{"damage":21,"enemies":"Large Slime","floor":8,"turns":5},{"damage":28,"enemies":"Exordium Thugs","floor":10,"turns":6},{"damage":6,"enemies":"2 Fungi Beasts","floor":11,"turns":4},{"damage":9,"enemies":"Exordium Wildlife","floor":12,"turns":2},{"damage":8,"enemies":"Hexaghost","floor":16,"turns":9},{"damage":0,"enemies":"Shell Parasite","floor":18,"turns":1}],"seed_played":"1861219839675717124","potions_obtained":[{"floor":3,"key":"EssenceOfDarkness"},{"floor":8,"key":"Energy Potion"},{"floor":12,"key":"Swift Potion"},{"floor":16,"key":"AttackPotion"}],"is_trial":false,"path_per_floor":["M","$","M","M","?","E","R","M","T","M","M","M","?","$","R","B",null,"M"],"character_chosen":"DEFECT","items_purchased":["Leap","White Noise","Medical Kit","PowerPotion","Melter","Conserve Battery"],"campfire_rested":2,"item_purchase_floors":[2,2,2,2,14,14],"current_hp_per_floor":[75,75,75,75,75,43,65,44,44,16,10,1,1,1,23,15,75,75,75],"gold":124,"neow_bonus":"TWO_FIFTY_GOLD","is_daily":false,"chose_seed":false,"campfire_upgraded":0,"win_rate":0.0,"timestamp":1608436114,"path_taken":["M","$","M","M","?","E","R","M","T","M","?","M","?","$","R","BOSS","M"],"items_purchased_type":["Card","Card","Relic","Potion","Card","Card"],"build_version":"2020-12-13","purchased_purges":1,"victory":false,"max_hp_per_floor":[75,75,75,75,75,75,75,75,75,75,75,75,75,75,75,75,75,75,75],"card_choices":[{"not_picked":["Beam Cell","Rebound"],"picked":"Sweeping Beam","floor":1},{"not_picked":["Steam","Coolheaded","Undo"],"picked":"SKIP","floor":3},{"not_picked":["Redo","Tempest","Recycle"],"picked":"SKIP","floor":4},{"not_picked":["Go for the Eyes","Barrage"],"picked":"Echo Form","floor":6},{"not_picked":["Rip and Tear","Steam"],"picked":"Capacitor","floor":8},{"not_picked":["Glacier","Force Field"],"picked":"Rip and Tear","floor":10},{"not_picked":["Compile Driver","Chill"],"picked":"Conserve Battery","floor":11},{"not_picked":["Rip and Tear","Storm","Rebound"],"picked":"SKIP","floor":12}],"player_experience":360407,"relics_obtained":[{"floor":6,"key":"Bottled Lightning"}],"event_choices":[{"damage_healed":0,"gold_gain":0,"cards_transformed":["Strike_B"],"player_choice":"Transformed","damage_taken":0,"max_hp_gain":0,"max_hp_loss":0,"event_name":"Transmorgrifier","floor":5,"gold_loss":0,"cards_obtained":["Lockon"]},{"damage_healed":0,"gold_gain":0,"player_choice":"Trade","damage_taken":0,"relics_obtained":["GremlinMask"],"max_hp_gain":0,"max_hp_loss":0,"event_name":"FaceTrader","floor":13,"gold_loss":0}],"is_beta":false,"boss_relics":[{"not_picked":["Fusion Hammer","Philosopher\u0027s Stone"],"picked":"Inserter"}],"items_purged_floors":[2],"is_endless":false,"potions_floor_spawned":[3,8,12,16],"killed_by":"Shell Parasite","ascension_level":0}}