{"host":"6yklbc9za0aylqsj","time":1608495212,"event":{"mods":["AchievementEnabler","BaseMod","Bestiary","Colored Map","Colored Powertips","Minty Spire (QoL Compilation)","Rare Cards Sparkle","Relic Stats","Slay-I","StSLib"],"gold_per_floor":[115,40,55,71,86,117,117,149,149,161,178,178,189,221,221,295,295,313,49,76,87,104,104,136,136,136,165,165,185,203,215,215,292,292,304,33,50,69,69,97,97,111,111,125,150,150,166,186,186,186,186,186],"floor_reached":51,"playtime":2035,"items_purged":["Regret"],"score":1650,"play_id":"00c7703e-150c-4dbb-be60-d1e93f6207a2","local_time":"20201220211332","is_ascension_mode":true,"campfire_choices":[{"data":"Phantasmal Killer","floor":7.0,"key":"SMITH"},{"data":"Neutralize","floor":12.0,"key":"SMITH"},{"floor":15.0,"key":"REST"},{"floor":23.0,"key":"DIG"},{"floor":25.0,"key":"DIG"},{"data":"Accuracy","floor":32.0,"key":"SMITH"},{"data":"Wraith Form v2","floor":41.0,"key":"SMITH"},{"floor":46.0,"key":"DIG"},{"floor":49.0,"key":"REST"}],"circlet_count":0,"master_deck":["AscendersBane","Strike_G","Strike_G","Strike_G+1","Defend_G","Defend_G","Defend_G","Defend_G","Defend_G","Survivor","Neutralize+1","Dagger Spray+1","Finisher+1","Phantasmal Killer+1","Terror","Blade Dance+1","Poisoned Stab","Burst+1","CurseOfTheBell","Cloak And Dagger+1","Masterful Stab+1","Poisoned Stab+1","Calculated Gamble+1","Blade Dance+1","Accuracy+1","Wraith Form v2+1","Phantasmal Killer+1","Backflip+1","Panache","Prepared+1","Finisher+1","Leg Sweep+1","Deflect+1"],"relics":["Ring of the Snake","Paper Crane","HornCleat","Toxic Egg 2","Whetstone","Calling Bell","Toy Ornithopter","Molten Egg 2","Shovel","Ninja Scroll","Red Mask","Akabeko","Meat on the Bone","Art of War","Ornamental Fan","Nunchaku","Empty Cage","Shuriken","CaptainsWheel","Lantern","Bottled Tornado"],"acts_visited":["Exordium","TheCity","TheBeyond"],"potions_floor_usage":[],"damage_taken":[{"damage":5.0,"enemies":"Small Slimes","floor":1.0,"turns":5.0},{"damage":0.0,"enemies":"Jaw Worm","floor":3.0,"turns":6.0},{"damage":0.0,"enemies":"Cultist","floor":4.0,"turns":4.0},{"damage":3.0,"enemies":"Gremlin Gang","floor":5.0,"turns":3.0},{"damage":14.0,"enemies":"3 Sentries","floor":6.0,"turns":9.0},{"damage":8.0,"enemies":"Gremlin Nob","floor":8.0,"turns":4.0},{"damage":2.0,"enemies":"Blue Slaver","floor":10.0,"turns":4.0},{"damage":4.0,"enemies":"Red Slaver","floor":11.0,"turns":3.0},{"damage":5.0,"enemies":"3 Louse","floor":13.0,"turns":3.0},{"damage":1.0,"enemies":"Lagavulin","floor":14.0,"turns":5.0},{"damage":30.0,"enemies":"The Guardian","floor":16.0,"turns":11.0},{"damage":17.0,"enemies":"Shell Parasite","floor":18.0,"turns":4.0},{"damage":4.0,"enemies":"Masked Bandits","floor":20.0,"turns":3.0},{"damage":0.0,"enemies":"2 Thieves","floor":21.0,"turns":2.0},{"damage":5.0,"enemies":"Centurion and Healer","floor":22.0,"turns":5.0},{"damage":0.0,"enemies":"Slavers","floor":24.0,"turns":5.0},{"damage":0.0,"enemies":"Gremlin Leader","floor":27.0,"turns":2.0},{"damage":0.0,"enemies":"3 Cultists","floor":29.0,"turns":2.0},{"damage":8.0,"enemies":"Chosen and Byrds","floor":30.0,"turns":4.0},{"damage":0.0,"enemies":"Sentry and Sphere","floor":31.0,"turns":1.0},{"damage":17.0,"enemies":"Champ","floor":33.0,"turns":8.0},{"damage":0.0,"enemies":"Orb Walker","floor":35.0,"turns":2.0},{"damage":8.0,"enemies":"3 Shapes","floor":37.0,"turns":6.0},{"damage":8.0,"enemies":"Sphere and 2 Shapes","floor":38.0,"turns":2.0},{"damage":0.0,"enemies":"Nemesis","floor":40.0,"turns":5.0},{"damage":0.0,"enemies":"Maw","floor":42.0,"turns":3.0},{"damage":2.0,"enemies":"Jaw Worm Horde","floor":44.0,"turns":4.0},{"damage":12.0,"enemies":"Reptomancer","floor":45.0,"turns":3.0},{"damage":0.0,"enemies":"Sphere and 2 Shapes","floor":47.0,"turns":1.0},{"damage":0.0,"enemies":"Maw","floor":48.0,"turns":4.0},{"damage":98.0,"enemies":"Time Eater","floor":50.0,"turns":8.0},{"damage":24,"enemies":"Donu and Deca","floor":51,"turns":5}],"seed_played":"991046301048430126","potions_obtained":[{"floor":3.0,"key":"Strength Potion"},{"floor":5.0,"key":"Swift Potion"},{"floor":6.0,"key":"AttackPotion"},{"floor":8.0,"key":"FairyPotion"},{"floor":13.0,"key":"PowerPotion"},{"floor":16.0,"key":"SteroidPotion"},{"floor":20.0,"key":"LiquidBronze"},{"floor":27.0,"key":"SneckoOil"},{"floor":29.0,"key":"Weak Potion"},{"floor":33.0,"key":"Fire Potion"},{"floor":42.0,"key":"Dexterity Potion"},{"floor":44.0,"key":"Fruit Juice"},{"floor":47.0,"key":"AttackPotion"},{"floor":48.0,"key":"Dexterity Potion"}],"is_trial":false,"path_per_floor":["M","$","M","M","M","E","R","E","T","M","M","R","M","E","R","B",null,"M","$","?","M","M","R","E","R","T","E","?","M","M","M","R","B",null,"M","$","M","M","?","E","R","M","T","M","E","R","M","M","R","B","B"],"character_chosen":"THE_SILENT","items_purchased":["Ninja Scroll","Panache","Prepared+1"],"campfire_rested":2,"item_purchase_floors":[19,36,36],"current_hp_per_floor":[66,66,66,66,63,49,49,41,41,39,35,35,30,29,52,22,64,47,47,48,48,43,43,43,43,43,48,48,53,45,45,45,45,70,70,70,62,59,59,59,59,59,59,67,55,55,55,55,78,21,0,0],"gold":186,"neow_bonus":"TWENTY_PERCENT_HP_BONUS","is_daily":false,"chose_seed":false,"campfire_upgraded":4,"win_rate":0.0,"timestamp":1608495212,"path_taken":["M","$","M","M","M","E","R","E","T","M","M","R","M","E","R","BOSS","M","$","?","M","M","R","E","R","T","E","?","?","M","M","R","BOSS","M","$","?","M","?","E","R","M","T","M","E","R","M","M","R","BOSS","BOSS"],"items_purchased_type":["Relic","Card","Card"],"build_version":"2020-12-13","purchased_purges":1,"victory":false,"max_hp_per_floor":[78,78,78,78,78,78,78,78,78,78,78,78,78,78,78,78,78,78,78,78,78,78,78,78,78,78,78,78,78,78,78,78,78,78,78,78,78,78,74,74,74,74,74,79,79,79,79,79,79,79,79,79],"relic_stats":{"Nunchaku":[27],"Shovel":3,"counters":[32,136],"Ornamental Fan":[296],"Shuriken":[32],"Art of War":[7],"Whetstone":["Finisher","Strike_G"],"obtain_stats":[{"Lantern":45,"Whetstone":14,"Paper Crane":6,"Bottled Tornado":46,"Empty Cage":34,"Akabeko":23,"Calling Bell":17,"Nunchaku":27,"CaptainsWheel":43,"HornCleat":8,"Shovel":17,"Ninja Scroll":19,"Ornamental Fan":26,"Shuriken":40,"Molten Egg 2":17,"Red Mask":20,"Art of War":25,"Toxic Egg 2":9,"Toy Ornithopter":17,"Ring of the Snake":0,"Meat on the Bone":24},{"Lantern":28,"Whetstone":10,"Paper Crane":5,"Bottled Tornado":28,"Empty Cage":21,"Akabeko":15,"Calling Bell":11,"Nunchaku":17,"CaptainsWheel":26,"HornCleat":6,"Shovel":11,"Ninja Scroll":12,"Ornamental Fan":16,"Shuriken":25,"Molten Egg 2":11,"Red Mask":13,"Art of War":16,"Toxic Egg 2":6,"Toy Ornithopter":11,"Ring of the Snake":0,"Meat on the Bone":16},{"Lantern":118,"Whetstone":46,"Paper Crane":27,"Bottled Tornado":118,"Empty Cage":93,"Akabeko":71,"Calling Bell":57,"Nunchaku":78,"CaptainsWheel":111,"HornCleat":31,"Shovel":57,"Ninja Scroll":61,"Ornamental Fan":76,"Shuriken":108,"Molten Egg 2":57,"Red Mask":64,"Art of War":76,"Toxic Egg 2":31,"Toy Ornithopter":57,"Ring of the Snake":0,"Meat on the Bone":76}],"Toy Ornithopter":31,"Ring of the Snake":[64],"Meat on the Bone":24},"card_choices":[{"not_picked":["Cloak And Dagger","PiercingWail"],"picked":"Dagger Spray","floor":1.0},{"not_picked":["Footwork","Underhanded Strike"],"picked":"Finisher","floor":3.0},{"not_picked":["Eviscerate","Slice","Bane"],"picked":"SKIP","floor":4.0},{"not_picked":["Riddle With Holes","Flechettes"],"picked":"Phantasmal Killer","floor":5.0},{"not_picked":["Dodge and Roll","Tactician","Prepared"],"picked":"SKIP","floor":6.0},{"not_picked":["Caltrops","Underhanded Strike"],"picked":"Terror","floor":8.0},{"not_picked":["Flechettes","Distraction+1"],"picked":"Blade Dance+1","floor":10.0},{"not_picked":["Bouncing Flask+1","Flechettes"],"picked":"Poisoned Stab","floor":11.0},{"not_picked":["Flying Knee","PiercingWail+1","Reflex+1"],"picked":"SKIP","floor":13.0},{"not_picked":["Eviscerate","Poisoned Stab","PiercingWail+1"],"picked":"SKIP","floor":14.0},{"not_picked":["Grand Finale","Malaise+1"],"picked":"Burst+1","floor":16.0},{"not_picked":["Noxious Fumes","Backflip+1"],"picked":"Cloak And Dagger+1","floor":18.0},{"not_picked":["Dagger Throw+1","Poisoned Stab+1"],"picked":"Masterful Stab+1","floor":20.0},{"not_picked":["Acrobatics+1","Setup+1"],"picked":"Poisoned Stab+1","floor":21.0},{"not_picked":["Well Laid Plans","Flying Knee+1"],"picked":"Calculated Gamble+1","floor":22.0},{"not_picked":["Setup+1","Quick Slash+1","Outmaneuver+1"],"picked":"SKIP","floor":24.0},{"not_picked":["Footwork","Setup+1"],"picked":"Blade Dance+1","floor":27.0},{"not_picked":["Expertise+1","Flying Knee+1","Choke+1"],"picked":"SKIP","floor":29.0},{"not_picked":["Riddle With Holes+1","Well Laid Plans"],"picked":"Accuracy","floor":30.0},{"not_picked":["Deflect+1","Slice+1"],"picked":"Wraith Form v2","floor":31.0},{"not_picked":["Tools of the Trade","Bullet Time+1"],"picked":"Phantasmal Killer+1","floor":33.0},{"not_picked":["Outmaneuver+1","PiercingWail+1"],"picked":"Backflip+1","floor":35.0},{"not_picked":["Endless Agony+1","Flechettes+1","Slice+1"],"picked":"SKIP","floor":37.0},{"not_picked":["Caltrops","Endless Agony+1"],"picked":"Finisher+1","floor":38.0},{"not_picked":["Choke+1","Dagger Spray+1"],"picked":"Leg Sweep+1","floor":40.0},{"not_picked":["Quick Slash+1","Dagger Spray+1"],"picked":"Deflect+1","floor":42.0},{"not_picked":["Outmaneuver+1","Terror+1","PiercingWail+1"],"picked":"SKIP","floor":44.0},{"not_picked":["Outmaneuver+1","Flying Knee+1","Skewer+1"],"picked":"SKIP","floor":45.0},{"not_picked":["Reflex+1","Distraction+1","Choke+1"],"picked":"SKIP","floor":47.0},{"not_picked":["Slice+1","Dodge and Roll+1","Prepared+1"],"picked":"SKIP","floor":48.0}],"player_experience":675182,"relics_obtained":[{"floor":6.0,"key":"Paper Crane"},{"floor":8.0,"key":"HornCleat"},{"floor":9.0,"key":"Toxic Egg 2"},{"floor":14.0,"key":"Whetstone"},{"floor":17.0,"key":"Toy Ornithopter"},{"floor":17.0,"key":"Molten Egg 2"},{"floor":17.0,"key":"Shovel"},{"floor":20.0,"key":"Red Mask"},{"floor":23.0,"key":"Akabeko"},{"floor":24.0,"key":"Meat on the Bone"},{"floor":25.0,"key":"Art of War"},{"floor":26.0,"key":"Ornamental Fan"},{"floor":27.0,"key":"Nunchaku"},{"floor":40.0,"key":"Shuriken"},{"floor":43.0,"key":"CaptainsWheel"},{"floor":45.0,"key":"Lantern"},{"floor":46.0,"key":"Bottled Tornado"}],"event_choices":[{"damage_healed":0.0,"max_hp_gain":0.0,"max_hp_loss":0.0,"gold_gain":0.0,"event_name":"Masked Bandits","player_choice":"Fought Bandits","floor":20.0,"gold_loss":0.0,"damage_taken":0.0},{"damage_healed":0.0,"max_hp_gain":0.0,"max_hp_loss":0.0,"gold_gain":0.0,"event_name":"Upgrade Shrine","player_choice":"Upgraded","floor":28.0,"gold_loss":0.0,"damage_taken":0.0,"cards_upgraded":["Dagger Spray"]},{"damage_healed":0.0,"max_hp_gain":0.0,"max_hp_loss":4.0,"gold_gain":0.0,"event_name":"Winding Halls","player_choice":"Max HP","floor":39.0,"gold_loss":0.0,"damage_taken":0.0}],"is_beta":false,"boss_relics":[{"not_picked":["Black Star","Runic Dome"],"picked":"Calling Bell"},{"not_picked":["Runic Pyramid","Cursed Key"],"picked":"Empty Cage"}],"items_purged_floors":[2],"is_endless":false,"potions_floor_spawned":[3,5,6,8,13,16,20,27,29,31,33,42,44,47,48],"killed_by":"Donu and Deca","ascension_level":20}}