{"host":"2461dio7vetlq1z3","time":1608495769,"event":{"mods":["2.2 Compatiblity","AchievementEnabler","BaseMod","Better Third Choice","Downfall","Hermit","Marisa????????","Minty Spire (QoL Compilation)","Relic Stats","Spicy Shops","StSLib","Waifu the Spire"],"gold_per_floor":[99,99,99,99,99,99,99,99,99,84,84,84,84,50,50,50,50,50,50,50,50,50,50,50,50,50],"floor_reached":25,"playtime":1213,"items_purged":[],"score":232,"play_id":"9b465a6a-d099-4920-a3e8-7f3da96886c1","local_time":"20201220212249","is_ascension_mode":true,"campfire_choices":[{"data":"hexamod:Float","floor":6,"key":"SMITH"},{"data":"hexamod:UnleashSpirits","floor":12,"key":"SMITH"},{"data":"hexamod:PowerFromBeyond","floor":15,"key":"SMITH"},{"floor":24,"key":"REST"}],"circlet_count":0,"master_deck":["hexamod:Sear","hexamod:Float+1","hexamod:HauntingEcho","hexamod:SwordOfDarkness","hexamod:HauntingEcho","Rip and Tear","hexamod:Hexaguard","hexamod:ThirdSeal","hexamod:UnleashSpirits+1","hexamod:PowerFromBeyond+1","hexamod:EmpoweredFlame","hexamod:GhostOfSpirePast","hexamod:VolcanoVisage","hexamod:HexaLevel","hexamod:TimeWarp+1","hexamod:ShieldOfDarkness+1","hexamod:InspiringFlames+1","hexamod:SpectersWail+1","hexamod:SpectersWail+1","Writhe","hexamod:Rewind","Ghostly","Ghostly","Ghostly","hexamod:CouncilsJustice","hexamod:CouncilsJustice","hexamod:CouncilsJustice","hexamod:GiftsFromTheDead","hexamod:AdvancingGuard+1"],"relics":["Ectoplasm","Dead Branch","Golden Idol","Strawberry","Turnip","Astrolabe","Ancient Tea Set","Happy Flower"],"acts_visited":["Exordium","TheCity"],"potions_floor_usage":[10,11,25],"damage_taken":[{"damage":0,"enemies":"Jaw Worm","floor":1,"turns":4},{"damage":0,"enemies":"2 Louse","floor":2,"turns":1},{"damage":0,"enemies":"Small Slimes","floor":3,"turns":3},{"damage":26,"enemies":"3 Sentries","floor":7,"turns":5},{"damage":0,"enemies":"Looter","floor":10,"turns":2},{"damage":0,"enemies":"Lots of Slimes","floor":11,"turns":2},{"damage":10,"enemies":"3 Louse","floor":13,"turns":3},{"damage":2,"enemies":"Hexaghost","floor":16,"turns":7},{"damage":32,"enemies":"3 Byrds","floor":18,"turns":5},{"damage":0,"enemies":"Chosen","floor":21,"turns":4},{"damage":26,"enemies":"Gremlin Leader","floor":23,"turns":5},{"damage":30,"enemies":"Slavers","floor":25,"turns":2}],"seed_played":"6910233129216396607","potions_obtained":[{"floor":7,"key":"DistilledChaos"},{"floor":10,"key":"AttackPotion"},{"floor":11,"key":"Ancient Potion"},{"floor":16,"key":"Strength Potion"},{"floor":18,"key":"Energy Potion"}],"is_trial":false,"path_per_floor":["M","M","M","?","?","R","E","?","T","M","M","R","M","$","R","B",null,"M","$","?","M","?","E","R","E"],"character_chosen":"THE_SPIRIT","items_purchased":["hexamod:GhostOfSpirePast"],"campfire_rested":1,"item_purchase_floors":[14],"current_hp_per_floor":[70,70,70,50,50,50,31,31,31,31,31,31,21,21,21,19,72,40,40,40,40,36,10,20,0,0],"gold":50,"neow_bonus":"BOSS_RELIC","is_daily":false,"chose_seed":false,"campfire_upgraded":3,"win_rate":0.0,"timestamp":1608495769,"path_taken":["M","M","M","?","?","R","E","?","T","M","M","R","M","?","R","BOSS","M","?","?","M","?","E","R","E"],"items_purchased_type":["Card"],"build_version":"2020-12-13","purchased_purges":0,"victory":false,"max_hp_per_floor":[70,70,70,70,65,65,72,72,72,72,72,72,72,72,72,72,72,72,72,72,72,36,36,36,36,36],"relic_stats":{"Happy Flower":[0],"counters":[12,43],"Golden Idol":61,"Dead Branch":[27],"Astrolabe":["hexamod:TimeWarp","hexamod:ShieldOfDarkness","hexamod:InspiringFlames"],"Ectoplasm":358,"Turnip":[0],"obtain_stats":[{"Happy Flower":23,"Golden Idol":5,"Dead Branch":4,"Strawberry":7,"Astrolabe":17,"Ectoplasm":0,"Turnip":9,"Ancient Tea Set":20,"hexamod:SpiritBrand":0},{"Happy Flower":11,"Golden Idol":3,"Dead Branch":3,"Strawberry":4,"Astrolabe":8,"Ectoplasm":0,"Turnip":4,"Ancient Tea Set":9,"hexamod:SpiritBrand":0},{"Happy Flower":41,"Golden Idol":8,"Dead Branch":8,"Strawberry":13,"Astrolabe":27,"Ectoplasm":0,"Turnip":13,"Ancient Tea Set":32,"hexamod:SpiritBrand":0}]},"card_choices":[{"not_picked":["hexamod:ThermalTransfer","hexamod:RainOfEmbers"],"picked":"hexamod:HauntingEcho","floor":1},{"not_picked":["hexamod:GhostOfSpireFuture","hexamod:BacktrackSmack"],"picked":"hexamod:SwordOfDarkness","floor":2},{"not_picked":["hexamod:StepThrough","hexamod:GhostOfSpireFuture"],"picked":"hexamod:HauntingEcho","floor":3},{"not_picked":["hexamod:HeatCrush","hexamod:PowerFromBeyond"],"picked":"hexamod:Hexaguard","floor":7},{"not_picked":["hexamod:BacktrackSmack","hexamod:AdvancingGuard"],"picked":"hexamod:ThirdSeal","floor":10},{"not_picked":["hexamod:BurningTouch","hexamod:Hexaguard"],"picked":"hexamod:UnleashSpirits","floor":11},{"not_picked":["hexamod:GhostShield","hexamod:SuperheatedStrike"],"picked":"hexamod:PowerFromBeyond","floor":13},{"not_picked":["hexamod:GhostLash","hexamod:SkipABeat"],"picked":"hexamod:EmpoweredFlame","floor":13},{"not_picked":["hexamod:WildfireWeapon","hexamod:FifthSeal"],"picked":"hexamod:VolcanoVisage","floor":16},{"not_picked":["hexamod:UnleashSpirits","hexamod:VolcanoVisage"],"picked":"hexamod:HexaLevel","floor":16},{"not_picked":["hexamod:GhostLash+1","hexamod:GhostflameBarrier"],"picked":"hexamod:SpectersWail+1","floor":18},{"not_picked":["hexamod:RainOfEmbers","hexamod:GhostLash"],"picked":"hexamod:SpectersWail+1","floor":18},{"not_picked":["hexamod:Firestarter","hexamod:SwordOfDarkness"],"picked":"hexamod:Rewind","floor":21},{"not_picked":["hexamod:HauntingEcho","hexamod:GhostShield","hexamod:ThermalTransfer"],"picked":"SKIP","floor":21},{"not_picked":["hexamod:InspiringFlames","hexamod:HauntingEcho+1"],"picked":"hexamod:GiftsFromTheDead","floor":23},{"not_picked":["hexamod:SoulSteal","hexamod:ShieldOfDarkness"],"picked":"hexamod:AdvancingGuard+1","floor":23}],"player_experience":953373,"relics_obtained":[{"floor":7,"key":"Strawberry"},{"floor":9,"key":"Turnip"},{"floor":23,"key":"Happy Flower"}],"event_choices":[{"damage_healed":0,"gold_gain":0,"player_choice":"Lose Max HP","damage_taken":0,"relics_obtained":["Golden Idol"],"max_hp_gain":0,"max_hp_loss":5,"event_name":"Golden Idol","floor":5,"gold_loss":0},{"cards_removed":["hexamod:Strike"],"damage_healed":0,"gold_gain":0,"player_choice":"Forget","damage_taken":0,"max_hp_gain":0,"max_hp_loss":0,"event_name":"Living Wall","floor":8,"gold_loss":0},{"damage_healed":0,"gold_gain":0,"player_choice":"Opened","damage_taken":0,"relics_obtained":["Ancient Tea Set"],"max_hp_gain":0,"max_hp_loss":0,"event_name":"The Mausoleum","floor":20,"gold_loss":0,"cards_obtained":["Writhe"]}],"is_beta":false,"boss_relics":[{"not_picked":["Cursed Key","Calling Bell"],"picked":"Astrolabe"}],"items_purged_floors":[],"is_endless":false,"potions_floor_spawned":[7,10,11,16,18],"killed_by":"Slavers","ascension_level":1}}