{"host":"wonp23fsqqcu31ie","time":1608424922,"event":{"mods":["2.2 Compatiblity","AchievementEnabler","Aspiration","BaseMod","Bestiary","Better Altar","Better Match","Better Sensory Stone","Better Skull","Better Third Choice","BetterRewards","Block Reminder","Colored Map","Colored Powertips","Conspire","DeckTracker","Displayed Cursed Tome","Downfall","Hermit","Highlight Path","Hubris","Minty Spire (QoL Compilation)","Permanent Neow","Quick Restart","Rare Cards Sparkle","Relic Stats","Replay The Spire","Shade Mod","Shop Mod","StSLib","SuperFastMode","The Animator","The Cursed","The Dragon Tamer","The Gatherer","The Necromancer","The Runesmith","The Servant 0.9.4"],"gold_per_floor":[113,13,63,238,238,238,238,238],"floor_reached":6,"playtime":248,"items_purged":[],"score":32,"play_id":"bd08a467-1b9a-46a3-99c8-dca0ea3c9647","local_time":"20201220114202","is_ascension_mode":false,"metric_token":2451,"campfire_choices":[],"dtmod_dragon_data":[30,50,-1,-1,0,0],"circlet_count":0,"master_deck":["DTMod:Strike","DTMod:Strike","DTMod:Strike","DTMod:Strike","DTMod:DoubleHit","DTMod:TargetDefense","DTMod:TargetDefense+1","DTMod:TargetDefense","DTMod:TargetDefense","DTMod:SwitchingTactic","DTMod:RecklessFlurry","Ghostly","Sickly","Doubt","sneckomod:Bewildered"],"relics":["DTMod:PactStone","aspiration:AnachronicSnailShell","Replay:Baseball","MerchantsRug","Orichalcum","ReplayTheSpireMod:Ring of Exchange","Ring of Greed","Smiling Mask","The Courier"],"acts_visited":["Exordium"],"potions_floor_usage":[6],"damage_taken":[{"damage":0,"enemies":"Jaw Worm","floor":1,"turns":4},{"damage":6,"enemies":"Replay:BlueRogue","floor":6,"turns":10}],"seed_played":"5505905945238920512","potions_obtained":[{"floor":1,"key":"SteroidPotion"}],"is_trial":false,"path_per_floor":["M","?","?","?","?","E"],"character_chosen":"THE_DT","items_purchased":["Replay:Baseball","MerchantsRug","Orichalcum"],"campfire_rested":0,"item_purchase_floors":[0,0,0],"current_hp_per_floor":[23,23,23,23,23,17,17,17],"gold":238,"neow_bonus":"","is_daily":false,"chose_seed":false,"campfire_upgraded":0,"win_rate":0.0,"timestamp":1608424922,"path_taken":["M","?","?","?","?","E"],"items_purchased_type":["Relic","Relic","Relic"],"build_version":"2020-12-13","purchased_purges":0,"victory":false,"max_hp_per_floor":[45,45,45,45,45,45,45,45],"relic_stats":{"counters":[53,295],"Orichalcum":[60],"Smiling Mask":0,"obtain_stats":[{"Vajra":26,"Uniform":0,"Bottled Tornado":48,"conspire:DecoderRing":29,"MealTicket":42,"Replay:Wax Seal":31,"MerchantsRug":31,"Pear":34,"Happy Flower":34,"hubris:DuctTape":43,"aspiration:Nostalgia":0,"hubris:SphereOfDissonance":12,"Eternal Feather":0,"aspiration:TrustyKnives":31,"Replay:Ancient Bell":17,"War Paint":12,"Akabeko":9,"Replay:Baseball":0,"Bird Faced Urn":19,"Bronze Scales":0,"hubris:TenFootPole":2,"conspire:Flyswatter":6,"hubris:Reverence":11,"ReplayTheSpireMod:Ring of Exchange":3,"Regal Pillow":17,"Torii":41,"Mango":34,"Smiling Mask":25,"m_SlimeRing":0,"Mummified Hand":54,"aspiration:AnachronicSnailShell":6,"Tiny Chest":24,"Red Mask":28,"Chemical X":53,"Replay:Bottled Eggs":36,"Gremlin Food":47,"BargainBundle":36,"aspiration:FetidBarrel":9,"Guide Book":31,"hubris:MedicalManual":0,"PreservedInsect":23,"The Courier":3,"aspiration:HummingbirdHeart":8,"Ring of Greed":24,"hubris:Towel":22,"Orichalcum":0,"MawBank":24,"Medical Kit":0,"Calling Bell":34,"Ornamental Fan":11,"Runesmith:UraniumAnvil":34,"Ring of Fury":24,"hubris:BundleOfHerbs":17,"Bottled Lightning":30,"hubris:CrackedHourglass":17,"ReplayTheSpireMod:Lightbulb":23,"FossilizedHelix":20,"TungstenRod":0},{"Vajra":39,"Uniform":0,"Bottled Tornado":25,"conspire:DecoderRing":16,"MealTicket":23,"Replay:Wax Seal":17,"MerchantsRug":17,"Pear":18,"Happy Flower":18,"hubris:DuctTape":23,"aspiration:Nostalgia":0,"hubris:SphereOfDissonance":34,"Eternal Feather":28,"aspiration:TrustyKnives":17,"Replay:Ancient Bell":36,"War Paint":7,"Akabeko":5,"Replay:Baseball":51,"Bird Faced Urn":11,"Bronze Scales":28,"hubris:TenFootPole":29,"conspire:Flyswatter":4,"hubris:Reverence":7,"ReplayTheSpireMod:Ring of Exchange":52,"Regal Pillow":36,"Torii":23,"Mango":18,"Smiling Mask":14,"m_SlimeRing":0,"Mummified Hand":27,"aspiration:AnachronicSnailShell":33,"Tiny Chest":14,"Red Mask":40,"Chemical X":26,"Replay:Bottled Eggs":45,"Gremlin Food":24,"BargainBundle":45,"aspiration:FetidBarrel":33,"Guide Book":17,"hubris:MedicalManual":28,"PreservedInsect":39,"The Courier":52,"aspiration:HummingbirdHeart":5,"Ring of Greed":14,"hubris:Towel":38,"Orichalcum":51,"MawBank":14,"Medical Kit":28,"Calling Bell":18,"Ornamental Fan":34,"Runesmith:UraniumAnvil":44,"Ring of Fury":14,"hubris:BundleOfHerbs":36,"Bottled Lightning":42,"hubris:CrackedHourglass":10,"ReplayTheSpireMod:Lightbulb":14,"FossilizedHelix":11,"TungstenRod":28},{"Vajra":222,"Uniform":0,"Bottled Tornado":120,"conspire:DecoderRing":68,"MealTicket":107,"Replay:Wax Seal":72,"MerchantsRug":72,"Pear":79,"Happy Flower":79,"hubris:DuctTape":107,"aspiration:Nostalgia":0,"hubris:SphereOfDissonance":185,"Eternal Feather":154,"aspiration:TrustyKnives":72,"Replay:Ancient Bell":203,"War Paint":26,"Akabeko":20,"Replay:Baseball":281,"Bird Faced Urn":44,"Bronze Scales":154,"hubris:TenFootPole":158,"conspire:Flyswatter":14,"hubris:Reverence":26,"ReplayTheSpireMod:Ring of Exchange":285,"Regal Pillow":203,"Torii":107,"Mango":79,"Smiling Mask":59,"m_SlimeRing":0,"Mummified Hand":142,"aspiration:AnachronicSnailShell":182,"Tiny Chest":59,"Red Mask":227,"Chemical X":131,"Replay:Bottled Eggs":251,"Gremlin Food":110,"BargainBundle":251,"aspiration:FetidBarrel":182,"Guide Book":72,"hubris:MedicalManual":154,"PreservedInsect":222,"The Courier":285,"aspiration:HummingbirdHeart":20,"Ring of Greed":59,"hubris:Towel":215,"Orichalcum":281,"MawBank":59,"Medical Kit":154,"Calling Bell":79,"Ornamental Fan":185,"Runesmith:UraniumAnvil":249,"Ring of Fury":59,"hubris:BundleOfHerbs":203,"Bottled Lightning":237,"hubris:CrackedHourglass":41,"ReplayTheSpireMod:Lightbulb":59,"FossilizedHelix":44,"TungstenRod":154}]},"card_choices":[{"not_picked":["DTMod:Cover","DTMod:BizarreTactic"],"picked":"DTMod:RecklessFlurry","floor":1}],"player_experience":653348,"relics_obtained":[{"floor":3,"key":"ReplayTheSpireMod:Ring of Exchange"},{"floor":3,"key":"Ring of Greed"},{"floor":3,"key":"Smiling Mask"},{"floor":3,"key":"The Courier"}],"event_choices":[{"damage_healed":0,"gold_gain":0,"player_choice":"Argue","damage_taken":0,"max_hp_gain":0,"max_hp_loss":0,"event_name":"conspire:LoneGhost","floor":2,"gold_loss":0},{"damage_healed":0,"gold_gain":175,"player_choice":"AGREE","damage_taken":63,"max_hp_gain":0,"max_hp_loss":0,"event_name":"betterThird:BetterSerpent","floor":4,"gold_loss":0}],"is_beta":false,"boss_relics":[],"items_purged_floors":[],"is_endless":false,"potions_floor_spawned":[1],"killed_by":"Replay:BlueRogue","ascension_level":0}}