{"host":"djfsqftupta9xgss","time":1608460995,"event":{"mods":["Act Like it!","BaseMod","Gensokyo","Minty Spire (QoL Compilation)","MostiFishMod","Replay The Spire","Spicy Shops","StSLib","TestMod"],"gold_per_floor":[360,360,375,335,350,350,350,350],"floor_reached":7,"playtime":370,"items_purged":[],"score":82,"play_id":"8d08fd71-88fb-4844-9e94-748f4814c38b","local_time":"20201220184315","is_ascension_mode":true,"campfire_choices":[{"floor":6,"key":"REST"}],"circlet_count":0,"master_deck":["AscendersBane","Strike_G","Strike_G","Strike_G","Strike_G","Strike_G","Defend_G","Defend_G","Defend_G","Defend_G","Survivor","Neutralize","Acrobatics","Concentrate","MostiFishMod:PerfectParry"],"relics":["Ring of the Snake","DaveBox","testmod-TestBox","DiscerningMonocle","testmod-NegativeEmotionEnhancer","Question Card"],"acts_visited":["Exordium"],"potions_floor_usage":[5,5,7],"damage_taken":[{"damage":13,"enemies":"Jaw Worm","floor":1,"turns":7},{"damage":22,"enemies":"Cultist","floor":3,"turns":6},{"damage":0,"enemies":"2 Louse","floor":5,"turns":4},{"damage":10,"enemies":"Lagavulin","floor":7,"turns":6}],"seed_played":"2045820624903353413","potions_obtained":[{"floor":4,"key":"EntropicBrew"},{"floor":4,"key":"LifebloodPotion"}],"is_trial":false,"path_per_floor":["M","?","M","?","M","R","E"],"character_chosen":"THE_SILENT","items_purchased":[],"campfire_rested":1,"item_purchase_floors":[],"current_hp_per_floor":[33,33,13,13,16,36,26,26],"gold":350,"neow_bonus":"TWO_FIFTY_GOLD","is_daily":false,"chose_seed":false,"campfire_upgraded":0,"win_rate":0.0,"timestamp":1608460995,"path_taken":["M","?","M","?","?","R","E"],"items_purchased_type":[],"build_version":"2020-12-13","purchased_purges":0,"victory":false,"max_hp_per_floor":[67,67,68,68,69,69,69,69],"card_choices":[{"not_picked":["Deadly Poison","Quick Slash"],"picked":"Acrobatics","floor":1},{"not_picked":["Cloak And Dagger","MostiFishMod:PoisonShield","Outmaneuver"],"picked":"Concentrate","floor":3},{"not_picked":["Poisoned Stab","Dagger Spray","Sucker Punch"],"picked":"MostiFishMod:PerfectParry","floor":5}],"player_experience":322664,"relics_obtained":[{"floor":1,"key":"Question Card"}],"event_choices":[{"damage_healed":0,"gold_gain":0,"player_choice":"Bought 3 Potions","damage_taken":0,"max_hp_gain":0,"max_hp_loss":0,"event_name":"The Woman in Blue","floor":4,"gold_loss":0}],"is_beta":false,"boss_relics":[],"items_purged_floors":[],"is_endless":false,"potions_floor_spawned":[],"killed_by":"Lagavulin","ascension_level":20}}