{"host":"uzj3qtz06dzkgpll","time":1608496827,"event":{"mods":["BaseMod","Better Altar","Better Match","Better Note","Better Sensory Stone","Better Skull","Better Third Choice","Colored Map","Custom Start","Hubris","Minty Spire (QoL Compilation)","Permanent Neow","Replay The Spire","Shop Mod","Spicy Shops","StSLib"],"gold_per_floor":[109,184,32,44,62,62,92,92,92,143,176,176,194,247,247,247,247],"floor_reached":16,"playtime":977,"items_purged":[],"score":140,"play_id":"bf2f0f94-ae27-403c-bc52-42523db57333","local_time":"20201220124027","is_ascension_mode":true,"campfire_choices":[{"data":"Acrobatics","floor":6,"key":"SMITH"},{"floor":12,"key":"REST"},{"floor":15,"key":"REST"}],"circlet_count":0,"master_deck":["Strike_G","Strike_G","Strike_G","Strike_G","Defend_G","Defend_G","Defend_G","Defend_G","Survivor","Neutralize","Underhanded Strike","Acrobatics+1","Dagger Throw","Backflip","ReplayTheSpireMod:Scrap Shanks"],"relics":["Empty Cage","ReplayTheSpireMod:TigerMarble","Lantern","hubris:OldNail","ReplayFunnel","hubris:SlimyHat"],"acts_visited":["Exordium"],"potions_floor_usage":[7,11,11,11],"damage_taken":[{"damage":8,"enemies":"Jaw Worm","floor":1,"turns":6},{"damage":5,"enemies":"Cultist","floor":4,"turns":4},{"damage":2,"enemies":"2 Louse","floor":5,"turns":2},{"damage":16,"enemies":"3 Sentries","floor":7,"turns":9},{"damage":13,"enemies":"Gremlin Nob","floor":11,"turns":4},{"damage":1,"enemies":"Looter","floor":13,"turns":4},{"damage":45,"enemies":"The Guardian","floor":16,"turns":9}],"seed_played":"677950116882365243","potions_obtained":[{"floor":4,"key":"Milkshake"},{"floor":5,"key":"Adrenaline Potion"}],"is_trial":false,"path_per_floor":["M","?","$","M","M","R","E","$","T","?","E","R","M","T","R","B"],"character_chosen":"THE_SILENT","items_purchased":["ReplayTheSpireMod:TigerMarble","Block Potion","Adrenaline Potion"],"campfire_rested":2,"item_purchase_floors":[3,8,8],"current_hp_per_floor":[55,44,44,39,37,37,21,15,15,15,2,23,22,22,43,0,0],"gold":247,"neow_bonus":"BOSS_RELIC","is_daily":false,"chose_seed":false,"campfire_upgraded":1,"win_rate":0.0,"timestamp":1608496827,"path_taken":["M","?","$","M","M","R","E","?","T","?","E","R","M","?","R","BOSS"],"items_purchased_type":["Relic","Potion","Potion"],"build_version":"2020-12-13","purchased_purges":0,"victory":false,"max_hp_per_floor":[70,70,70,70,70,70,70,70,70,70,70,70,70,70,70,70,70],"card_choices":[{"not_picked":["Acrobatics","Riddle With Holes"],"picked":"Underhanded Strike","floor":1},{"not_picked":["Choke","Dodge and Roll"],"picked":"Acrobatics","floor":4},{"not_picked":["Phantasmal Killer","ReplayTheSpireMod:Exploit Weakness"],"picked":"Dagger Throw","floor":5},{"not_picked":["Night Terror","Slice"],"picked":"Backflip","floor":7},{"not_picked":["Escape Plan","Dodge and Roll"],"picked":"ReplayTheSpireMod:Scrap Shanks","floor":11},{"not_picked":["Expertise","Outmaneuver","hubris:Sniper"],"picked":"SKIP","floor":13}],"player_experience":310274,"relics_obtained":[{"floor":7,"key":"Lantern"},{"floor":9,"key":"hubris:OldNail"},{"floor":11,"key":"ReplayFunnel"},{"floor":14,"key":"hubris:SlimyHat"}],"event_choices":[{"damage_healed":0,"gold_gain":75,"player_choice":"Gold","damage_taken":11,"max_hp_gain":0,"max_hp_loss":0,"event_name":"betterThird:BetterGoop","floor":2,"gold_loss":0},{"damage_healed":0,"gold_gain":51,"player_choice":"Gained Gold","damage_taken":0,"max_hp_gain":0,"max_hp_loss":0,"event_name":"Golden Wing","floor":10,"gold_loss":0}],"is_beta":false,"boss_relics":[],"items_purged_floors":[],"is_endless":false,"potions_floor_spawned":[4,5],"killed_by":"The Guardian","ascension_level":6}}