{"host":"cxlfijb3ipw68228","time":1608440045,"event":{"mods":["2.2 Compatiblity","AchievementEnabler","Aspiration","BaseMod","Better Altar","Better Match","Better Note","Better Sensory Stone","Better Skull","Better Third Choice","BetterRewards","CCEM","Colored Map","Conspire","Downfall","Halation","Highlight Path","Hubris","Minty Spire (QoL Compilation)","Permanent Neow","Shop Mod","Spicy Shops","StSLib","The Servant 0.9.4"],"gold_per_floor":[99,4275,4275,4294,4327,4405,4476,4491,4341,4370,4381,4381,2388,2418,2442,2550,2595,2595,2617,2617,2646,2646,2677,2702,2702,2745,2774,1770,1785,1802,784,804,911,911,911,1236,1236,1261,1282,1309,1356,1394,1319,1354,1377,1377,1395,1404,1425,1425,1425,1469,23,23,23],"floor_reached":56,"playtime":5813,"items_purged":["hexamod:Strike","hexamod:Defend","Pride","hexamod:SixthSeal"],"score":1560,"play_id":"9bb20f99-61cc-4cac-a5fb-f8db5445559a","local_time":"20201219235405","is_ascension_mode":true,"campfire_choices":[{"floor":1.0,"key":"RECALL"},{"data":"hexamod:SkipABeat","floor":9.0,"key":"SMITH"},{"data":"hexamod:UnlimitedPower","floor":18.0,"key":"SMITH"},{"data":"hexamod:GhostflameInferno","floor":18.0,"key":"SMITH"},{"data":"hexamod:GiftsFromTheDead","floor":20.0,"key":"SMITH"},{"data":"hexamod:Hexaguard","floor":20.0,"key":"SMITH"},{"data":"hexamod:Firestarter","floor":22.0,"key":"SMITH"},{"data":"hexamod:ShieldOfDarkness","floor":22.0,"key":"SMITH"},{"data":"expansioncontent:DashGenerateEvil","floor":25.0,"key":"SMITH"},{"data":"hexamod:FastForward","floor":25.0,"key":"SMITH"},{"data":"hubris:EnhanceAbility","floor":35.0,"key":"SMITH"},{"data":"hexamod:FastForward","floor":35.0,"key":"SMITH"},{"floor":43.0,"key":"REST"},{"floor":54,"key":"REST"}],"circlet_count":0,"master_deck":["hexamod:Sear+1","hexamod:Float","hexamod:Hexaguard+1","hexamod:ShieldOfDarkness+1","hexamod:HauntingEcho+1","hexamod:GhostOfSpireFuture","hexamod:SkipABeat+1","hexamod:ApocalypticArmor","hexamod:UnlimitedPower+1","hexamod:PhantomFireball","hexamod:FastForward+1","hexamod:FirstSeal","expansioncontent:DashGenerateEvil+1","hexamod:BurningTouch","hexamod:GhostflameInferno+1","hexamod:GiftsFromTheDead+1","hexamod:DynamicBlow+1","hexamod:ShieldOfDarkness+1","hexamod:TurnItUp+1","hexamod:RecurringNightmare+1","hexamod:Firestarter+1","hexamod:FastForward+1","hexamod:ThermalTransfer+1","hexamod:SoulSteal+1","hubris:EnhanceAbility+1","hexamod:WildfireWeapon","hexamod:BurningTouch+1","hexamod:TimeOfNeed","hexamod:EtherealExpedition+1","hexamod:SpectersWail","hexamod:AdvancingGuard+1","hexamod:SpectralAdrenaline+1","hexamod:ShieldOfDarkness+1","expansioncontent:CaCaw","expansioncontent:Chronoboost","Guardian:PrismaticBarrier+1","hexamod:SwordOfDarkness+1","hexamod:HeatCrush","Mayhem"],"relics":["hexamod:SpiritBrand","CCEMRelics:SpiritsEdge","hexamod:MatchstickCase","Centennial Puzzle","Mango","hubris:ToyBattleship","Bronze Scales","Bottled Flame","downfall:HeartBlessingRed","downfall:HeartBlessingBlue","Toy Ornithopter","Strawberry","TheAbacus","ClockworkSouvenir","CaptainsWheel","halation:PenCase","CeramicFish","Pandora\u0027s Box","CCEMRelics:PorcelainBowl","Pen Nib","Smiling Mask","aspiration:ChemicalBlood","CCEMRelics:DissonantTune","conspire:TopHat","halation:LostSnail","halation:Jellyphish","Torii","Lee\u0027s Waffle","Mercury Hourglass","aspiration:Nostalgia","champ:ChampionCrown","halation:BottledLove","aspiration:SecretTechniqueScroll","Omamori","Anchor","halation:PrussianBluePaint","MealTicket","Boot","downfall:HeartBlessingGreen","Happy Flower","halation:VictoryRuler","conspire:Boomerang","Letter Opener","aspiration:HummingbirdHeart","Vajra"],"acts_visited":["Exordium","TheCity","TheBeyond","TheEnding"],"potions_floor_usage":[50,50,52,55,55],"damage_taken":[{"damage":0.0,"enemies":"downfall:FleeingMerchant","floor":2.0,"turns":4.0},{"damage":0.0,"enemies":"2 Louse","floor":4.0,"turns":3.0},{"damage":12.0,"enemies":"Lagavulin","floor":5.0,"turns":8.0},{"damage":0.0,"enemies":"Cultist","floor":8.0,"turns":3.0},{"damage":2.0,"enemies":"Gremlin Nob","floor":10.0,"turns":3.0},{"damage":0.0,"enemies":"Jaw Worm","floor":11.0,"turns":2.0},{"damage":0.0,"enemies":"downfall:FleeingMerchant","floor":13.0,"turns":4.0},{"damage":0.0,"enemies":"2 Fungi Beasts","floor":15.0,"turns":2.0},{"damage":7.0,"enemies":"downfall:Ironclad","floor":16.0,"turns":6.0},{"damage":0.0,"enemies":"Chosen","floor":19.0,"turns":3.0},{"damage":4.0,"enemies":"3 Byrds","floor":21.0,"turns":3.0},{"damage":0.0,"enemies":"conspire:Head Lice","floor":23.0,"turns":7.0},{"damage":16.0,"enemies":"Slavers","floor":26.0,"turns":3.0},{"damage":6.0,"enemies":"conspire:HollyBat","floor":27.0,"turns":7.0},{"damage":0.0,"enemies":"downfall:FleeingMerchant","floor":28.0,"turns":4.0},{"damage":0.0,"enemies":"Shelled Parasite and Fungi","floor":29.0,"turns":4.0},{"damage":0.0,"enemies":"3 Cultists","floor":30.0,"turns":3.0},{"damage":10.0,"enemies":"downfall:FleeingMerchant","floor":31.0,"turns":4.0},{"damage":0.0,"enemies":"conspire:HollyBat","floor":32.0,"turns":3.0},{"damage":1.0,"enemies":"downfall:Defect","floor":33.0,"turns":6.0},{"damage":27.0,"enemies":"3 Darklings","floor":36.0,"turns":4.0},{"damage":0.0,"enemies":"Orb Walker","floor":38.0,"turns":4.0},{"damage":6.0,"enemies":"Maw","floor":39.0,"turns":5.0},{"damage":0.0,"enemies":"Reptomancer","floor":42.0,"turns":5.0},{"damage":20.0,"enemies":"Nemesis","floor":44.0,"turns":5.0},{"damage":0.0,"enemies":"Transient","floor":45.0,"turns":6.0},{"damage":26.0,"enemies":"Writhing Mass","floor":49.0,"turns":4.0},{"damage":6,"enemies":"downfall:Silent","floor":50,"turns":9},{"damage":79,"enemies":"downfall:CharBossMerchant","floor":52,"turns":9},{"damage":10,"enemies":"downfall:NeowBoss","floor":55,"turns":15}],"seed_played":"-6013404821484080465","potions_obtained":[{"floor":10.0,"key":"SkillPotion"},{"floor":16.0,"key":"Dexterity Potion"},{"floor":19.0,"key":"Slimebound:ThreeZeroPotion"},{"floor":29.0,"key":"FairyPotion"},{"floor":52,"key":"Ancient Potion"}],"is_trial":false,"path_per_floor":["R","$","?","M","E","T","T","M","R","E","M","?","$","?","M","B",null,"R","M","R","M","R","E","T","R","E","M","$","M","M","$","M","B",null,"R","M","?","M","M","T","T","E","R","E","M","?","?","?","M","B",null,"E","$","R","B",null],"character_chosen":"THE_SPIRIT","items_purchased":["hexamod:ShieldOfDarkness","hexamod:HauntingEcho","hexamod:MatchstickCase","Centennial Puzzle","Mango","hubris:ToyBattleship","ColorlessPotion","hexamod:GhostOfSpireFuture","Strawberry","TheAbacus","ClockworkSouvenir","CaptainsWheel","halation:PenCase","CeramicFish","hexamod:FirstSeal","expansioncontent:DashGenerateEvil","aspiration:ChemicalBlood","CCEMRelics:DissonantTune","conspire:TopHat","halation:LostSnail","halation:Jellyphish","hubris:EnhanceAbility","hexamod:WildfireWeapon","Torii","Lee\u0027s Waffle","Mercury Hourglass","aspiration:Nostalgia","halation:BottledLove","Mayhem","conspire:Boomerang","Letter Opener","aspiration:HummingbirdHeart","Vajra"],"campfire_rested":2,"item_purchase_floors":[2,2,2,2,2,2,2,2,13,13,13,13,13,13,13,13,28,28,28,28,28,28,31,31,31,31,31,31,53,53,53,53,53],"current_hp_per_floor":[70,84,84,84,72,72,72,72,82,80,80,80,87,87,94,99,101,101,101,101,101,101,101,101,101,85,86,93,100,101,108,108,109,109,109,89,42,42,43,43,43,55,87,82,89,89,84,84,65,76,117,50,65,100,107],"gold":23,"neow_bonus":"RANDOM_COMMON_RELIC","is_daily":false,"chose_seed":false,"campfire_upgraded":11,"win_rate":0.0,"timestamp":1608440045,"path_taken":["R","$","?","?","E","?","T","M","R","E","M","?","$","?","M","BOSS","R","M","R","M","R","E","T","R","E","M","$","M","M","$","M","BOSS","R","M","?","?","M","?","T","E","R","E","M","?","?","?","M","BOSS","E","$","R","BOSS"],"items_purchased_type":["Card","Card","Relic","Relic","Relic","Relic","Potion","Card","Relic","Relic","Relic","Relic","Relic","Relic","Card","Card","Relic","Relic","Relic","Relic","Relic","Card","Card","Relic","Relic","Relic","Relic","Relic","Card","Relic","Relic","Relic","Relic"],"build_version":"2020-12-13","purchased_purges":4,"victory":true,"max_hp_per_floor":[70,84,84,84,84,84,84,84,94,94,94,94,101,101,101,101,101,101,101,101,101,101,101,101,101,101,101,101,101,101,108,108,109,109,109,109,109,109,109,109,109,109,109,117,117,117,117,117,117,117,117,117,117,117,117],"card_choices":[{"not_picked":["hexamod:SoulSteal","hexamod:HeatMetal"],"picked":"hexamod:Hexaguard","floor":2.0},{"not_picked":["hexamod:Hexaguard","hexamod:GhostOfSpirePresent"],"picked":"hexamod:SkipABeat","floor":4.0},{"not_picked":["hexamod:SkipABeat","hexamod:BacktrackSmack"],"picked":"hexamod:ApocalypticArmor","floor":5.0},{"not_picked":["hexamod:InspiringFlames","hexamod:ShieldOfDarkness","hexamod:NightmareGuise"],"picked":"SKIP","floor":8.0},{"not_picked":["hexamod:EmpoweringStance","hexamod:NightmareStrike"],"picked":"hexamod:UnlimitedPower","floor":10.0},{"not_picked":["hexamod:ShieldOfDarkness","hexamod:FirstSeal"],"picked":"hexamod:PhantomFireball","floor":11.0},{"not_picked":["hexamod:GhostOfSpirePresent","hexamod:AdvancingGuard"],"picked":"hexamod:FastForward","floor":13.0},{"not_picked":["hexamod:NightmareStrike","hexamod:AdvancingGuard"],"picked":"hexamod:BurningTouch","floor":15.0},{"not_picked":["hexamod:EmpoweringStance","hexamod:GiftsFromTheDead"],"picked":"hexamod:GhostflameInferno","floor":16.0},{"not_picked":["hexamod:FourthSeal","hexamod:GhostLash"],"picked":"hexamod:RecurringNightmare+1","floor":19.0},{"not_picked":["hexamod:HeatShield+1","hexamod:HauntingEcho"],"picked":"hexamod:Firestarter","floor":21.0},{"not_picked":["hexamod:Firestarter+1","hexamod:BacktrackSmack","hexamod:HeatCrush"],"picked":"SKIP","floor":23.0},{"not_picked":["hexamod:GhostShield","hexamod:Hexaguard+1"],"picked":"hexamod:FastForward","floor":26.0},{"not_picked":["hexamod:ExtraCrispy","hexamod:AdvancingGuard"],"picked":"hexamod:ThermalTransfer+1","floor":27.0},{"not_picked":["hexamod:GiftsFromTheDead","hexamod:GhostLash"],"picked":"hexamod:SoulSteal+1","floor":28.0},{"not_picked":["hexamod:RainOfEmbers","hexamod:DynamicBlow","hexamod:GhostLash"],"picked":"SKIP","floor":29.0},{"not_picked":["hexamod:Hexaguard","hexamod:BurningTouch","hexamod:ShieldOfDarkness"],"picked":"SKIP","floor":30.0},{"not_picked":["hexamod:Firestarter","hexamod:RainOfEmbers"],"picked":"hexamod:BurningTouch+1","floor":32.0},{"not_picked":["hexamod:ParanormalForm","hexamod:TimeWarp"],"picked":"hexamod:TimeOfNeed","floor":33.0},{"not_picked":["hexamod:ChargedBarrage+1","hexamod:BurningTouch"],"picked":"hexamod:EtherealExpedition+1","floor":36.0},{"not_picked":["hexamod:Hexaguard+1","hexamod:NightmareGuise"],"picked":"hexamod:SpectersWail","floor":38.0},{"not_picked":["hexamod:ThermalTransfer","hexamod:NightmareStrike"],"picked":"hexamod:AdvancingGuard+1","floor":39.0},{"not_picked":["hexamod:ThermalTransfer+1","hexamod:ShieldOfDarkness"],"picked":"hexamod:SpectralAdrenaline+1","floor":42.0},{"not_picked":["hexamod:ShieldOfDarkness+1","hexamod:HeatShield","hexamod:RainOfEmbers"],"picked":"SKIP","floor":44.0},{"not_picked":["hexamod:Firestarter","hexamod:ChargedBarrage+1"],"picked":"hexamod:ShieldOfDarkness+1","floor":45.0},{"not_picked":["expansioncontent:AwakenDeath","expansioncontent:HyperBeam"],"picked":"expansioncontent:CaCaw","floor":47.0},{"not_picked":["expansioncontent:SlimeTackle","expansioncontent:Collect"],"picked":"expansioncontent:Chronoboost","floor":47.0},{"not_picked":["hexamod:InspiringFlames+1","hexamod:RecurringNightmare"],"picked":"hexamod:SwordOfDarkness+1","floor":49.0},{"not_picked":["hexamod:NightmareStrike","hexamod:SpectersWail"],"picked":"hexamod:HeatCrush","floor":52}],"player_experience":535583,"relics_obtained":[{"floor":5.0,"key":"Bronze Scales"},{"floor":7.0,"key":"Bottled Flame"},{"floor":10.0,"key":"Toy Ornithopter"},{"floor":23.0,"key":"CCEMRelics:PorcelainBowl"},{"floor":24.0,"key":"Pen Nib"},{"floor":26.0,"key":"Smiling Mask"},{"floor":40.0,"key":"halation:PrussianBluePaint"},{"floor":41.0,"key":"MealTicket"},{"floor":42.0,"key":"Boot"},{"floor":44.0,"key":"Happy Flower"},{"floor":52,"key":"halation:VictoryRuler"}],"event_choices":[{"damage_healed":0.0,"max_hp_gain":0.0,"max_hp_loss":0.0,"gold_gain":0.0,"event_name":"Upgrade Shrine","player_choice":"Upgraded","floor":3.0,"gold_loss":0.0,"damage_taken":0.0,"cards_upgraded":["hexamod:HauntingEcho"]},{"cards_removed":["hexamod:Defend"],"damage_healed":0.0,"max_hp_gain":0.0,"max_hp_loss":0.0,"gold_gain":0.0,"event_name":"The Cleric","player_choice":"Card Removal","floor":12.0,"gold_loss":0.0,"damage_taken":0.0},{"damage_healed":0.0,"max_hp_gain":0.0,"max_hp_loss":0.0,"gold_gain":0.0,"event_name":"betterSkull:BetterSkull","player_choice":"RE RE ","floor":37.0,"gold_loss":0.0,"damage_taken":51.0,"cards_upgraded":[],"relics_obtained":["Omamori","Anchor"]},{"damage_healed":0.0,"max_hp_gain":0.0,"max_hp_loss":0.0,"gold_gain":3.0,"event_name":"betterStone:BetterStone","player_choice":"4","floor":48.0,"gold_loss":0.0,"damage_taken":0.0,"cards_obtained":["Guardian:PrismaticBarrier"]}],"is_beta":false,"boss_relics":[{"not_picked":["Fusion Hammer","hubris:RunicObelisk"],"picked":"Pandora\u0027s Box"},{"not_picked":["aspiration:SilentSkillbook","Snecko Eye"],"picked":"aspiration:SecretTechniqueScroll"}],"items_purged_floors":[2,13,13,28],"is_endless":false,"potions_floor_spawned":[10,16,19,21,23,29,33,36,39,45,49,52],"ascension_level":1}}