{"host":"ln38befi3ugo1bsw","time":1608441038,"event":{"mods":["BaseMod","BetterRewards","Colored Map","Colored Powertips","Downfall","Hermit","Jorbs\u0027s Wanderer Trilogy","Lobotomy","Marisa????????","Minty Spire (QoL Compilation)","READ ME - Guardian Mod","READ ME - Snecko Mod","StSLib","SuperFastMode","The Cursed","The Servant 0.9.4"],"gold_per_floor":[112,112,33,53,66,66,66,80,107,107,123,123,141,173,173,274,274,289,289,305,176,188,220,220,220,267,279,291,338,364,390,402,414,414],"floor_reached":33,"playtime":1730,"items_purged":[],"score":287,"play_id":"cf2acb3e-6955-421c-84a8-b443bb3c411f","local_time":"20201220001038","is_ascension_mode":false,"campfire_choices":[{"data":"Rainbow","floor":7,"key":"SMITH"},{"data":"Defragment","floor":10,"key":"SMITH"},{"data":"Hologram","floor":12,"key":"SMITH"},{"floor":15,"key":"REST"},{"data":"Electrodynamics","floor":24,"key":"SMITH"},{"data":"J.A.X.","floor":27,"key":"SMITH"},{"floor":32,"key":"REST"}],"circlet_count":0,"master_deck":["Strike_B+1","Strike_B+1","Strike_B","Strike_B","Defend_B","Defend_B","Defend_B","Defend_B","Zap","Dualcast","Rainbow+1","Capacitor","BootSequence","Defragment+1","Consume","Electrodynamics+1","Hologram+1","Coolheaded","Chill","Seek+1","Steam","Conserve Battery+1","Enlightenment","Self Repair","BootSequence+1","Barrage","J.A.X.+1","Gash","Leap+1","Redo+1","Go for the Eyes"],"relics":["Cracked Core","Potion Belt","Regal Pillow","Nuclear Battery","Strawberry","MawBank","Toxic Egg 2"],"acts_visited":["Exordium","TheCity"],"potions_floor_usage":[23,33,33,33],"damage_taken":[{"damage":0,"enemies":"Cultist","floor":1,"turns":3},{"damage":3,"enemies":"Small Slimes","floor":4,"turns":3},{"damage":1,"enemies":"Jaw Worm","floor":5,"turns":4},{"damage":2,"enemies":"2 Fungi Beasts","floor":8,"turns":4},{"damage":0,"enemies":"Large Slime","floor":11,"turns":3},{"damage":0,"enemies":"Blue Slaver","floor":13,"turns":3},{"damage":20,"enemies":"Gremlin Nob","floor":14,"turns":5},{"damage":37,"enemies":"Hexaghost","floor":16,"turns":10},{"damage":1,"enemies":"Chosen","floor":18,"turns":5},{"damage":0,"enemies":"Spheric Guardian","floor":20,"turns":6},{"damage":0,"enemies":"Centurion and Healer","floor":22,"turns":5},{"damage":21,"enemies":"Book of Stabbing","floor":23,"turns":7},{"damage":6,"enemies":"Gremlin Leader","floor":29,"turns":4},{"damage":8,"enemies":"Cultist and Chosen","floor":30,"turns":5},{"damage":29,"enemies":"Snake Plant","floor":31,"turns":5},{"damage":84,"enemies":"Automaton","floor":33,"turns":10}],"seed_played":"-7753449136204715791","potions_obtained":[{"floor":5,"key":"GamblersBrew"},{"floor":13,"key":"BlessingOfTheForge"},{"floor":14,"key":"Ancient Potion"},{"floor":16,"key":"Explosive Potion"},{"floor":18,"key":"DuplicationPotion"},{"floor":29,"key":"LiquidBronze"}],"is_trial":false,"path_per_floor":["M","?","$","M","M","?","R","M","T","R","M","R","M","E","R","B",null,"M","?","M","$","M","E","R","?","T","R","?","E","M","M","R","B"],"character_chosen":"DEFECT","items_purchased":["BootSequence","Enlightenment","Self Repair"],"campfire_rested":2,"item_purchase_floors":[3,21,21],"current_hp_per_floor":[75,75,75,72,71,56,56,54,54,54,54,54,54,34,71,34,75,74,74,74,74,75,68,68,68,68,68,68,69,68,46,82,0,0],"gold":414,"neow_bonus":"ONE_RANDOM_RARE_CARD","is_daily":false,"chose_seed":false,"campfire_upgraded":5,"win_rate":0.0,"timestamp":1608441038,"path_taken":["M","?","$","M","?","?","R","M","T","R","M","R","M","E","R","BOSS","M","?","?","$","M","E","R","?","T","R","?","E","M","M","R","BOSS"],"items_purchased_type":["Card","Card","Card"],"build_version":"2020-12-13","purchased_purges":0,"victory":false,"max_hp_per_floor":[75,75,75,75,75,75,75,75,75,75,75,75,75,75,75,75,75,75,75,75,75,75,82,82,82,82,82,82,82,82,82,82,82,82],"card_choices":[{"not_picked":["Sweeping Beam","Doom and Gloom"],"picked":"Capacitor","floor":1},{"not_picked":["Compile Driver","Redo"],"picked":"Defragment","floor":4},{"not_picked":["Streamline","Heatsinks"],"picked":"Consume","floor":5},{"not_picked":["Leap","Aggregate"],"picked":"Electrodynamics","floor":8},{"not_picked":["Conserve Battery","Self Repair"],"picked":"Hologram","floor":11},{"not_picked":["Capacitor","Compile Driver"],"picked":"Coolheaded","floor":13},{"not_picked":["Sweeping Beam","Leap"],"picked":"Chill","floor":14},{"not_picked":["Multi-Cast","Buffer"],"picked":"Seek","floor":16},{"not_picked":["Scrape","Beam Cell"],"picked":"Steam","floor":18},{"not_picked":["Coolheaded+1","Force Field+1"],"picked":"Conserve Battery+1","floor":20},{"not_picked":["Sweeping Beam","Steam Power"],"picked":"BootSequence+1","floor":22},{"not_picked":["Streamline","Machine Learning"],"picked":"Barrage","floor":23},{"not_picked":["BootSequence+1","Coolheaded+1"],"picked":"Leap+1","floor":29},{"not_picked":["Ball Lightning","Reboot+1"],"picked":"Redo+1","floor":30},{"not_picked":["FTL","Barrage"],"picked":"Go for the Eyes","floor":31}],"player_experience":32986,"relics_obtained":[{"floor":9,"key":"Potion Belt"},{"floor":14,"key":"Regal Pillow"},{"floor":23,"key":"Strawberry"},{"floor":26,"key":"MawBank"},{"floor":29,"key":"Toxic Egg 2"}],"event_choices":[{"damage_healed":0,"gold_gain":0,"player_choice":"Ignored","damage_taken":0,"max_hp_gain":0,"max_hp_loss":0,"event_name":"NoteForYourself","floor":2,"gold_loss":0},{"damage_healed":0,"gold_gain":0,"player_choice":"Entered Light","damage_taken":15,"max_hp_gain":0,"max_hp_loss":0,"event_name":"Shining Light","floor":6,"gold_loss":0,"cards_upgraded":["Strike_B","Strike_B"]},{"damage_healed":0,"gold_gain":0,"player_choice":"Upgraded","damage_taken":0,"max_hp_gain":0,"max_hp_loss":0,"event_name":"Upgrade Shrine","floor":19,"gold_loss":0,"cards_upgraded":["Seek"]},{"damage_healed":0,"gold_gain":0,"player_choice":"Obtain J.A.X.","damage_taken":0,"max_hp_gain":0,"max_hp_loss":0,"event_name":"Drug Dealer","floor":25,"gold_loss":0,"cards_obtained":["J.A.X."]},{"damage_healed":0,"gold_gain":0,"player_choice":"Read","damage_taken":0,"max_hp_gain":0,"max_hp_loss":0,"event_name":"The Library","floor":28,"gold_loss":0,"cards_obtained":["Gash"]}],"is_beta":false,"boss_relics":[{"not_picked":["Philosopher\u0027s Stone","Velvet Choker"],"picked":"Nuclear Battery"}],"items_purged_floors":[],"is_endless":false,"potions_floor_spawned":[5,13,14,16,18,29,30,31],"killed_by":"Automaton","ascension_level":0}}