{"host":"aqym1xxr3lb31d9m","time":1608449585,"event":{"mods":["BaseMod","Block Reminder","Colored Map","Colored Powertips","DeckTracker","Highlight Path","Minty Spire (QoL Compilation)","Practice Mode","Quick Restart","Random Character Button","StSLib","SuperFastMode"],"gold_per_floor":[10,10,22,40,57,57,79,79,79,112,126,126,126,136,136,210,210,227,239,154,173,123,123,123,158,210,2,2,2,31,59,59,136,136,151,151,201,201,220,220,442,467,467,486,486,515,515,535,535,535,535,535],"floor_reached":51,"playtime":2739,"items_purged":["Strike_G"],"score":1532,"play_id":"db8e46ca-f54b-4ca2-ada4-c2e6173cb11d","local_time":"20201220163305","is_ascension_mode":true,"campfire_choices":[{"data":"Poisoned Stab","floor":6.0,"key":"SMITH"},{"data":"Deadly Poison","floor":12.0,"key":"SMITH"},{"data":"Neutralize","floor":15.0,"key":"SMITH"},{"data":"Crippling Poison","floor":23.0,"key":"SMITH"},{"data":"Footwork","floor":32,"key":"SMITH"},{"data":"Catalyst","floor":40,"key":"SMITH"},{"data":"Burst","floor":45,"key":"SMITH"},{"data":"Footwork","floor":49,"key":"SMITH"}],"circlet_count":0,"master_deck":["AscendersBane","Strike_G","Strike_G","Defend_G","Defend_G","Defend_G","Defend_G","Defend_G","Survivor","Neutralize+1","Dash","Escape Plan","Poisoned Stab+1","Deadly Poison+1","Backstab","Infinite Blades","Endless Agony","Deadly Poison","Die Die Die","PiercingWail","Crippling Poison+1","Footwork+1","Cloak And Dagger+1","Noxious Fumes","Footwork+1","Burst+1","Catalyst+1","Backflip","Corpse Explosion","Backflip","Backflip+1"],"relics":["Ring of the Snake","The Specimen","FaceOfCleric","Odd Mushroom","Juzu Bracelet","White Beast Statue","Question Card","Coffee Dripper","Lizard Tail","Paper Crane","Nunchaku","Lantern","Red Mask","Empty Cage","Strawberry","Happy Flower"],"acts_visited":["Exordium","TheCity","TheBeyond"],"potions_floor_usage":[31,31,33,33,35,35,35,44,46],"damage_taken":[{"damage":7.0,"enemies":"Small Slimes","floor":1.0,"turns":4.0},{"damage":0.0,"enemies":"Cultist","floor":3.0,"turns":4.0},{"damage":0.0,"enemies":"Jaw Worm","floor":4.0,"turns":5.0},{"damage":0.0,"enemies":"Blue Slaver","floor":5.0,"turns":5.0},{"damage":7.0,"enemies":"The Mushroom Lair","floor":7.0,"turns":4.0},{"damage":0.0,"enemies":"Lagavulin","floor":10.0,"turns":5.0},{"damage":10.0,"enemies":"Exordium Thugs","floor":11.0,"turns":5.0},{"damage":5.0,"enemies":"Gremlin Gang","floor":14.0,"turns":4.0},{"damage":15.0,"enemies":"The Guardian","floor":16.0,"turns":10.0},{"damage":12.0,"enemies":"Spheric Guardian","floor":18.0,"turns":4.0},{"damage":9.0,"enemies":"2 Thieves","floor":19.0,"turns":3.0},{"damage":10.0,"enemies":"Snake Plant","floor":21.0,"turns":4.0},{"damage":9.0,"enemies":"Slavers","floor":25.0,"turns":3.0},{"damage":5.0,"enemies":"Gremlin Leader","floor":30.0,"turns":5.0},{"damage":3,"enemies":"Masked Bandits","floor":31,"turns":3},{"damage":22,"enemies":"Champ","floor":33,"turns":14},{"damage":0,"enemies":"3 Shapes","floor":35,"turns":5},{"damage":17,"enemies":"3 Darklings","floor":39,"turns":6},{"damage":27,"enemies":"Nemesis","floor":42,"turns":7},{"damage":3,"enemies":"Jaw Worm Horde","floor":44,"turns":5},{"damage":9,"enemies":"Giant Head","floor":46,"turns":7},{"damage":9,"enemies":"Maw","floor":48,"turns":7},{"damage":16,"enemies":"Awakened One","floor":50,"turns":22},{"damage":9,"enemies":"Donu and Deca","floor":51,"turns":4}],"seed_played":"1839774187713324187","potions_obtained":[{"floor":1.0,"key":"ColorlessPotion"},{"floor":4.0,"key":"Weak Potion"},{"floor":7.0,"key":"LiquidMemories"},{"floor":11.0,"key":"Ancient Potion"},{"floor":14.0,"key":"Poison Potion"},{"floor":16.0,"key":"CunningPotion"},{"floor":18.0,"key":"Swift Potion"},{"floor":19.0,"key":"SteroidPotion"},{"floor":21.0,"key":"Explosive Potion"},{"floor":24.0,"key":"CunningPotion"},{"floor":25.0,"key":"Block Potion"},{"floor":30.0,"key":"EntropicBrew"},{"floor":31,"key":"Swift Potion"},{"floor":33,"key":"EntropicBrew"},{"floor":35,"key":"Fruit Juice"},{"floor":39,"key":"Ancient Potion"},{"floor":44,"key":"Block Potion"},{"floor":46,"key":"Explosive Potion"}],"is_trial":false,"path_per_floor":["M","?","M","M","M","R","?","?","T","E","M","R","?","M","R","B",null,"M","M","?","M","?","R","?","E","T","$","?","?","E","?","R","B",null,"M","?","?","?","M","R","?","E","T","M","R","E","?","M","R","B","B"],"character_chosen":"THE_SILENT","items_purchased":["Noxious Fumes","Block Potion"],"campfire_rested":0,"item_purchase_floors":[27,27],"current_hp_per_floor":[52,52,53,54,55,55,49,49,49,50,41,41,41,37,37,23,61,50,42,42,33,33,33,33,25,25,25,25,25,21,19,19,41,71,77,77,77,77,61,61,61,42,42,40,40,32,32,24,24,9,0,0],"gold":535,"neow_bonus":"ONE_RARE_RELIC","is_daily":false,"chose_seed":false,"campfire_upgraded":8,"win_rate":0.0,"timestamp":1608449585,"path_taken":["M","?","M","?","M","R","?","?","T","E","M","R","?","M","R","BOSS","M","M","?","M","?","R","?","E","T","?","?","?","E","?","R","BOSS","M","?","?","?","M","R","?","E","T","M","R","E","?","M","R","BOSS","BOSS"],"items_purchased_type":["Card","Potion"],"build_version":"2020-12-13","purchased_purges":1,"victory":false,"max_hp_per_floor":[66,66,67,68,69,69,70,70,70,71,72,72,72,73,73,74,74,75,76,76,77,77,77,77,78,78,78,78,78,79,80,80,81,81,87,87,87,83,84,84,84,92,92,93,93,94,94,95,95,96,96,96],"card_choices":[{"not_picked":["Catalyst","Footwork"],"picked":"Dash","floor":1.0},{"not_picked":["Riddle With Holes","Bane"],"picked":"Escape Plan","floor":3.0},{"not_picked":["Underhanded Strike","Deflect"],"picked":"Poisoned Stab","floor":4.0},{"not_picked":["PiercingWail","Acrobatics"],"picked":"Deadly Poison","floor":5.0},{"not_picked":["Backflip","Accuracy"],"picked":"Backstab","floor":7.0},{"not_picked":["Choke","Slice"],"picked":"Infinite Blades","floor":10.0},{"not_picked":["Outmaneuver","Underhanded Strike"],"picked":"Endless Agony","floor":11.0},{"not_picked":["Outmaneuver","Expertise","Backstab"],"picked":"Deadly Poison","floor":14.0},{"not_picked":["Tools of the Trade","Doppelganger","Grand Finale"],"picked":"Die Die Die","floor":16.0},{"not_picked":["Accuracy","Cloak And Dagger","Bane"],"picked":"PiercingWail","floor":18.0},{"not_picked":["Deadly Poison+1","Blade Dance+1","Backflip"],"picked":"Crippling Poison","floor":19.0},{"not_picked":["Blade Dance","Acrobatics","Slice"],"picked":"Footwork","floor":21.0},{"not_picked":["Backstab","Underhanded Strike","Backflip"],"picked":"Cloak And Dagger+1","floor":25.0},{"not_picked":["Deadly Poison","Unload","Escape Plan"],"picked":"Footwork","floor":30.0},{"not_picked":["Glass Knife","Envenom","Phantasmal Killer"],"picked":"Burst","floor":33},{"not_picked":["Bane+1","Dagger Spray","Riddle With Holes"],"picked":"Catalyst","floor":35},{"not_picked":["Outmaneuver+1","Infinite Blades","Poisoned Stab","Bouncing Flask"],"picked":"SKIP","floor":39},{"not_picked":["Reflex","Calculated Gamble","Dagger Throw"],"picked":"Backflip","floor":42},{"not_picked":["Flying Knee","Blade Dance","Terror"],"picked":"Corpse Explosion","floor":44},{"not_picked":["Escape Plan+1","Bane","Prepared"],"picked":"Backflip","floor":46},{"not_picked":["Dagger Spray+1","Accuracy","Footwork"],"picked":"Backflip+1","floor":48}],"player_experience":3891930,"relics_obtained":[{"floor":7.0,"key":"Odd Mushroom"},{"floor":9.0,"key":"Juzu Bracelet"},{"floor":10.0,"key":"White Beast Statue"},{"floor":25.0,"key":"Paper Crane"},{"floor":26.0,"key":"Nunchaku"},{"floor":30.0,"key":"Lantern"},{"floor":31,"key":"Red Mask"},{"floor":42,"key":"Strawberry"},{"floor":46,"key":"Happy Flower"}],"event_choices":[{"damage_healed":0.0,"max_hp_gain":0.0,"max_hp_loss":0.0,"gold_gain":0.0,"event_name":"FaceTrader","player_choice":"Trade","floor":2.0,"gold_loss":0.0,"damage_taken":0.0,"relics_obtained":["FaceOfCleric"]},{"damage_healed":0.0,"max_hp_gain":0.0,"max_hp_loss":0.0,"gold_gain":0.0,"event_name":"Mushrooms","player_choice":"Fought Mushrooms","floor":7.0,"gold_loss":0.0,"damage_taken":0.0},{"damage_healed":0.0,"max_hp_gain":0.0,"max_hp_loss":0.0,"gold_gain":0.0,"event_name":"Match and Keep!","player_choice":"0 cards matched","floor":8.0,"gold_loss":0.0,"damage_taken":0.0,"cards_obtained":[]},{"damage_healed":0.0,"max_hp_gain":0.0,"max_hp_loss":0.0,"gold_gain":0.0,"event_name":"WeMeetAgain","player_choice":"Gave Potion","floor":13.0,"gold_loss":0.0,"damage_taken":0.0,"relics_obtained":["Question Card"]},{"damage_healed":0.0,"max_hp_gain":0.0,"max_hp_loss":0.0,"gold_gain":0.0,"event_name":"Addict","player_choice":"Obtained Relic","floor":20.0,"gold_loss":85.0,"damage_taken":0.0,"relics_obtained":["Lizard Tail"]},{"damage_healed":0.0,"max_hp_gain":0.0,"max_hp_loss":0.0,"gold_gain":0.0,"event_name":"The Joust","player_choice":"Bet on Murderer","floor":22.0,"gold_loss":50.0,"damage_taken":0.0},{"damage_healed":0.0,"max_hp_gain":0.0,"max_hp_loss":0.0,"gold_gain":0.0,"event_name":"Lab","player_choice":"Got Potions","floor":24.0,"gold_loss":0.0,"damage_taken":0.0},{"damage_healed":0.0,"max_hp_gain":0.0,"max_hp_loss":0.0,"gold_gain":0.0,"event_name":"The Mausoleum","player_choice":"Ignored","floor":28.0,"gold_loss":0.0,"damage_taken":0.0},{"damage_healed":0.0,"max_hp_gain":0.0,"max_hp_loss":0.0,"gold_gain":0.0,"event_name":"Vampires","player_choice":"Ignored","floor":29.0,"gold_loss":0.0,"damage_taken":0.0},{"damage_healed":0,"gold_gain":0,"player_choice":"Fought Bandits","damage_taken":0,"max_hp_gain":0,"max_hp_loss":0,"event_name":"Masked Bandits","floor":31,"gold_loss":0},{"damage_healed":0,"gold_gain":0,"player_choice":"Ignored","damage_taken":0,"max_hp_gain":0,"max_hp_loss":0,"event_name":"Mysterious Sphere","floor":36,"gold_loss":0},{"damage_healed":0,"gold_gain":50,"player_choice":"Pray","damage_taken":0,"max_hp_gain":0,"max_hp_loss":0,"event_name":"Golden Shrine","floor":37,"gold_loss":0},{"damage_healed":0,"gold_gain":0,"player_choice":"Max HP","damage_taken":0,"max_hp_gain":0,"max_hp_loss":4,"event_name":"Winding Halls","floor":38,"gold_loss":0},{"damage_healed":0,"gold_gain":222,"player_choice":"Wore Mask","damage_taken":0,"max_hp_gain":0,"max_hp_loss":0,"event_name":"Tomb of Lord Red Mask","floor":41,"gold_loss":0},{"damage_healed":0,"gold_gain":0,"player_choice":"Memory 1","damage_taken":0,"max_hp_gain":0,"max_hp_loss":0,"event_name":"SensoryStone","floor":47,"gold_loss":0}],"is_beta":false,"boss_relics":[{"not_picked":["Sozu","Philosopher\u0027s Stone"],"picked":"Coffee Dripper"},{"not_picked":["Snecko Eye","Busted Crown"],"picked":"Empty Cage"}],"items_purged_floors":[27],"is_endless":false,"potions_floor_spawned":[1,4,7,11,14,16,18,19,21,25,30,31,33,35,39,42,44,46,48],"killed_by":"Donu and Deca","ascension_level":20}}