{"host":"eil9x6nly2al6731","time":1608468502,"event":{"mods":["Aspiration","BaseMod","Better Third Choice","Colored Powertips","Conspire","Energized Spire","Friendly Minions","Halation","Hubris","Infinite Spire","Minty Spire (QoL Compilation)","Random Character Button","Replay The Spire","Robot Space Explorer","Shop Mod","StSLib","The Druid","The Factory","The Jungle","The Mystic","The Servant 0.9.4","TheBandit"],"gold_per_floor":[119,119,134,84,84,84,117,36,36,36,70,99,99,157,157,181,181],"floor_reached":16,"playtime":320,"items_purged":[],"score":266,"play_id":"f2b2f845-21c0-444a-8a6b-ccff1c8e64a6","local_time":"20201220204822","is_ascension_mode":true,"campfire_choices":[{"data":"Zap","floor":6.0,"key":"SMITH"},{"data":"hubris:PowerSurge","floor":10,"key":"SMITH"},{"data":"Dualcast","floor":13,"key":"SMITH"},{"data":"Barrage","floor":15,"key":"SMITH"}],"circlet_count":0,"master_deck":["AscendersBane","Strike_B","Strike_B","Strike_B","Strike_B","Defend_B","Defend_B","Defend_B","Defend_B","Zap+1","Dualcast+1","Barrage+1","Conserve Battery","conspire:SpireCoStock","hubris:PowerSurge+1","Glacier","Cold Snap"],"relics":["Cracked Core","NeowsBlessing","infinitespire:WardingShard","Blue Candle","Orichalcum"],"acts_visited":["Exordium"],"potions_floor_usage":[],"damage_taken":[{"damage":0.0,"enemies":"2 Louse","floor":1.0,"turns":1.0},{"damage":0.0,"enemies":"Small Slimes","floor":3.0,"turns":1.0},{"damage":0.0,"enemies":"Gremlin Nob","floor":7.0,"turns":1.0},{"damage":12,"enemies":"Jaw Worm","floor":11,"turns":3},{"damage":6,"enemies":"3 Louse","floor":12,"turns":4},{"damage":2,"enemies":"Lagavulin","floor":14,"turns":7},{"damage":50,"enemies":"Hexaghost","floor":16,"turns":12}],"seed_played":"-88654110173998605","potions_obtained":[{"floor":11,"key":"LiquidMemories"},{"floor":12,"key":"BlessingOfTheForge"}],"is_trial":false,"path_per_floor":["M","?","M","?","?","R","E","$","T","R","M","M","R","E","R","B"],"character_chosen":"DEFECT","items_purchased":["hubris:PowerSurge"],"campfire_rested":0,"item_purchase_floors":[8],"current_hp_per_floor":[64,64,64,64,64,64,64,64,64,64,52,46,46,44,44,0,0],"gold":181,"neow_bonus":"THREE_ENEMY_KILL","is_daily":false,"chose_seed":false,"campfire_upgraded":4,"win_rate":0.0,"timestamp":1608468502,"path_taken":["M","?","M","?","?","R","E","$","T","R","M","M","R","E","R","BOSS"],"items_purchased_type":["Card"],"build_version":"2020-12-13","purchased_purges":0,"victory":false,"max_hp_per_floor":[71,71,71,71,71,71,71,71,71,71,71,71,71,71,71,71,71],"card_choices":[{"not_picked":["Tempest","Streamline"],"picked":"Barrage","floor":1.0},{"not_picked":["BasicCrystalCard","Hologram"],"picked":"Conserve Battery","floor":3.0},{"not_picked":["Hello World","Recycle","Gash"],"picked":"SKIP","floor":7},{"not_picked":["Barrage","Thunder Strike","Panic Button"],"picked":"SKIP","floor":11},{"not_picked":["Beam Cell","Rebound"],"picked":"Glacier","floor":12},{"not_picked":["Beam Cell","Aggregate"],"picked":"Cold Snap","floor":14}],"player_experience":1464934,"relics_obtained":[{"floor":7,"key":"infinitespire:WardingShard"},{"floor":9,"key":"Blue Candle"},{"floor":14,"key":"Orichalcum"}],"event_choices":[{"damage_healed":0.0,"max_hp_gain":0.0,"max_hp_loss":0.0,"gold_gain":0.0,"event_name":"The Cleric","player_choice":"Leave","floor":2.0,"gold_loss":0.0,"damage_taken":0.0},{"damage_healed":0.0,"max_hp_gain":0.0,"max_hp_loss":0.0,"gold_gain":0.0,"event_name":"conspire:Investor","player_choice":"Invest 1","floor":4.0,"gold_loss":0.0,"damage_taken":0.0}],"is_beta":false,"boss_relics":[],"items_purged_floors":[],"is_endless":false,"potions_floor_spawned":[11,12,14],"killed_by":"Hexaghost","ascension_level":20}}