{"host":"e0cd4bhk462yjjnf","time":1608470577,"event":{"mods":["BaseMod","Colored Map","Colored Powertips","Downfall","Highlight Path","Minty Spire (QoL Compilation)","Replay The Spire","Shop Mod","Spicy Shops","StSLib"],"gold_per_floor":[99,116,116,149,159,84,84,9,26,61,81,94,104,104,116,221,221,221,233,250,38,2,2,29,57,57,85,85,85,85,185,197,296,296,296,316,411,439,424,424],"floor_reached":39,"playtime":2801,"items_purged":["Guardian:Strike_Guardian","Guardian:Strike_Guardian"],"score":482,"play_id":"deb60935-364f-4378-85ab-0a2b1c473199","local_time":"20201220082257","is_ascension_mode":false,"campfire_choices":[{"floor":1.0,"key":"RECALL"},{"data":"Guardian:PrismaticBeam","floor":6.0,"key":"SMITH"},{"data":"Guardian:TwinSlam","floor":8.0,"key":"SMITH"},{"data":"Guardian:PiercingHide","floor":18.0,"key":"SMITH"},{"data":"Guardian:Repulse","floor":23.0,"key":"SMITH"},{"data":"Guardian:Incinerate","floor":26.0,"key":"SMITH"},{"data":"Guardian:ArmoredProtocol","floor":35,"key":"SMITH"}],"circlet_count":0,"master_deck":["Guardian:CurlUp","Guardian:PrismaticBeam+1","Guardian:ConstructionForm","Guardian:PiercingHide+1","Guardian:Incinerate+1","Guardian:Repulse+1","Survivor+1","Neutralize+1","Guardian:RevengeProtocol","Guardian:ShieldCharger+1","Guardian:PrimingBeam+1","Guardian:PrimingBeam+1","Languid","Regret","Guardian:VentSteam+1","Guardian:Gem_Cyan","Guardian:TimeBomb","Guardian:HyperBeam_Guardian","Guardian:ArmoredProtocol+1","Guardian:MultiBeam","Guardian:GuardianWhirl","Guardian:BronzeArmor","Guardian:EvasiveProtocol","ReplayTheSpireMod:Splinters","Guardian:Gem_Green"],"relics":["Guardian:ModeShifter","downfall:ShatteredFragment","Gremlin Horn","downfall:HeartBlessingRed","downfall:HeartBlessingBlue","Shuriken","Cursed Key","Kunai","ReplayTheSpireMod:CursedCoin","Replay:Baseball","Happy Flower","Quantum Egg","The Courier","downfall:CloakOfManyFaces","CultistMask","FaceOfCleric","NlothsMask","GremlinMask","SsserpentHead","Pandora\u0027s Box","ReplayTheSpireMod:TigerMarble"],"acts_visited":["Exordium","TheCity","TheBeyond"],"potions_floor_usage":[],"damage_taken":[{"damage":0.0,"enemies":"Cultist","floor":2.0,"turns":4.0},{"damage":22.0,"enemies":"Replay:BlueRogue","floor":4.0,"turns":7.0},{"damage":0.0,"enemies":"Small Slimes","floor":5.0,"turns":2.0},{"damage":0.0,"enemies":"2 Louse","floor":9.0,"turns":1.0},{"damage":4.0,"enemies":"3 Sentries","floor":10.0,"turns":8.0},{"damage":0.0,"enemies":"Exordium Thugs","floor":11.0,"turns":6.0},{"damage":0.0,"enemies":"Blue Slaver","floor":12.0,"turns":2.0},{"damage":1.0,"enemies":"2 Fungi Beasts","floor":13.0,"turns":2.0},{"damage":0.0,"enemies":"Large Slime","floor":15.0,"turns":4.0},{"damage":25.0,"enemies":"downfall:Defect","floor":16.0,"turns":6.0},{"damage":0.0,"enemies":"3 Byrds","floor":19.0,"turns":3.0},{"damage":12.0,"enemies":"Snake Plant","floor":20.0,"turns":4.0},{"damage":0.0,"enemies":"downfall:FleeingMerchant","floor":21.0,"turns":4.0},{"damage":0.0,"enemies":"downfall:FleeingMerchant","floor":22.0,"turns":4.0},{"damage":20.0,"enemies":"Slavers","floor":25.0,"turns":4.0},{"damage":16.0,"enemies":"Book of Stabbing","floor":27.0,"turns":6.0},{"damage":5.0,"enemies":"downfall:FaceTrader","floor":31.0,"turns":5.0},{"damage":13.0,"enemies":"Sentry and Sphere","floor":32.0,"turns":7.0},{"damage":17.0,"enemies":"downfall:Ironclad","floor":33.0,"turns":7.0},{"damage":6,"enemies":"Orb Walker","floor":36,"turns":3},{"damage":42,"enemies":"Giant Head","floor":38,"turns":7},{"damage":2,"enemies":"downfall:FleeingMerchant","floor":39,"turns":4}],"seed_played":"45925042004763083","potions_obtained":[{"floor":5.0,"key":"Milkshake"},{"floor":11.0,"key":"Fire Potion"},{"floor":12.0,"key":"Languid Potion"},{"floor":13.0,"key":"Toxic Potion"},{"floor":16.0,"key":"Doom Potion"},{"floor":19.0,"key":"Guardian:StasisDiscoveryPotion"},{"floor":25.0,"key":"LiquidBronze"},{"floor":36,"key":"Strength Potion"}],"is_trial":false,"path_per_floor":["R","M","?","E","M","R","T","R","M","E","M","M","M","?","M","B",null,"R","M","M","$","$","R","T","E","R","E","?","?","?","?","M","B",null,"R","M","?","E","$"],"character_chosen":"GUARDIAN","items_purchased":["Kunai","ReplayTheSpireMod:CursedCoin","Replay:Baseball"],"campfire_rested":0,"item_purchase_floors":[21,22,22],"current_hp_per_floor":[88,88,64,42,42,42,42,52,52,48,48,48,47,47,47,22,98,98,98,86,86,86,86,86,66,66,50,50,82,82,77,65,49,100,100,95,95,54,52,52],"gold":424,"neow_bonus":"TEN_PERCENT_HP_BONUS","is_daily":false,"chose_seed":false,"campfire_upgraded":6,"win_rate":0.0,"timestamp":1608470577,"path_taken":["R","?","?","E","M","R","T","R","M","E","M","M","M","?","M","BOSS","R","M","M","$","$","R","T","E","R","E","?","?","?","?","M","BOSS","R","M","?","E","$"],"items_purchased_type":["Relic","Relic","Relic"],"build_version":"2020-12-13","purchased_purges":2,"victory":false,"max_hp_per_floor":[88,88,88,88,88,88,88,98,98,98,98,98,98,98,98,98,98,98,98,98,98,98,98,98,98,98,98,98,98,98,98,99,100,100,100,101,101,102,102,102],"card_choices":[{"not_picked":["Guardian:CrystalBeam","Guardian:Gem_Green"],"picked":"Guardian:Gem_White","floor":2.0},{"not_picked":["Guardian:Harden","Guardian:AncientConstruct"],"picked":"Guardian:PrismaticBeam","floor":4.0},{"not_picked":["Guardian:Incinerate","Guardian:DonusPower"],"picked":"Guardian:Gem_Lightblue","floor":5.0},{"not_picked":["Guardian:Reroute","Guardian:ShieldCharger"],"picked":"Guardian:ConstructionForm","floor":9.0},{"not_picked":["Guardian:Planning","Guardian:VentSteam"],"picked":"Guardian:PiercingHide","floor":10.0},{"not_picked":["Guardian:WalkerClaw","Guardian:TemporalStrike"],"picked":"Guardian:Incinerate","floor":11.0},{"not_picked":["Guardian:PiercingHide","Guardian:PolyBeam"],"picked":"Guardian:Repulse","floor":12.0},{"not_picked":["Guardian:ChargeUp","Guardian:EvasiveProtocol"],"picked":"Guardian:Gem_Purple","floor":13.0},{"not_picked":["Guardian:Reroute","Guardian:Gem_Blue"],"picked":"Guardian:Gem_Crimson","floor":15.0},{"not_picked":["Guardian:ConstructionForm","Guardian:TimeSifter"],"picked":"Guardian:RevengeProtocol","floor":16.0},{"not_picked":["Guardian:ChargeCore","Guardian:SentryBeam"],"picked":"Guardian:ShieldCharger+1","floor":19.0},{"not_picked":["Guardian:TemporalShield+1","Guardian:Planning"],"picked":"Guardian:PrimingBeam+1","floor":20.0},{"not_picked":["Guardian:TimeBomb","Guardian:WalkerClaw"],"picked":"Guardian:PrimingBeam+1","floor":21.0},{"not_picked":["Guardian:RefractedBeam","Guardian:Planning"],"picked":"Guardian:BaubleBeam","floor":22.0},{"not_picked":["Guardian:Gem_Cyan","Guardian:PrismaticBarrier"],"picked":"Guardian:Gem_Blue","floor":25.0},{"not_picked":["Guardian:TemporalStrike+1","Guardian:EvasiveProtocol"],"picked":"Guardian:VentSteam+1","floor":27.0},{"not_picked":["Guardian:BronzeOrb","Guardian:Gem_Cyan"],"picked":"Guardian:TimeBomb","floor":31.0},{"not_picked":["Guardian:CrystalBeam","Guardian:TemporalStrike+1"],"picked":"Guardian:Gem_Lightblue","floor":32.0},{"not_picked":["Guardian:TimeSifter","Guardian:RevengeProtocol"],"picked":"Guardian:HyperBeam_Guardian","floor":33.0},{"not_picked":["Guardian:Gem_White","Guardian:WalkerClaw"],"picked":"Guardian:EvasiveProtocol","floor":36},{"not_picked":["Guardian:MultiBeam","Guardian:Incinerate+1"],"picked":"Guardian:Gem_Green","floor":38}],"player_experience":357636,"relics_obtained":[{"floor":4.0,"key":"Gremlin Horn"},{"floor":10.0,"key":"Shuriken"},{"floor":24.0,"key":"Happy Flower"},{"floor":25.0,"key":"Quantum Egg"},{"floor":27.0,"key":"The Courier"},{"floor":31.0,"key":"downfall:CloakOfManyFaces"},{"floor":38,"key":"ReplayTheSpireMod:TigerMarble"}],"event_choices":[{"damage_healed":32.0,"max_hp_gain":0.0,"max_hp_loss":0.0,"gold_gain":0.0,"event_name":"The Library","player_choice":"Heal","floor":29.0,"gold_loss":0.0,"damage_taken":0.0}],"is_beta":false,"boss_relics":[{"not_picked":["Painkiller Herb","Runic Dome"],"picked":"Cursed Key"},{"not_picked":["SlaversCollar","Ring of Chaos"],"picked":"Pandora\u0027s Box"}],"items_purged_floors":[21,22],"is_endless":false,"potions_floor_spawned":[5,11,12,13,16,19,25,27,32,36],"killed_by":"downfall:FleeingMerchant","ascension_level":0}}