{"host":"hione0pk5ff35p8e","time":1608496557,"event":{"mods":["AchievementEnabler","Aspiration","Bard","BaseMod","Beaked The Cultist","Better Altar","Better Match","Better Note","Better Sensory Stone","Better Skull","Better Third Choice","BetterRewards","CCEM","Clawfect","Colored Map","Conspire","Downfall","GifTheSpireLib","Googly Eyes","Halation","Hermit","Highlight Path","Hubris","Hunter ??","Jedi Mod","Jorbs\u0027s Wanderer Trilogy","Mad Scientist","Marisa????????","Mimic Mod","Minty Spire (QoL Compilation)","Permanent Neow","Rare Cards Sparkle","Replay The Spire","Shade Mod","Shop Mod","Spicy Shops","StSLib","Stuff the Spire","Td1madao Mod","The Administrix","The Blackbeard","The Bug Knight","The Construct","The Cursed","The Disciple","The Gatherer","The Hierophant","The IronCluck","The Jungle","The Mystic","The Necromancer","The Problem Sleuth","The Runesmith","The Servant 0.9.4","The Spell Scribe","The Wild Card","The Witch","Unceasing Turn Reminder","everything is the same but u backflip on backflip","slay the spire mod where everything is the same but ironclad has a cowboy hat"],"gold_per_floor":[99,128,128,303,303,17,17,51,51,83,9,19,37,57,75,179,179,179,189,201,239,258,258,288,288,288,323,24,36,51,36,50,153,153,78,78,78,96,113,113,150,170,70,94,94,94,0,32,66,97],"floor_reached":51,"playtime":3123,"items_purged":["Doubt","Slimebound:Defend_Slimebound","Slimebound:Repurpose"],"score":864,"play_id":"26c59333-f012-42b8-a4e2-0d447cdaaf20","local_time":"20201220213557","is_ascension_mode":false,"campfire_choices":[{"data":"Slimebound:Split","floor":1,"key":"SMITH"},{"data":"Slimebound:CorrosiveSpit","floor":9,"key":"SMITH"},{"floor":18,"key":"DIG"},{"data":"Slimebound:SelfFormingGoo","floor":23,"key":"SMITH"},{"data":"Slimebound:LevelUp","floor":25,"key":"SMITH"},{"data":"Slimebound:HauntingLick","floor":35,"key":"SMITH"},{"data":"Slimebound:MegaLick","floor":37,"key":"SMITH"},{"data":"Slimebound:RallyTheTroops","floor":40,"key":"SMITH"}],"circlet_count":0,"master_deck":["Slimebound:Strike_Slimebound","Slimebound:Strike_Slimebound","Slimebound:Strike_Slimebound","Slimebound:Tackle","Slimebound:Defend_Slimebound","Slimebound:Defend_Slimebound","Slimebound:Defend_Slimebound","Slimebound:Split+1","Slimebound:CorrosiveSpit+1","expansioncontent:SuperHexaguard","Slimebound:Dissolve","Slimebound:SelfFormingGoo+1","Slimebound:GoopSpray+1","Slimebound:LevelUp+1","Slimebound:MegaLick+1","Slimebound:Prepare","Slimebound:FirmFortitude","Slimebound:SplitAcid","Slimebound:Repurpose","Slimebound:SplitMire","Slimebound:RallyTheTroops+1","Slimebound:SpikyOuterGoop","Slimebound:SplitLeeching","Slimebound:Schlurp","Slimebound:SlimeSpikes","Slimebound:LivingWall","Slimebound:OneTwoCombo","Slimebound:AcidTongue+1","Slimebound:Teamwork","Slimebound:ViciousTackle","Slimebound:HauntingLick+1","Slimebound:Overexert","Slimebound:Replication+1","Slimebound:Schlurp+1","conspire:SpireCoStock","conspire:SpireCoStock","Slimebound:HauntingLick+1","ReplayTheSpireMod:Private Reserves","expansioncontent:YouAreMine","Slimebound:Replication+1","Dark Shackles","Slimebound:LeadByExample","Slimebound:MegaLick+1","Slimebound:DisruptingSlam+1"],"relics":["Slimebound:AbsorbEndCombatUpgraded","StuffTheSpire:PointBlank","halation:EternalFortune","Ring of Misfortune","ReplayTheSpireMod:Ring of Sloth","Durian","ReplayTheSpireMod:TigerMarble","StoneCalendar","Blood Vial","Garlic","jedi:Pinwheel","StuffTheSpire:GrapeVine","hubris:Backtick","aspiration:HatOfInfinitePower","downfall:HeartBlessingGreen","Spirit Poop","Shuriken","Slimebound:AggressiveSlimeRelic"],"acts_visited":["Exordium","TheCity","TheBeyond"],"potions_floor_usage":[16,16,21,22,28,30,31,33,44],"damage_taken":[{"damage":36,"enemies":"3 Sentries","floor":2,"turns":7},{"damage":6,"enemies":"downfall:FleeingMerchant","floor":6,"turns":4},{"damage":4,"enemies":"Lagavulin","floor":8,"turns":4},{"damage":3,"enemies":"3 Sentries","floor":10,"turns":4},{"damage":3,"enemies":"downfall:FleeingMerchant","floor":11,"turns":4},{"damage":0,"enemies":"Jaw Worm","floor":12,"turns":1},{"damage":3,"enemies":"2 Louse","floor":13,"turns":2},{"damage":0,"enemies":"Small Slimes","floor":14,"turns":1},{"damage":0,"enemies":"Exordium Wildlife","floor":15,"turns":2},{"damage":16,"enemies":"downfall:Silent","floor":16,"turns":5},{"damage":15,"enemies":"3 Byrds","floor":19,"turns":4},{"damage":14,"enemies":"Spheric Guardian","floor":20,"turns":5},{"damage":2,"enemies":"Snake Plant","floor":21,"turns":4},{"damage":6,"enemies":"Snake Plant","floor":22,"turns":3},{"damage":2,"enemies":"Cultist and Chosen","floor":24,"turns":5},{"damage":0,"enemies":"HollowMod:Nosk","floor":27,"turns":5},{"damage":0,"enemies":"downfall:FleeingMerchant","floor":28,"turns":4},{"damage":3,"enemies":"Cultist and Chosen","floor":29,"turns":4},{"damage":9,"enemies":"Shelled Parasite and Fungi","floor":30,"turns":5},{"damage":10,"enemies":"downfall:FleeingMerchant","floor":31,"turns":4},{"damage":3,"enemies":"3 Cultists","floor":32,"turns":4},{"damage":17,"enemies":"downfall:Ironclad","floor":33,"turns":8},{"damage":6,"enemies":"3 Darklings","floor":38,"turns":4},{"damage":8,"enemies":"3 Shapes","floor":39,"turns":3},{"damage":0,"enemies":"Transient","floor":41,"turns":7},{"damage":12,"enemies":"Transient","floor":42,"turns":5},{"damage":73,"enemies":"Reptomancer","floor":44,"turns":5},{"damage":0,"enemies":"downfall:FleeingMerchant","floor":47,"turns":1},{"damage":6,"enemies":"Sphere and 2 Shapes","floor":48,"turns":4},{"damage":5,"enemies":"4 Shapes","floor":49,"turns":5},{"damage":25,"enemies":"downfall:Defect","floor":50,"turns":7}],"seed_played":"-7781425266776164568","potions_obtained":[{"floor":8,"key":"Reflective Coating"},{"floor":10,"key":"EssenceOfSteel"},{"floor":12,"key":"SteroidPotion"},{"floor":13,"key":"PowerPotion"},{"floor":16,"key":"BlessingOfTheForge"},{"floor":20,"key":"champ:CounterPotion"},{"floor":27,"key":"jedi:tentaclejuice"},{"floor":29,"key":"Dexterity Potion"},{"floor":30,"key":"LifebloodPotion"},{"floor":33,"key":"BlessingOfTheForge"},{"floor":39,"key":"sneckomod:MuddlingPotion"},{"floor":42,"key":"PowerPotion"}],"is_trial":false,"path_per_floor":["R","E","?","?","?","$","T","E","R","E","$","M","M","M","M","B",null,"R_BF","M","M","MIM","M","R","MIM","R","?","E","$","M","M","$","M","B",null,"R","?","R","M","M","R","MIM","M","?","E","?","?","$","M","M","B",null],"character_chosen":"SLIMEBOUND","items_purchased":["Slimebound:GoopSpray+1","Slimebound:LevelUp","Slimebound:MegaLick","Blood Vial","Slimebound:Teamwork","Slimebound:AggressiveSlimeRelic","Dark Shackles","Slimebound:LeadByExample"],"campfire_rested":0,"item_purchase_floors":[6,6,6,11,28,47,47,47],"current_hp_per_floor":[60,48,51,51,51,61,66,68,68,68,68,68,68,74,74,74,74,74,74,74,77,77,77,80,80,80,80,80,80,80,81,81,76,81,81,81,81,81,84,84,84,87,87,53,33,33,38,69,93,79],"gold":97,"neow_bonus":"RANDOM_COLORLESS","is_daily":false,"chose_seed":false,"campfire_upgraded":7,"win_rate":0.0,"timestamp":1608496557,"path_taken":["R","E","?","?","?","?","T","E","R","E","$","?","?","M","M","BOSS","R_BF","M","M","?","M","R","MIM","R","?","E","$","?","M","?","M","BOSS","R","?","R","M","?","R","MIM","M","?","E","?","?","$","M","M","BOSS"],"items_purchased_type":["Card","Card","Card","Relic","Card","Relic","Card","Card"],"build_version":"2020-12-13","purchased_purges":3,"victory":true,"max_hp_per_floor":[60,60,63,63,63,63,68,68,68,68,68,68,68,74,74,74,74,74,74,77,77,77,77,80,80,80,80,80,80,80,81,81,81,81,81,81,81,81,84,84,84,87,87,87,87,87,90,93,93,93],"card_choices":[{"not_picked":["Purity","Replay:Bootleg Shield Generator"],"picked":"expansioncontent:SuperHexaguard","floor":0},{"not_picked":["Slimebound:RollThrough","Slimebound:RainOfGoop"],"picked":"Slimebound:Dissolve","floor":2},{"not_picked":["Slimebound:GrowthPunch","Slimebound:RollThrough"],"picked":"Slimebound:SelfFormingGoo","floor":6},{"not_picked":["Slimebound:SelfFormingGoo","Slimebound:ItLooksTasty"],"picked":"Slimebound:Prepare","floor":8},{"not_picked":["Slimebound:FlameTackle","Slimebound:Chomp"],"picked":"Slimebound:FirmFortitude","floor":10},{"not_picked":["Slimebound:ViciousTackle","Slimebound:RollThrough"],"picked":"Slimebound:SplitAcid","floor":11},{"not_picked":["Slimebound:SlimeSpikes","Slimebound:FlameTackle"],"picked":"Slimebound:Repurpose","floor":12},{"not_picked":["Slimebound:GoopSpray","Slimebound:FlameTackle","Slimebound:Equalize"],"picked":"SKIP","floor":13},{"not_picked":["Slimebound:FinishingTackle","Slimebound:ForwardTackle"],"picked":"Slimebound:Repurpose","floor":14},{"not_picked":["Slimebound:LivingWall","Slimebound:LeechEnergy"],"picked":"Slimebound:SplitMire","floor":15},{"not_picked":["Slimebound:LeechLife","Slimebound:MinionMaster"],"picked":"Slimebound:RallyTheTroops","floor":16},{"not_picked":["Slimebound:BestDefense","Slimebound:Schlurp"],"picked":"Slimebound:SpikyOuterGoop","floor":19},{"not_picked":["Slimebound:TongueLash","Slimebound:SpikyOuterGoop+1"],"picked":"Slimebound:SplitLeeching","floor":20},{"not_picked":["Slimebound:GoopSpray","Slimebound:FinishingTackle"],"picked":"Slimebound:Schlurp","floor":21},{"not_picked":["Slimebound:RollThrough","Slimebound:SplitMire"],"picked":"Slimebound:SlimeSpikes","floor":22},{"not_picked":["Slimebound:GoopSpray","Slimebound:RollThrough"],"picked":"Slimebound:LivingWall","floor":24},{"not_picked":["Slimebound:ItLooksTasty","Slimebound:GoopSpray"],"picked":"Slimebound:AcidTongue+1","floor":27},{"not_picked":["Slimebound:SamplingLick","Slimebound:FinishingTackle","Slimebound:LeechingTouch"],"picked":"SKIP","floor":28},{"not_picked":["Slimebound:SlimeSlap","Slimebound:SplitAcid","Slimebound:Replication"],"picked":"SKIP","floor":29},{"not_picked":["Slimebound:SlimeBarrage","Slimebound:Replication"],"picked":"Slimebound:ViciousTackle","floor":30},{"not_picked":["Slimebound:PressTheAttack","Slimebound:FinishingTackle+1"],"picked":"Slimebound:HauntingLick","floor":31},{"not_picked":["Slimebound:RollThrough","Slimebound:ComboTackle","Slimebound:PressTheAttack+1"],"picked":"SKIP","floor":32},{"not_picked":["Slimebound:DuplicatedForm","Slimebound:RallyTheTroops"],"picked":"Slimebound:Overexert","floor":33},{"not_picked":["Slimebound:LivingWall+1","Slimebound:Dissolve+1"],"picked":"Slimebound:Replication+1","floor":38},{"not_picked":["Slimebound:HauntingLick","Slimebound:ViciousTackle","Slimebound:FinishingTackle"],"picked":"SKIP","floor":39},{"not_picked":["Slimebound:GrowthPunch+1","Slimebound:FinishingTackle"],"picked":"Slimebound:Schlurp+1","floor":42},{"not_picked":["Slimebound:ComboTackle+1","Slimebound:PressTheAttack+1"],"picked":"Slimebound:HauntingLick+1","floor":44},{"not_picked":["Replay:Sssssssssstrike","ReplayTheSpireMod:Trickstab"],"picked":"ReplayTheSpireMod:Private Reserves","floor":46},{"not_picked":["ReplayTheSpireMod:Brewmster","ReplayTheSpireMod:Uncanny Aura"],"picked":"expansioncontent:YouAreMine","floor":46},{"not_picked":["Slimebound:SplitMire","Slimebound:ViciousTackle+1"],"picked":"Slimebound:Replication+1","floor":47},{"not_picked":["Slimebound:AcidTongue","Slimebound:Chomp+1"],"picked":"Slimebound:MegaLick+1","floor":48},{"not_picked":["Slimebound:BestDefense","Slimebound:RollThrough+1"],"picked":"Slimebound:DisruptingSlam+1","floor":49}],"player_experience":7690,"relics_obtained":[{"floor":2,"key":"StuffTheSpire:PointBlank"},{"floor":5,"key":"Ring of Misfortune"},{"floor":5,"key":"ReplayTheSpireMod:Ring of Sloth"},{"floor":7,"key":"Durian"},{"floor":8,"key":"ReplayTheSpireMod:TigerMarble"},{"floor":10,"key":"StoneCalendar"},{"floor":18,"key":"Mirror"},{"floor":20,"key":"halation:EternalFortune"},{"floor":21,"key":"Garlic"},{"floor":24,"key":"jedi:Pinwheel"},{"floor":24,"key":"halation:EternalFortune"},{"floor":27,"key":"StuffTheSpire:GrapeVine"},{"floor":39,"key":"halation:EternalFortune"},{"floor":42,"key":"halation:EternalFortune"},{"floor":44,"key":"Shuriken"},{"floor":47,"key":"halation:EternalFortune"},{"floor":48,"key":"halation:EternalFortune"}],"event_choices":[{"cards_removed":["Doubt"],"damage_healed":0,"gold_gain":0,"player_choice":"Offered Curse","damage_taken":0,"relics_obtained":["Spirit Poop"],"max_hp_gain":0,"max_hp_loss":0,"event_name":"Bonfire Elementals","floor":36,"gold_loss":0},{"damage_healed":0,"gold_gain":0,"player_choice":"Invest 2","damage_taken":0,"max_hp_gain":0,"max_hp_loss":0,"event_name":"conspire:Investor","floor":43,"gold_loss":0},{"damage_healed":0,"gold_gain":3,"player_choice":"1","damage_taken":0,"max_hp_gain":0,"max_hp_loss":0,"event_name":"betterStone:BetterStone","floor":46,"gold_loss":0}],"is_beta":false,"boss_relics":[{"not_picked":["halation:Prosthetics","aspiration:BeakedSkillbook"],"picked":"Slimebound:AbsorbEndCombatUpgraded"},{"not_picked":["Kintsugi","StuffTheSpire:Kangaroo"],"picked":"hubris:Backtick"}],"items_purged_floors":[6,28,47],"is_endless":false,"potions_floor_spawned":[8,10,12,13,16,20,27,29,30,33,39,42],"ascension_level":0}}