{"host":"vjff2xj95zxi2vsi","time":1608438869,"event":{"mods":["2.2 Compatiblity","AchievementEnabler","Act Like it!","Ascension Reborn","Aspiration","BaseMod","Beaked The Cultist","Better Altar","Better Match","Better Sensory Stone","Better Skull","Better Third Choice","Challenge The Spire","ChefMod","Clockwork Mod","Conspire","Displayed Cursed Tome","Downfall","Elementarium","Energized Spire","Gensokyo","GifTheSpireLib","Gremlin Mod","Gremlin Skip","Halation","Hallownest","Hermit","Hubris","Infinite Spire","Marisa????????","Marked Mod","Menagerie","Minty Spire (QoL Compilation)","Permanent Neow","Replay The Spire","Robot Space Explorer","SCP261 Mod","Somnambulant","Spikes Relics","StSLib","Stuff the Spire","The Blackbeard","The Blue Laboratory","The Cursed","The Dragon Tamer","The Elementalist","The Gatherer","The Hayseed","The Hierophant","The Runesmith","The Sage","The Servant 0.9.4","The Valiant","The Vixen","Trackpad","Yuri Mod","vexMod"],"gold_per_floor":[111,111,126,11,61,61,93,93,93,93,8,34,49,83,33,138,88,103,103,28,28,28,28,58,80,125,125,125],"floor_reached":27,"playtime":1769,"items_purged":[],"score":270,"play_id":"157de26d-bae6-432d-ac59-61b84945c056","local_time":"20201219233429","is_ascension_mode":true,"campfire_choices":[{"floor":6,"key":"RECALL"},{"floor":8,"key":"REST"},{"data":"chefmod:HotSoup","floor":10,"key":"SMITH"},{"data":"StuffTheSpire:Vigor","floor":23,"key":"SMITH"}],"circlet_count":0,"master_deck":["chefmod:Defend+1","chefmod:Defend","chefmod:Defend","chefmod:QuickThaw","chefmod:TodaysSpecial","chefmod:Ratatouille","chefmod:ColdSteel","chefmod:IcePick","chefmod:Fillet","chefmod:FireUp+1","chefmod:IcePick","chefmod:ZaruSoba","chefmod:Gelato+1","conspire:SpireCoStock","chefmod:DeepFreeze","chefmod:Fillet","chefmod:Puree","Bite","Bite","Bite","Bite","Bite","StuffTheSpire:Vigor+1","chefmod:Fillet","chefmod:SpaghettiCarbonara"],"relics":["chefmod:TrustyPot","halation:AfternoonTea","Odd Mushroom","beaked:ShinyBauble","Du-Vu Doll","vexMod:BerryBomb","energizedSpire:HugeHouse","sagemod:Flying_Carpet","conspire:GlowingRock","War Paint"],"acts_visited":["Hallownest:Greenpath","TheCity"],"potions_floor_usage":[14,16],"damage_taken":[{"damage":7,"enemies":"Hallownest:monsterHuskGuard","floor":1,"turns":4},{"damage":0,"enemies":"Hallownest:monsterHuskWarrior","floor":3,"turns":4},{"damage":24,"enemies":"Hallownest:eliteVengeflyKing","floor":7,"turns":16},{"damage":7,"enemies":"Hallownest:eliteMossKnight","floor":12,"turns":5},{"damage":1,"enemies":"Hallownest:2_Tiktiks_and_1_Crawlid","floor":13,"turns":4},{"damage":22,"enemies":"Hallownest:eliteCrystalGuardian","floor":14,"turns":6},{"damage":52,"enemies":"Hallownest:BossFalseKnight","floor":16,"turns":8},{"damage":21,"enemies":"Spheric Guardian","floor":18,"turns":4},{"damage":28,"enemies":"Book of Stabbing","floor":24,"turns":9},{"damage":0,"enemies":"3 Byrds","floor":25,"turns":6},{"damage":38,"enemies":"Shelled Parasite and Fungi","floor":27,"turns":6}],"seed_played":"6971446225925244521","potions_obtained":[{"floor":12,"key":"Flashbang"},{"floor":14,"key":"Fire Potion"}],"is_trial":false,"path_per_floor":["M","?","M","?","?","R","E","R","T","R","$","E","M","E","R","B",null,"M","?","?","?","?","R","E","M","T","M"],"character_chosen":"THE_CHEF","items_purchased":["chefmod:Fillet","chefmod:FireUp+1"],"campfire_rested":1,"item_purchase_floors":[11,11],"current_hp_per_floor":[69,69,69,69,69,69,45,67,67,67,67,74,73,57,57,5,77,56,53,53,53,37,37,15,27,27,0,0],"gold":125,"neow_bonus":"RANDOM_COMMON_RELIC","is_daily":false,"chose_seed":false,"campfire_upgraded":2,"win_rate":0.0,"timestamp":1608438869,"path_taken":["M","?","M","?","?","R","E","R","T","R","?","E","M","E","R","BOSS","M","?","?","?","?","R","E","?","T","M"],"items_purchased_type":["Card","Card"],"build_version":"2020-12-13","purchased_purges":0,"victory":false,"max_hp_per_floor":[76,76,76,76,76,76,76,76,76,76,76,76,76,82,82,82,77,77,53,53,53,37,37,37,37,37,37,37],"card_choices":[{"not_picked":["chefmod:FireUp","chefmod:DimSum"],"picked":"chefmod:Ratatouille","floor":1},{"not_picked":["chefmod:Omelette","chefmod:LocoMoco"],"picked":"chefmod:IcePick","floor":3},{"not_picked":["chefmod:DinoKale","chefmod:FiveAlarmChili"],"picked":"chefmod:HotSoup","floor":7},{"not_picked":["chefmod:Omelette","chefmod:Defrost"],"picked":"chefmod:IcePick","floor":12},{"not_picked":["chefmod:Chop","chefmod:FreshProduce"],"picked":"chefmod:ZaruSoba","floor":13},{"not_picked":["chefmod:HotSoup","chefmod:CandyBowl"],"picked":"chefmod:Gelato","floor":14},{"not_picked":["chefmod:Tenderizer","chefmod:CapreseSalad"],"picked":"chefmod:DeepFreeze","floor":16},{"not_picked":["chefmod:FarmersMarket","chefmod:Gelato+1"],"picked":"chefmod:Puree","floor":18},{"not_picked":["chefmod:AlooGobi","chefmod:FryPan+1"],"picked":"chefmod:Fillet","floor":24},{"not_picked":["chefmod:Sorbet","chefmod:FryPan"],"picked":"chefmod:SpaghettiCarbonara","floor":25}],"player_experience":217265,"relics_obtained":[{"floor":7,"key":"beaked:ShinyBauble"},{"floor":12,"key":"Du-Vu Doll"},{"floor":14,"key":"vexMod:BerryBomb"},{"floor":24,"key":"conspire:GlowingRock"},{"floor":26,"key":"War Paint"}],"event_choices":[{"damage_healed":0,"gold_gain":0,"player_choice":"Invest 1","damage_taken":0,"max_hp_gain":0,"max_hp_loss":0,"event_name":"conspire:Investor","floor":15,"gold_loss":0},{"damage_healed":0,"gold_gain":0,"player_choice":"Became a vampire","damage_taken":0,"max_hp_gain":0,"max_hp_loss":24,"event_name":"Vampires","floor":19,"gold_loss":0,"cards_obtained":["Bite","Bite","Bite","Bite","Bite"]}],"is_beta":false,"boss_relics":[{"not_picked":["halation:Yufonium","vexMod:RockOfEvil"],"picked":"energizedSpire:HugeHouse"}],"items_purged_floors":[],"is_endless":false,"potions_floor_spawned":[12,14],"killed_by":"Shelled Parasite and Fungi","ascension_level":0}}