{"host":"hfxp6ue4pvwo3fit","time":1608448614,"event":{"mods":["AchievementEnabler","BaseMod","Colored Map","Colored Powertips","Highlight Path","Minty Spire (QoL Compilation)","StSLib","SuperFastMode"],"gold_per_floor":[116,116,130,148,148,178,178,188,260,260,274,244,244,144,144,216,216,229,89,89,117,42,42,73,73,73,102,102,120,120,138,138,212,212,224,224,224],"floor_reached":36,"playtime":1188,"items_purged":["Strike_R"],"score":896,"play_id":"96f07090-00b7-4a0e-ba49-d603b5a140c6","local_time":"20201220011654","is_ascension_mode":true,"campfire_choices":[{"floor":7,"key":"REST"},{"data":"Armaments","floor":13,"key":"SMITH"},{"data":"Shockwave","floor":15,"key":"SMITH"},{"data":"Bludgeon","floor":23,"key":"SMITH"},{"floor":25,"key":"REST"},{"floor":28,"key":"REST"},{"data":"Perfected Strike","floor":30,"key":"SMITH"},{"floor":32,"key":"REST"}],"circlet_count":0,"master_deck":["AscendersBane","Strike_R","Strike_R","Strike_R","Defend_R","Defend_R","Defend_R+1","Defend_R+1","Bash+1","Pommel Strike","Dark Embrace","Clothesline","Armaments+1","Shockwave+1","Cleave","Bludgeon+1","Perfected Strike+1","Feel No Pain","Shrug It Off","Twin Strike","Clothesline","Disarm","Demon Form","Juggernaut"],"relics":["Snecko Eye","Turnip","Matryoshka","SacredBark","MutagenicStrength","Red Mask","Bronze Scales","War Paint","Ornamental Fan","Bag of Marbles","Busted Crown"],"acts_visited":["Exordium","TheCity","TheBeyond"],"potions_floor_usage":[6,16,21,24,33,33,36],"damage_taken":[{"damage":17,"enemies":"2 Louse","floor":1,"turns":3},{"damage":17,"enemies":"Cultist","floor":3,"turns":4},{"damage":2,"enemies":"Jaw Worm","floor":4,"turns":3},{"damage":30,"enemies":"3 Sentries","floor":6,"turns":7},{"damage":31,"enemies":"Exordium Thugs","floor":8,"turns":5},{"damage":1,"enemies":"Exordium Wildlife","floor":11,"turns":3},{"damage":0,"enemies":"Slime Boss","floor":16,"turns":5},{"damage":21,"enemies":"Shell Parasite","floor":18,"turns":6},{"damage":0,"enemies":"Masked Bandits","floor":21,"turns":2},{"damage":17,"enemies":"Book of Stabbing","floor":24,"turns":4},{"damage":34,"enemies":"Gremlin Leader","floor":27,"turns":6},{"damage":0,"enemies":"Chosen","floor":29,"turns":3},{"damage":8,"enemies":"Centurion and Healer","floor":31,"turns":4},{"damage":31,"enemies":"Champ","floor":33,"turns":10},{"damage":1,"enemies":"Orb Walker","floor":35,"turns":2},{"damage":69,"enemies":"2 Orb Walkers","floor":36,"turns":5}],"seed_played":"-1080689929309940336","potions_obtained":[{"floor":1,"key":"Regen Potion"},{"floor":3,"key":"SteroidPotion"},{"floor":4,"key":"PowerPotion"},{"floor":12,"key":"SneckoOil"},{"floor":16,"key":"FearPotion"},{"floor":18,"key":"Explosive Potion"},{"floor":21,"key":"BlessingOfTheForge"},{"floor":24,"key":"Dexterity Potion"},{"floor":31,"key":"Swift Potion"},{"floor":35,"key":"SpeedPotion"}],"is_trial":false,"path_per_floor":["M","?","M","M","$","E","R","M","T","?","M","?","R","$","R","B",null,"M","$","?","?","?","R","E","R","T","E","R","M","R","M","R","B",null,"M","?"],"character_chosen":"IRONCLAD","items_purchased":["Cleave","Feel No Pain","Shrug It Off"],"campfire_rested":4,"item_purchase_floors":[14,19,19],"current_hp_per_floor":[51,51,34,32,32,17,39,8,8,33,32,32,32,32,32,32,64,43,43,43,43,43,43,26,48,48,14,36,36,36,28,50,19,61,60,0,0],"gold":224,"neow_bonus":"BOSS_RELIC","is_daily":false,"chose_seed":false,"campfire_upgraded":4,"win_rate":0.0,"timestamp":1608448614,"path_taken":["M","?","M","M","$","E","R","?","T","?","M","?","R","$","R","BOSS","M","$","?","?","?","R","E","R","T","E","R","M","R","M","R","BOSS","M","?"],"items_purchased_type":["Card","Card","Card"],"build_version":"2020-12-13","purchased_purges":1,"victory":false,"max_hp_per_floor":[75,75,75,75,75,75,75,75,75,75,75,75,75,75,75,75,75,75,75,75,75,75,75,75,75,75,75,75,75,75,75,75,75,75,75,75,75],"card_choices":[{"not_picked":["Power Through","Twin Strike"],"picked":"Pommel Strike","floor":1},{"not_picked":["Armaments","Wild Strike"],"picked":"Dark Embrace","floor":3},{"not_picked":["Evolve","Blood for Blood"],"picked":"Clothesline","floor":4},{"not_picked":["Limit Break","Body Slam","Entrench"],"picked":"SKIP","floor":6},{"not_picked":["Dark Embrace","Bloodletting"],"picked":"Armaments","floor":8},{"not_picked":["Hemokinesis","Second Wind"],"picked":"Shockwave","floor":11},{"not_picked":["Juggernaut","Offering"],"picked":"Bludgeon","floor":16},{"not_picked":["Entrench","Flex"],"picked":"Perfected Strike","floor":18},{"not_picked":["Warcry","Intimidate+1"],"picked":"Twin Strike","floor":21},{"not_picked":["Pommel Strike","Wild Strike"],"picked":"Clothesline","floor":24},{"not_picked":["Second Wind","Intimidate"],"picked":"Disarm","floor":27},{"not_picked":["Evolve","Cleave+1","Combust"],"picked":"SKIP","floor":29},{"not_picked":["Uppercut","Pommel Strike"],"picked":"Demon Form","floor":31},{"not_picked":["Berserk","Exhume"],"picked":"Juggernaut","floor":33},{"not_picked":["Flex"],"picked":"SKIP","floor":35}],"player_experience":396735,"relics_obtained":[{"floor":6,"key":"Turnip"},{"floor":9,"key":"Matryoshka"},{"floor":21,"key":"Red Mask"},{"floor":24,"key":"Bronze Scales"},{"floor":26,"key":"War Paint"},{"floor":26,"key":"Ornamental Fan"},{"floor":27,"key":"Bag of Marbles"}],"event_choices":[{"damage_healed":0,"gold_gain":0,"player_choice":"Upgraded","damage_taken":0,"max_hp_gain":0,"max_hp_loss":0,"event_name":"Upgrade Shrine","floor":2,"gold_loss":0,"cards_upgraded":["Bash"]},{"damage_healed":25,"gold_gain":0,"player_choice":"Banana","damage_taken":0,"max_hp_gain":0,"max_hp_loss":0,"event_name":"Big Fish","floor":10,"gold_loss":0},{"damage_healed":0,"gold_gain":0,"player_choice":"Bought 2 Potions","damage_taken":0,"max_hp_gain":0,"max_hp_loss":0,"event_name":"The Woman in Blue","floor":12,"gold_loss":0},{"damage_healed":0,"gold_gain":0,"player_choice":"Inject Mutagens","damage_taken":0,"relics_obtained":["MutagenicStrength"],"max_hp_gain":0,"max_hp_loss":0,"event_name":"Drug Dealer","floor":20,"gold_loss":0},{"damage_healed":0,"gold_gain":0,"player_choice":"Fought Bandits","damage_taken":0,"max_hp_gain":0,"max_hp_loss":0,"event_name":"Masked Bandits","floor":21,"gold_loss":0},{"cards_removed":["Strike_R"],"damage_healed":0,"gold_gain":0,"player_choice":"Gave Gold","damage_taken":0,"max_hp_gain":0,"max_hp_loss":0,"event_name":"Beggar","floor":22,"gold_loss":75},{"damage_healed":0,"gold_gain":0,"player_choice":"Fight","damage_taken":0,"max_hp_gain":0,"max_hp_loss":0,"event_name":"Mysterious Sphere","floor":36,"gold_loss":0}],"is_beta":false,"boss_relics":[{"not_picked":["Runic Pyramid","Tiny House"],"picked":"SacredBark"},{"not_picked":["Sozu","Runic Cube"],"picked":"Busted Crown"}],"items_purged_floors":[14],"is_endless":false,"potions_floor_spawned":[1,3,4,16,18,21,24,31,35],"killed_by":"2 Orb Walkers","ascension_level":20}}