{"host":"9ndbo4kgsfoemf7y","time":1608461534,"event":{"mods":["AchievementEnabler","BaseMod","Colored Map","DeckTracker","Keyboard Shortcuts","Minty Spire (QoL Compilation)","Permanent Neow","Quick Restart","Relic Stats","StSLib","SuperFastMode"],"gold_per_floor":[118,0,12,28,40,40,73,73,97,97,97,97],"floor_reached":11,"playtime":556,"items_purged":["Strike_R"],"score":146,"play_id":"3551deeb-9ab8-4967-ba1b-26850fc94b2e","local_time":"20201220195214","is_ascension_mode":true,"campfire_choices":[{"data":"Entrench","floor":6.0,"key":"SMITH"},{"floor":8,"key":"REST"}],"circlet_count":0,"master_deck":["AscendersBane","Strike_R","Strike_R","Strike_R","Strike_R","Defend_R","Defend_R","Defend_R","Defend_R","Bash","Impervious","Hemokinesis","Evolve","Second Wind","Entrench+1"],"relics":["Burning Blood","Regal Pillow","Dream Catcher"],"acts_visited":["Exordium"],"potions_floor_usage":[7],"damage_taken":[{"damage":9.0,"enemies":"Jaw Worm","floor":1.0,"turns":4.0},{"damage":16.0,"enemies":"Small Slimes","floor":3.0,"turns":4.0},{"damage":4.0,"enemies":"2 Louse","floor":4.0,"turns":2.0},{"damage":8.0,"enemies":"Large Slime","floor":5.0,"turns":5.0},{"damage":54,"enemies":"Lagavulin","floor":7,"turns":9},{"damage":61,"enemies":"3 Sentries","floor":11,"turns":12}],"seed_played":"-6243222982934033286","potions_obtained":[{"floor":5.0,"key":"Regen Potion"}],"is_trial":false,"path_per_floor":["M","$","M","M","M","R","E","R","T","?","E"],"character_chosen":"IRONCLAD","items_purchased":["Evolve"],"campfire_rested":1,"item_purchase_floors":[2],"current_hp_per_floor":[65,65,55,57,55,55,22,59,59,59,0,0],"gold":97,"neow_bonus":"ONE_RANDOM_RARE_CARD","is_daily":false,"chose_seed":false,"campfire_upgraded":1,"win_rate":0.0,"timestamp":1608461534,"path_taken":["M","$","M","M","M","R","E","R","T","?","E"],"items_purchased_type":["Card"],"build_version":"2020-12-13","purchased_purges":1,"victory":false,"max_hp_per_floor":[75,75,75,75,75,75,75,75,75,75,75,75],"relic_stats":{"Regal Pillow":15,"Dream Catcher":0,"counters":[6,36],"obtain_stats":[{"Regal Pillow":7,"Dream Catcher":9,"Burning Blood":0},{"Regal Pillow":5,"Dream Catcher":5,"Burning Blood":0},{"Regal Pillow":24,"Dream Catcher":24,"Burning Blood":0}],"Burning Blood":30},"card_choices":[{"not_picked":["Armaments","Combust"],"picked":"Hemokinesis","floor":1.0},{"not_picked":["Sword Boomerang","Clothesline","Headbutt"],"picked":"SKIP","floor":3.0},{"not_picked":["Fire Breathing","Anger"],"picked":"Second Wind","floor":4.0},{"not_picked":["Clash","Body Slam"],"picked":"Entrench","floor":5.0},{"not_picked":["Rampage","Hemokinesis","Headbutt"],"picked":"SKIP","floor":7}],"player_experience":723318,"relics_obtained":[{"floor":7,"key":"Regal Pillow"},{"floor":9,"key":"Dream Catcher"}],"event_choices":[{"damage_healed":0,"gold_gain":0,"player_choice":"Ignored","damage_taken":0,"max_hp_gain":0,"max_hp_loss":0,"event_name":"Liars Game","floor":10,"gold_loss":0}],"is_beta":false,"boss_relics":[],"items_purged_floors":[2],"is_endless":false,"potions_floor_spawned":[5],"killed_by":"3 Sentries","ascension_level":20}}