{"host":"eyd8pf3bw1xm0qjv","time":1608436319,"event":{"mods":["AchievementEnabler","Aspiration","Bard","BaseMod","Beaked The Cultist","BetterRewards","CCEM","Challenge The Spire","Clawfect","Colored Map","Conspire","Downfall","Duelist Mod","Ekko","GifTheSpireLib","Glutton Mod","Googly Eyes","Halation","Hermit","Highlight Path","Hubris","Jedi Mod","Jorbs\u0027s Wanderer Trilogy","Mad Scientist","Marisa????????","Mimic Mod","Minty Spire (QoL Compilation)","Permanent Neow","Potionbrewer","Relic Sorter","Replay The Spire","StSLib","Stuff the Spire","The Administrix","The Animator","The Blackbeard","The Bug Knight","The Construct","The Cursed","The Dragon Tamer","The Florist","The Gatherer","The Hierophant","The IronCluck","The Jungle","The Mystic","The Necromancer","The Problem Sleuth","The Runesmith","The Servant 0.9.4","The Spell Scribe","vexMod"],"gold_per_floor":[0,12,27,47,62,20,52,52,52,77,77,57,67,67,77,180,180,130,141,176,195,14,14,41,41,61,11,23,35,51,36,48,152,152,102,102,132,145,157,177,203,219,19,19,19],"floor_reached":44,"playtime":3508,"items_purged":["Slimebound:Strike_Slimebound"],"score":514,"play_id":"d225534c-19a2-456f-aebc-0ca7732b2860","local_time":"20201219225159","is_ascension_mode":false,"campfire_choices":[{"floor":1,"key":"DIG"},{"data":"Slimebound:FirmFortitude","floor":8,"key":"SMITH"},{"floor":18,"key":"RECALL"},{"data":"Slimebound:DuplicatedForm","floor":23,"key":"SMITH"},{"data":"Slimebound:Gluttony","floor":25,"key":"SMITH"},{"data":"Slimebound:AcidTongue","floor":27,"key":"SMITH"},{"data":"Slimebound:Split","floor":43,"key":"SMITH"}],"circlet_count":0,"master_deck":["Slimebound:Tackle+1","Slimebound:Defend_Slimebound","Slimebound:Defend_Slimebound+1","Slimebound:Defend_Slimebound+1","Slimebound:Split+1","Slimebound:CorrosiveSpit","Slimebound:DuplicatedForm+1","Slimebound:SlimeSpikes","Slimebound:Nibble+1","Slimebound:FirmFortitude+1","Slimebound:LeechingTouch+1","Slimebound:FormOfPuddle+1","Slimebound:SplitAcid","Slimebound:SelfFormingGoo","Slimebound:SplitLeeching+1","Slimebound:RollThrough","Slimebound:LeadByExample","Slimebound:AcidTongue+1","Slimebound:GoopSpray+1","Slimebound:Gluttony+1","Slimebound:OneTwoCombo+1","Slimebound:SamplingLick+1","Slimebound:SlimeBarrage+1","Slimebound:SlimeSpikes","Slimebound:ItLooksTasty","Slimebound:SpikyOuterGoop+1","Slimebound:LeechLife","Slimebound:SlimeSpikes+1","Slimebound:SlimeSpikes","Slimebound:LeechEnergy","Slimebound:SplitBruiser","Slimebound:Replication","Slimebound:FormOfPuddle","Slimebound:PressTheAttack","Slimebound:MassRepurpose","Slimebound:SplitMire+1","Slimebound:GrowthPunch","Slimebound:GoopSpray+1","Slimebound:Nibble","Slimebound:SlimeSpikes+1","Slimebound:AcidTongue+1","Slimebound:RejuvenatingLick+1","Slimebound:FirmFortitude+1","Decay","Slimebound:MegaLick+1","Slimebound:Repurpose+1","hubris:NaturalOne","Slimebound:Grow+1"],"relics":["Slimebound:AbsorbEndCombat","hubris:Icosahedron","StuffTheSpire:Nightcore","Boot","Slimebound:GreedOozeRelic","Prayer Wheel","Oddly Smooth Stone","NlothsMask","halation:HeavySnake","Bag of Preparation","Astrolabe","CCEMRelics:JestersCrown","downfall:HeartBlessingBlue","downfall:HeartBlessingRed"],"acts_visited":["Exordium","TheCity","TheBeyond"],"potions_floor_usage":[10,16,19,20,31,33,33,39,44],"damage_taken":[{"damage":25,"enemies":"2 Louse","floor":2,"turns":4},{"damage":19,"enemies":"Cultist","floor":3,"turns":4},{"damage":22,"enemies":"Small Slimes","floor":4,"turns":3},{"damage":16,"enemies":"Blue Slaver","floor":5,"turns":3},{"damage":7,"enemies":"downfall:FleeingMerchant","floor":6,"turns":4},{"damage":29,"enemies":"3 Louse","floor":7,"turns":6},{"damage":2,"enemies":"Lagavulin","floor":10,"turns":7},{"damage":0,"enemies":"3 Louse","floor":12,"turns":6},{"damage":7,"enemies":"3 Louse","floor":13,"turns":2},{"damage":22,"enemies":"Exordium Wildlife","floor":15,"turns":5},{"damage":28,"enemies":"downfall:Watcher","floor":16,"turns":8},{"damage":18,"enemies":"conspire:FuzzyDice","floor":19,"turns":3},{"damage":29,"enemies":"Gremlin Leader","floor":20,"turns":5},{"damage":19,"enemies":"Centurion and Healer","floor":21,"turns":5},{"damage":1,"enemies":"downfall:FleeingMerchant","floor":22,"turns":4},{"damage":24,"enemies":"Cultist and Chosen","floor":26,"turns":5},{"damage":29,"enemies":"3 Cultists","floor":28,"turns":5},{"damage":28,"enemies":"Snake Plant","floor":29,"turns":3},{"damage":31,"enemies":"Sentry and Sphere","floor":30,"turns":6},{"damage":4,"enemies":"downfall:FleeingMerchant","floor":31,"turns":4},{"damage":15,"enemies":"Centurion and Healer","floor":32,"turns":4},{"damage":37,"enemies":"downfall:Ironclad","floor":33,"turns":8},{"damage":56,"enemies":"Giant Head","floor":37,"turns":8},{"damage":7,"enemies":"3 Shapes","floor":38,"turns":2},{"damage":27,"enemies":"3 Darklings","floor":39,"turns":4},{"damage":33,"enemies":"Spire Growth","floor":40,"turns":4},{"damage":23,"enemies":"Transient","floor":42,"turns":5},{"damage":73,"enemies":"Reptomancer","floor":44,"turns":2}],"seed_played":"-8554651847107419311","potions_obtained":[{"floor":3,"key":"hexamod:EctoCoolerPotion"},{"floor":10,"key":"Elixir"},{"floor":15,"key":"AttackPotion"},{"floor":16,"key":"jedi:mysterypotion"},{"floor":19,"key":"potionbrewer:ToxicPotion"},{"floor":29,"key":"DuplicationPotion"},{"floor":32,"key":"LiquidBronze"},{"floor":37,"key":"Adrenaline Potion"},{"floor":38,"key":"BlessingOfTheForge"},{"floor":39,"key":"sneckomod:MuddlingPotion"}],"is_trial":false,"path_per_floor":["R_BF","M","M","M","M","$","MIM","R","?","E","?","MIM","M","?","M","B",null,"R_BF","M","E","M","$","R","T","R","M","R","M","M","M","$","M","B",null,"R_BF","?","E","M","M","M","T","M","R","E"],"character_chosen":"SLIMEBOUND","items_purchased":["Slimebound:SplitAcid","Slimebound:SlimeSpikes","Slimebound:LeechEnergy"],"campfire_rested":0,"item_purchase_floors":[6,22,22],"current_hp_per_floor":[60,60,60,60,52,57,55,55,55,60,60,60,57,57,46,60,60,60,58,45,54,60,60,60,60,60,60,56,48,47,47,60,60,60,60,60,46,60,57,45,45,56,66,0,0],"gold":19,"neow_bonus":"THREE_RARE_CARDS","is_daily":false,"chose_seed":false,"campfire_upgraded":5,"win_rate":0.0,"timestamp":1608436319,"path_taken":["R_BF","M","M","M","M","$","MIM","R","?","E","?","?","?","?","M","BOSS","R_BF","M","E","M","$","R","T","R","M","R","M","?","M","$","M","BOSS","R_BF","?","E","M","?","M","T","M","R","E"],"items_purchased_type":["Card","Card","Card"],"build_version":"2020-12-13","purchased_purges":1,"victory":false,"max_hp_per_floor":[60,60,60,60,60,60,60,60,60,60,60,60,60,60,60,60,60,60,60,60,60,60,60,60,60,60,60,60,60,60,60,60,60,60,60,60,60,60,60,60,60,60,70,70,70],"card_choices":[{"not_picked":["Slimebound:MinionMaster","Slimebound:WasteNot"],"picked":"Slimebound:DuplicatedForm","floor":0},{"not_picked":["Slimebound:SamplingLick","Slimebound:PressTheAttack"],"picked":"Slimebound:SlimeSpikes","floor":2},{"not_picked":["Slimebound:SplitBruiser","Slimebound:PressTheAttack"],"picked":"Slimebound:Nibble","floor":3},{"not_picked":["Slimebound:ProtectTheBoss","Slimebound:SplitMire"],"picked":"Slimebound:FirmFortitude","floor":4},{"not_picked":["Slimebound:SlimeSpikes","Slimebound:TongueLash"],"picked":"Slimebound:LeechingTouch","floor":5},{"not_picked":["Slimebound:ComboTackle","Slimebound:FinishingTackle"],"picked":"Slimebound:FormOfPuddle","floor":6},{"not_picked":["Slimebound:SlimeSpikes","Slimebound:ViciousTackle"],"picked":"Slimebound:SelfFormingGoo","floor":7},{"not_picked":["Slimebound:SplitAcid","Slimebound:Chomp"],"picked":"Slimebound:SplitLeeching","floor":10},{"not_picked":["Slimebound:PressTheAttack","Slimebound:SplitBruiser"],"picked":"Slimebound:RollThrough","floor":12},{"not_picked":["Slimebound:Prepare","Slimebound:LeechEnergy"],"picked":"Slimebound:LeadByExample","floor":13},{"not_picked":["Slimebound:PressTheAttack","Slimebound:RainOfGoop"],"picked":"Slimebound:AcidTongue","floor":13},{"not_picked":["Slimebound:Schlurp","Slimebound:LeechingTouch"],"picked":"Slimebound:GoopSpray","floor":15},{"not_picked":["Slimebound:SplitLeeching","Slimebound:Schlurp"],"picked":"Slimebound:Gluttony","floor":15},{"not_picked":["Slimebound:SlimeSlap","Slimebound:OozeBath"],"picked":"Slimebound:OneTwoCombo","floor":16},{"not_picked":["Slimebound:LeechEnergy","Slimebound:LeechingTouch"],"picked":"Slimebound:SamplingLick","floor":19},{"not_picked":["Slimebound:LeadByExample","Slimebound:Schlurp"],"picked":"Slimebound:SlimeBarrage+1","floor":19},{"not_picked":["Slimebound:SplitAcid","Slimebound:SamplingLick+1"],"picked":"Slimebound:SlimeSpikes","floor":20},{"not_picked":["Slimebound:Gluttony","Slimebound:LeechingTouch"],"picked":"Slimebound:ItLooksTasty","floor":21},{"not_picked":["Slimebound:DisruptingSlam","Slimebound:TongueLash"],"picked":"Slimebound:SpikyOuterGoop+1","floor":21},{"not_picked":["Slimebound:SplitLeeching","Slimebound:FinishingTackle"],"picked":"Slimebound:LeechLife","floor":22},{"not_picked":["Slimebound:SplitLeeching","Slimebound:HauntingLick"],"picked":"Slimebound:SplitBruiser","floor":26},{"not_picked":["Slimebound:GoopTackle","Slimebound:GoopSpray"],"picked":"Slimebound:Replication","floor":26},{"not_picked":["Slimebound:AcidTongue","Slimebound:Prepare+1"],"picked":"Slimebound:FormOfPuddle","floor":28},{"not_picked":["Slimebound:ViciousTackle","Slimebound:FinishingTackle"],"picked":"Slimebound:PressTheAttack","floor":28},{"not_picked":["Slimebound:ViciousTackle+1","Slimebound:LeechEnergy+1"],"picked":"Slimebound:MassRepurpose","floor":29},{"not_picked":["Slimebound:ComboTackle","Slimebound:FlameTackle"],"picked":"Slimebound:SplitMire+1","floor":29},{"not_picked":["Slimebound:HauntingLick+1","Slimebound:GoopSpray+1"],"picked":"Slimebound:GrowthPunch","floor":30},{"not_picked":["Slimebound:ForwardTackle","Slimebound:OozeBath"],"picked":"Slimebound:GoopSpray+1","floor":30},{"not_picked":["Slimebound:SplitMire","Slimebound:FinishingTackle"],"picked":"Slimebound:Nibble","floor":31},{"not_picked":["Slimebound:RollThrough","Slimebound:FinishingTackle"],"picked":"Slimebound:SlimeSpikes+1","floor":32},{"not_picked":["Slimebound:Dissolve","Slimebound:ViciousTackle","Slimebound:SplitLeeching"],"picked":"SKIP","floor":32},{"not_picked":["Slimebound:SplitLeeching","Slimebound:ViciousTackle+1","Slimebound:Replication"],"picked":"SKIP","floor":37},{"not_picked":["Slimebound:GoopSpray+1","Slimebound:ComboTackle","Slimebound:SplitAcid+1"],"picked":"SKIP","floor":38},{"not_picked":["Slimebound:LeechEnergy","Slimebound:LeechingTouch+1","Slimebound:ItLooksTasty+1"],"picked":"SKIP","floor":38},{"not_picked":["Slimebound:SplitBruiser+1","Slimebound:LeechingTouch"],"picked":"Slimebound:MegaLick+1","floor":39},{"not_picked":["Slimebound:SpikyOuterGoop+1","Slimebound:Schlurp"],"picked":"Slimebound:Repurpose+1","floor":39},{"not_picked":["Slimebound:DouseInSlime","Slimebound:FinishingTackle+1"],"picked":"Slimebound:Grow+1","floor":40},{"not_picked":["Slimebound:ComboTackle+1","Slimebound:SplitBruiser","Slimebound:GrowthPunch"],"picked":"SKIP","floor":40},{"not_picked":["Slimebound:GrowthPunch","Slimebound:SamplingLick+1","Slimebound:FirmFortitude+1"],"picked":"SKIP","floor":42},{"not_picked":["Slimebound:SamplingLick","Slimebound:SlimeBrawl","Slimebound:FlameTackle+1"],"picked":"SKIP","floor":42}],"player_experience":158393,"relics_obtained":[{"floor":1,"key":"StuffTheSpire:Nightcore"},{"floor":7,"key":"Boot"},{"floor":10,"key":"Prayer Wheel"},{"floor":12,"key":"Oddly Smooth Stone"},{"floor":20,"key":"Bag of Preparation"},{"floor":37,"key":"CCEMRelics:JestersCrown"}],"event_choices":[{"damage_healed":0,"gold_gain":0,"player_choice":"Trade","damage_taken":0,"relics_obtained":["NlothsMask"],"max_hp_gain":0,"max_hp_loss":0,"event_name":"FaceTrader","floor":14,"gold_loss":0},{"damage_healed":0,"gold_gain":0,"player_choice":"Cursed","damage_taken":0,"max_hp_gain":0,"max_hp_loss":0,"event_name":"Wheel of Change","floor":36,"gold_loss":0,"cards_obtained":["Decay"]}],"is_beta":false,"boss_relics":[{"not_picked":["halation:Prosthetics","hubris:TerracottaHorce"],"picked":"halation:HeavySnake"},{"not_picked":["jedi:hotpepper","Runesmith:UraniumAnvil"],"picked":"Astrolabe"}],"items_purged_floors":[22],"is_endless":false,"potions_floor_spawned":[3,10,15,16,19,29,32,37,38,39],"killed_by":"Reptomancer","ascension_level":0}}