{"host":"61r95uy0hn86b9iu","time":1608430754,"event":{"mods":["AchievementEnabler","BaseMod","Better Vampires","BetterRewards","Colored Powertips","Hubris","Minty Spire (QoL Compilation)","Shop Mod","StSLib"],"gold_per_floor":[111,261,261,261,306,306,334,334,334,347,362,362,387,14,14,85,135,153,153,165,165,23,23,56,56,110,121,121,146,146,161,161,235,235,255,255,271,178,128,163,173,173,173,188,26,40,65,97,97,97],"floor_reached":51,"playtime":3809,"items_purged":["Strike_G"],"score":1909,"play_id":"a7bd38b8-f216-445e-a995-9b4d501bc1af","local_time":"20201219201914","is_ascension_mode":true,"campfire_choices":[{"data":"After Image","floor":6.0,"key":"SMITH"},{"floor":8.0,"key":"REST"},{"data":"Skewer","floor":12.0,"key":"SMITH"},{"data":"Venomology","floor":15.0,"key":"SMITH"},{"data":"Doppelganger","floor":23.0,"key":"SMITH"},{"data":"Bouncing Flask","floor":25.0,"key":"SMITH"},{"data":"Footwork","floor":28.0,"key":"SMITH"},{"floor":32.0,"key":"REST"},{"data":"Flechettes","floor":42.0,"key":"SMITH"},{"floor":49,"key":"REST"}],"circlet_count":0,"master_deck":["AscendersBane","Adrenaline+1","Strike_G+1","Defend_G","Defend_G","Defend_G+1","Defend_G","Defend_G","Survivor","Neutralize+1","Doppelganger+1","Skewer+1","Noxious Fumes","After Image+1","Neutralize+1","Bouncing Flask+1","Backflip","Venomology+1","Footwork+1","Corpse Explosion","Slice+1","PiercingWail+1","Noxious Fumes+1","Night Terror+1","Flechettes+1","Caltrops+1","Bullet Time"],"relics":["Ring of the Snake","Snake Skull","Tiny Chest","MerchantsRug","hubris:ToyBattleship","Gambling Chip","hubris:CuriousFeather","Toy Ornithopter","hubris:SlimyHat","Regal Pillow","hubris:TenFootPole","Nunchaku","Ancient Tea Set","hubris:GlazedTorus","Frozen Eye","Bottled Flame","Whetstone","Dead Branch"],"acts_visited":["Exordium","TheCity","TheBeyond"],"potions_floor_usage":[46,48,48,48,48,50,50,50],"damage_taken":[{"damage":0.0,"enemies":"Cultist","floor":1.0,"turns":2.0},{"damage":17.0,"enemies":"3 Sentries","floor":7.0,"turns":6.0},{"damage":1.0,"enemies":"2 Louse","floor":10.0,"turns":2.0},{"damage":0.0,"enemies":"Jaw Worm","floor":11.0,"turns":2.0},{"damage":6.0,"enemies":"Lagavulin","floor":13.0,"turns":5.0},{"damage":0.0,"enemies":"The Guardian","floor":16.0,"turns":6.0},{"damage":2.0,"enemies":"Chosen","floor":18.0,"turns":4.0},{"damage":2.0,"enemies":"Spheric Guardian","floor":20.0,"turns":3.0},{"damage":3.0,"enemies":"Gremlin Leader","floor":24.0,"turns":7.0},{"damage":16.0,"enemies":"Snake Plant","floor":27.0,"turns":5.0},{"damage":6.0,"enemies":"Centurion and Healer","floor":31.0,"turns":3.0},{"damage":17.0,"enemies":"hubris:MusketHawk","floor":33.0,"turns":6.0},{"damage":1.0,"enemies":"3 Shapes","floor":35.0,"turns":4.0},{"damage":21.0,"enemies":"3 Darklings","floor":37.0,"turns":4.0},{"damage":27.0,"enemies":"Reptomancer","floor":40.0,"turns":5.0},{"damage":0.0,"enemies":"Maw","floor":41.0,"turns":6.0},{"damage":1.0,"enemies":"4 Shapes","floor":44.0,"turns":4.0},{"damage":7,"enemies":"3 Darklings","floor":46,"turns":3},{"damage":41,"enemies":"Giant Head","floor":48,"turns":8},{"damage":25,"enemies":"Time Eater","floor":50,"turns":8}],"seed_played":"-5308785414597510105","potions_obtained":[{"floor":1.0,"key":"Weak Potion"},{"floor":11.0,"key":"Weak Potion"},{"floor":17.0,"key":"Poison Potion"},{"floor":24.0,"key":"Weak Potion"},{"floor":27.0,"key":"BlessingOfTheForge"},{"floor":37.0,"key":"GhostInAJar"},{"floor":48,"key":"CunningPotion"}],"is_trial":false,"path_per_floor":["M","?","?","?","T","R","E","R","T","M","M","R","E","$","R","B",null,"M","?","M","?","$","R","E","R","T","M","R","T","?","M","R","B",null,"M","?","M","$","?","E","M","R","T","M","$","M","T","E","R","B",null],"character_chosen":"THE_SILENT","items_purchased":["Snake Skull","Tiny Chest","MerchantsRug","Skewer","Fruit Juice","Footwork","Toy Ornithopter","Regal Pillow","Frozen Eye","PowerPotion","Poison Potion","ColorlessPotion"],"campfire_rested":3,"item_purchase_floors":[0,0,0,0,14,14,14,22,38,45,45,45],"current_hp_per_floor":[45,45,45,45,45,45,28,47,47,46,46,46,40,45,45,50,71,74,74,72,72,72,72,76,76,76,60,60,60,60,59,76,59,72,75,75,54,54,54,42,47,47,47,46,46,44,44,23,60,50],"gold":97,"neow_bonus":"","is_daily":false,"chose_seed":false,"campfire_upgraded":7,"win_rate":0.0,"timestamp":1608430754,"path_taken":["M","?","?","?","?","R","E","R","T","?","M","R","E","$","R","BOSS","M","?","M","?","$","R","E","R","T","M","R","?","?","M","R","BOSS","M","?","M","$","?","E","M","R","T","M","$","M","?","E","R","BOSS"],"items_purchased_type":["Relic","Relic","Relic","Card","Potion","Card","Relic","Relic","Relic","Potion","Potion","Potion"],"build_version":"2020-12-13","purchased_purges":1,"victory":true,"max_hp_per_floor":[66,66,66,66,66,66,66,66,66,66,66,66,66,71,71,71,76,76,76,76,76,76,76,76,76,76,76,76,76,76,76,76,76,76,76,76,76,76,76,76,76,76,76,76,76,76,76,76,76,76],"card_choices":[{"not_picked":["Poisoned Stab","Accuracy"],"picked":"Noxious Fumes","floor":1.0},{"not_picked":["Bane","Slice"],"picked":"Bouncing Flask","floor":7.0},{"not_picked":["Sucker Punch","Accuracy","Dodge and Roll"],"picked":"SKIP","floor":10.0},{"not_picked":["Tactician","Deflect"],"picked":"Backflip","floor":11.0},{"not_picked":["Cloak And Dagger","PiercingWail"],"picked":"Venomology","floor":13.0},{"not_picked":["A Thousand Cuts","Wraith Form v2"],"picked":"Corpse Explosion","floor":16.0},{"not_picked":["Expertise+1","Choke"],"picked":"Slice+1","floor":18.0},{"not_picked":["Masterful Stab","Dodge and Roll+1"],"picked":"PiercingWail+1","floor":20.0},{"not_picked":["Blade Dance","Poisoned Stab","Infinite Blades+1"],"picked":"SKIP","floor":24.0},{"not_picked":["Dagger Spray","Accuracy","Sucker Punch"],"picked":"SKIP","floor":27.0},{"not_picked":["Choke","Slice"],"picked":"Noxious Fumes","floor":31.0},{"not_picked":["Bullet Time","Tools of the Trade"],"picked":"Night Terror","floor":33.0},{"not_picked":["Escape Plan","Dagger Spray"],"picked":"Flechettes","floor":35.0},{"not_picked":["Footwork","Backflip"],"picked":"Caltrops+1","floor":37.0},{"not_picked":["Outmaneuver","Quick Slash+1","Acrobatics"],"picked":"SKIP","floor":40.0},{"not_picked":["Slice","Dodge and Roll+1","Acrobatics"],"picked":"SKIP","floor":41.0},{"not_picked":["Underhanded Strike+1","Eviscerate"],"picked":"Bullet Time","floor":44.0},{"not_picked":["Endless Agony","Expertise+1","Quick Slash"],"picked":"SKIP","floor":46},{"not_picked":["Flying Knee","Distraction","Slice"],"picked":"SKIP","floor":48}],"player_experience":3177136,"relics_obtained":[{"floor":5.0,"key":"hubris:ToyBattleship"},{"floor":7.0,"key":"Gambling Chip"},{"floor":9.0,"key":"hubris:CuriousFeather"},{"floor":13.0,"key":"Omamori"},{"floor":24.0,"key":"hubris:TenFootPole"},{"floor":26.0,"key":"Nunchaku"},{"floor":29.0,"key":"Ancient Tea Set"},{"floor":40.0,"key":"Potion Belt"},{"floor":43.0,"key":"Bottled Flame"},{"floor":47,"key":"Whetstone"},{"floor":48,"key":"Dead Branch"}],"event_choices":[{"damage_healed":0.0,"max_hp_gain":0.0,"max_hp_loss":0.0,"gold_gain":150.0,"event_name":"Liars Game","player_choice":"AGREE","floor":2.0,"gold_loss":0.0,"damage_taken":0.0,"cards_obtained":["Doubt"]},{"cards_removed":["Doubt"],"damage_healed":0.0,"max_hp_gain":0.0,"max_hp_loss":0.0,"gold_gain":0.0,"event_name":"Living Wall","player_choice":"Forget","floor":3.0,"gold_loss":0.0,"damage_taken":0.0},{"damage_healed":0.0,"max_hp_gain":0.0,"max_hp_loss":0.0,"gold_gain":0.0,"event_name":"Match and Keep!","player_choice":"2 cards matched","floor":4.0,"gold_loss":0.0,"damage_taken":0.0,"cards_obtained":["After Image","Neutralize"]},{"damage_healed":0.0,"max_hp_gain":0.0,"max_hp_loss":0.0,"gold_gain":0.0,"event_name":"The Mausoleum","player_choice":"Opened","floor":21.0,"gold_loss":0.0,"damage_taken":0.0,"relics_obtained":["hubris:SlimyHat"],"cards_obtained":["Writhe"]},{"damage_healed":0.0,"max_hp_gain":0.0,"max_hp_loss":0.0,"gold_gain":0.0,"event_name":"Addict","player_choice":"Stole Relic","floor":30.0,"gold_loss":0.0,"damage_taken":0.0,"relics_obtained":["hubris:GlazedTorus"],"cards_obtained":["Shame"]},{"damage_healed":0.0,"max_hp_gain":0.0,"max_hp_loss":0.0,"gold_gain":0.0,"event_name":"Designer","player_choice":"Upgraded Two","floor":39.0,"gold_loss":50.0,"damage_taken":0.0,"cards_upgraded":["Noxious Fumes","Defend_G"]}],"is_beta":false,"boss_relics":[{"not_picked":["Fusion Hammer","Coffee Dripper"],"picked":"Tiny House"},{"not_picked":["Black Star","hubris:BlackHole"],"picked":"Empty Cage"}],"items_purged_floors":[14],"is_endless":false,"potions_floor_spawned":[1,11,24,27,37,48],"ascension_level":19}}