{"host":"y1qks9cbebtax51i","time":1608447246,"event":{"mods":["BaseMod","Better Match","Better Silent Start","BetterRewards","Colorless Booster Pack","Conspire","Downfall","Energized Spire","Exacting","GifTheSpireLib","Gremlin Mod","GungeonMod","Halation","Hubris","Hyrulean Relics","Infinite Spire","Magitek Elite","Minty Spire (QoL Compilation)","RRrroohrrRGHHhhh!!","Rare Cards Sparkle","Replay The Spire","SacredBarkPlus","Small Relic Pack","Spikes Relics","Spire Birthday Party","StSLib","Stuff the Spire","The Construct","The Disciple","Trackpad","Useless Jewels Mod","everything is the same but u backflip on backflip","vexMod"],"gold_per_floor":[110,110,110,110,125,158,158,1,76,111,125,135,135,152,152,269,269,286,286,286,143,23,23,54,54,54,54,66,92,109,124,124,225,225,259,32,32,47,47],"floor_reached":38,"playtime":2301,"items_purged":[],"score":525,"play_id":"adcbe22d-b0ed-4277-b328-5ea4aad262ab","local_time":"20201220015406","is_ascension_mode":true,"campfire_choices":[{"floor":7.0,"key":"REST"},{"floor":13.0,"key":"REST"},{"floor":15.0,"key":"REST"},{"floor":23.0,"key":"REST"},{"data":"Chill","floor":25,"key":"SMITH"},{"floor":32,"key":"REST"}],"circlet_count":0,"master_deck":["Strike_B","Strike_B","Strike_B","Defend_B","Defend_B","Defend_B","Defend_B","Zap+1","Dualcast","BasicCrystalCard","Chill","Go for the Eyes","Self Repair","Chill+1","Loop","ReplayTheSpireMod:Calculation Training","Leap+1","Buffer","Rebound+1","StuffTheSpire:Innocence","expansioncontent:StudyTheSpire","Replay:Bootleg Shield Generator","Replay:SS_hec_2","Doom and Gloom+1","Conserve Battery+1","Reinforced Body+1","Capacitor","Cold Snap+1","Amplify","Conserve Battery","ReplayTheSpireMod:Omega Cannon","rorgmod:Fragmentation","rorgmod:Leap"],"relics":["Cracked Core","StuffTheSpire:Barrel","trackpad:PetRock","StuffTheSpire:RubySignet","InkBottle","ReplayTheSpireMod:ShopPack","hubris:DeckOfHolding","trackpad:ByrdBGone","War Paint","Golden_Hairpin","halation:PapillonHeart"],"acts_visited":["Exordium","TheCity","TheBeyond"],"potions_floor_usage":[31,31,33,33],"damage_taken":[{"damage":9.0,"enemies":"Small Slimes","floor":1.0,"turns":3.0},{"damage":0.0,"enemies":"conspire:RoseBush","floor":5.0,"turns":3.0},{"damage":64.0,"enemies":"Gremlin Nob","floor":6.0,"turns":5.0},{"damage":21.0,"enemies":"3 Sentries","floor":10.0,"turns":8.0},{"damage":6.0,"enemies":"2 Louse","floor":11.0,"turns":2.0},{"damage":21.0,"enemies":"Looter","floor":12.0,"turns":3.0},{"damage":11.0,"enemies":"Blue Slaver","floor":14.0,"turns":4.0},{"damage":14.0,"enemies":"Slime Boss","floor":16.0,"turns":7.0},{"damage":11.0,"enemies":"Spheric Guardian","floor":18.0,"turns":4.0},{"damage":11.0,"enemies":"conspire:SneckoGhost","floor":24.0,"turns":8.0},{"damage":0,"enemies":"conspire:FuzzyDice","floor":28,"turns":8},{"damage":54,"enemies":"conspire:Head Lice","floor":29,"turns":13},{"damage":25,"enemies":"Snake Plant","floor":30,"turns":4},{"damage":14,"enemies":"Centurion and Healer","floor":31,"turns":7},{"damage":26,"enemies":"Collector","floor":33,"turns":12},{"damage":13,"enemies":"3 Darklings","floor":35,"turns":6}],"seed_played":"-276805385039929287","potions_obtained":[{"floor":6.0,"key":"Languid Potion"},{"floor":10.0,"key":"Energy Potion"},{"floor":12.0,"key":"ColorlessPotion"},{"floor":16.0,"key":"Dexterity Potion"},{"floor":29,"key":"CultistPotion"},{"floor":31,"key":"Adrenaline Potion"},{"floor":33,"key":"DemoMod:LeadSkinPotion"}],"is_trial":false,"path_per_floor":["M","?","?","?","M","E","R","$","T","E","M","M","R","M","R","B",null,"M","AVR","?","?","$","R","E","R","T","?","M","E","M","M","R","B",null,"M","$","?","M"],"character_chosen":"DEFECT","items_purchased":["trackpad:PetRock","ReplayTheSpireMod:ShopPack","ReplayTheSpireMod:Omega Cannon","rorgmod:Fragmentation","rorgmod:Leap"],"campfire_rested":5,"item_purchase_floors":[8,22,36,36,36],"current_hp_per_floor":[66,66,71,71,80,16,40,40,40,26,27,13,37,33,57,50,73,69,69,69,69,69,80,80,80,80,80,80,33,15,1,25,8,62,56,56,56,0,0],"gold":47,"neow_bonus":"TRANSFORM_CARD","is_daily":false,"chose_seed":false,"campfire_upgraded":1,"win_rate":0.0,"timestamp":1608447246,"path_taken":["M","?","?","?","M","E","R","$","T","E","M","M","R","M","R","BOSS","M","AVR","?","?","$","R","E","R","T","?","M","E","M","?","R","BOSS","M","$","?","M"],"items_purchased_type":["Relic","Relic","Card","Card","Card"],"build_version":"2020-12-13","purchased_purges":0,"victory":false,"max_hp_per_floor":[75,75,80,80,80,80,80,80,80,80,80,80,80,80,80,80,80,80,80,80,80,80,80,80,80,80,80,80,80,80,80,80,80,80,80,80,76,76,76],"card_choices":[{"not_picked":["Hologram","Stack"],"picked":"Chill","floor":1.0},{"not_picked":["StuffTheSpire:LoadUp","StuffTheSpire:SnapShoot"],"picked":"Go for the Eyes","floor":5.0},{"not_picked":["Compile Driver","Streamline"],"picked":"Self Repair","floor":6.0},{"not_picked":["Coolheaded","BasicCrystalCard"],"picked":"Chill","floor":10.0},{"not_picked":["BasicCrystalCard","Turbo"],"picked":"Loop","floor":11.0},{"not_picked":["StuffTheSpire:Purify","Barrage"],"picked":"ReplayTheSpireMod:Calculation Training","floor":12.0},{"not_picked":["Panic Button","Hello World"],"picked":"Leap","floor":14.0},{"not_picked":["ReplayRNGCard","ReplayTheSpireMod:Fabricate Wheel"],"picked":"Buffer","floor":16.0},{"not_picked":["Go for the Eyes","BasicCrystalCard"],"picked":"Rebound+1","floor":18.0},{"not_picked":["Feint","Metamorphosis"],"picked":"expansioncontent:StudyTheSpire","floor":22.0},{"not_picked":["expansioncontent:PolyBeam","Panache"],"picked":"Replay:Bootleg Shield Generator","floor":22.0},{"not_picked":["ReplayTheSpireMod:Trickstab","Replay:SS_hec_1"],"picked":"Replay:SS_hec_2","floor":22.0},{"not_picked":["Redo","DiskWipe"],"picked":"Doom and Gloom+1","floor":24},{"not_picked":["Streamline","ReplaySolidLightProjector"],"picked":"Conserve Battery","floor":28},{"not_picked":["Compile Driver","ReplayTheSpireMod:Reroute Power"],"picked":"Reinforced Body+1","floor":29},{"not_picked":["Darkness","Hologram"],"picked":"Capacitor","floor":30},{"not_picked":["StuffTheSpire:NuclearReactor","Panic Button+1"],"picked":"Cold Snap+1","floor":31},{"not_picked":["StuffTheSpire:EventHorizon","hubris:Prefetch"],"picked":"Amplify","floor":33},{"not_picked":["BasicCrystalCard+1","rorgmod:SQL Injection"],"picked":"Conserve Battery","floor":35}],"player_experience":983223,"relics_obtained":[{"floor":6.0,"key":"StuffTheSpire:Barrel"},{"floor":9.0,"key":"StuffTheSpire:RubySignet"},{"floor":10.0,"key":"InkBottle"},{"floor":24,"key":"hubris:DeckOfHolding"},{"floor":26,"key":"trackpad:ByrdBGone"},{"floor":29,"key":"War Paint"}],"event_choices":[{"damage_healed":0.0,"max_hp_gain":5.0,"max_hp_loss":0.0,"gold_gain":0.0,"event_name":"Big Fish","player_choice":"Donut","floor":3.0,"gold_loss":0.0,"damage_taken":0.0},{"damage_healed":0,"gold_gain":0,"player_choice":"Ignored","damage_taken":0,"max_hp_gain":0,"max_hp_loss":0,"event_name":"Purifier","floor":27,"gold_loss":0}],"is_beta":false,"boss_relics":[{"not_picked":["energizedSpire:OldTV","Pandora\u0027s Box","conspire:SeveredTorchhead"]},{"not_picked":["halation:HeavySnake","hubris:RunicObelisk"],"picked":"Golden_Hairpin"}],"items_purged_floors":[],"is_endless":false,"potions_floor_spawned":[6,12,16,29,31,33],"killed_by":"3 Shapes","ascension_level":5}}