{"host":"t6j3b2be3h8sm33f","time":1608459588,"event":{"mods":["BaseMod","Better Match","Better Skull","Colored Map","Colored Powertips","Downfall","Highlight Path","Infinite Spire","Jedi Mod","Minty Spire (QoL Compilation)","Quick Restart","Rare Cards Sparkle","Replay The Spire","StSLib","The Cursed"],"gold_per_floor":[99,113,128,128,128,142,142,142,142,161,161,161],"floor_reached":11,"playtime":539,"items_purged":[],"score":63,"play_id":"c01541f9-0808-4e8e-b704-6d4e12d82146","local_time":"20201220051948","is_ascension_mode":false,"campfire_choices":[{"data":"hexamod:SkipABeat","floor":5,"key":"SMITH"}],"circlet_count":0,"master_deck":["hexamod:Strike","hexamod:Strike","hexamod:Strike","hexamod:Strike","hexamod:Defend","hexamod:Defend","hexamod:Defend","hexamod:Defend","hexamod:Sear","hexamod:Float","hexamod:SkipABeat+1","hexamod:CatchUp","hexamod:FourthSeal","hexamod:BacktrackSmack","hexamod:GhostflameInferno"],"relics":["Replay:Bronze Core","Question Card"],"acts_visited":["Exordium"],"potions_floor_usage":[11],"damage_taken":[{"damage":1,"enemies":"Cultist","floor":2,"turns":3},{"damage":0,"enemies":"2 Louse","floor":3,"turns":4},{"damage":5,"enemies":"Small Slimes","floor":6,"turns":4},{"damage":35,"enemies":"Gremlin Gang","floor":10,"turns":5},{"damage":30,"enemies":"3 Sentries","floor":11,"turns":6}],"seed_played":"4469147033231326249","potions_obtained":[{"floor":1,"key":"Venom Potion"},{"floor":1,"key":"Milkshake"},{"floor":2,"key":"LifebloodPotion"},{"floor":3,"key":"Dexterity Potion"},{"floor":6,"key":"Death Potion"}],"is_trial":false,"path_per_floor":["R_BF","M","M","?","R","M","T","PTL","PTL","M","E"],"character_chosen":"THE_SPIRIT","items_purchased":[],"campfire_rested":0,"item_purchase_floors":[],"current_hp_per_floor":[70,69,69,69,69,64,64,64,64,29,0,0],"gold":161,"neow_bonus":"BOSS_RELIC","is_daily":false,"chose_seed":false,"campfire_upgraded":1,"win_rate":0.0,"timestamp":1608459588,"path_taken":["R_BF","M","?","?","R","M","T","PTL","PTL","M","E"],"items_purchased_type":[],"build_version":"2020-12-13","purchased_purges":0,"victory":false,"max_hp_per_floor":[70,70,70,70,70,70,70,70,70,70,70,70],"card_choices":[{"not_picked":["hexamod:GhostShield","hexamod:GhostLash"],"picked":"hexamod:SkipABeat","floor":2},{"not_picked":["hexamod:GhostflameBarrier","hexamod:Again"],"picked":"hexamod:CatchUp","floor":3},{"not_picked":["hexamod:GhostLash","hexamod:NightmareGuise"],"picked":"hexamod:BacktrackSmack","floor":6},{"not_picked":["hexamod:SecondSeal","hexamod:FastForward","hexamod:BurningTouch"],"picked":"hexamod:GhostflameInferno","floor":10}],"player_experience":53150,"relics_obtained":[{"floor":7,"key":"Question Card"}],"event_choices":[],"is_beta":false,"boss_relics":[],"items_purged_floors":[],"is_endless":false,"potions_floor_spawned":[2,3,6],"killed_by":"3 Sentries","ascension_level":0}}