{"host":"dw8ij7emqco3quom","time":1608490104,"event":{"mods":["BaseMod","Minty Spire (QoL Compilation)"],"gold_per_floor":[111,111,23,48,13,56,56,97,97,97,46,77,91,107,107,232,232,253,67,67,92,117,117,117,144,144,144,168,199,199,218,218,218,218],"floor_reached":33,"playtime":2163,"items_purged":["Strike_G"],"score":358,"play_id":"c06343d5-93a5-4f24-9d1c-c267fecd7f55","local_time":"20201220194824","is_ascension_mode":true,"campfire_choices":[{"data":"Blur","floor":7,"key":"SMITH"},{"data":"Footwork","floor":10,"key":"SMITH"},{"floor":15,"key":"REST"},{"floor":23,"key":"REST"},{"data":"Flechettes","floor":27,"key":"SMITH"},{"floor":30,"key":"REST"},{"floor":32,"key":"REST"}],"circlet_count":0,"master_deck":["Strike_G+1","Strike_G+1","Strike_G+1","Strike_G+1","Defend_G+1","Defend_G+1","Defend_G+1","Defend_G+1","Defend_G+1","Survivor","Neutralize","Acrobatics","Injury","Underhanded Strike","Flechettes+1","Finisher","Blur+1","Footwork+1","Cloak And Dagger+1","Bullet Time+1","Deadly Poison+1","Acrobatics+1","Burst+1","Deadly Poison+1","Caltrops","Distraction+1","Noxious Fumes","Prepared+1","Setup+1","Backflip+1"],"relics":["Ring of the Snake","NeowsBlessing","Golden Idol","Unceasing Top","Toxic Egg 2","Odd Mushroom","WristBlade","Strawberry","Darkstone Periapt","Omamori"],"acts_visited":["Exordium","TheCity"],"potions_floor_usage":[8,8,8,8,12,16,22,31,33],"damage_taken":[{"damage":0,"enemies":"2 Louse","floor":1,"turns":1},{"damage":0,"enemies":"Jaw Worm","floor":4,"turns":1},{"damage":0,"enemies":"Lagavulin","floor":6,"turns":1},{"damage":8,"enemies":"Gremlin Nob","floor":8,"turns":3},{"damage":15,"enemies":"The Mushroom Lair","floor":12,"turns":5},{"damage":0,"enemies":"Small Slimes","floor":13,"turns":1},{"damage":2,"enemies":"Exordium Thugs","floor":14,"turns":4},{"damage":61,"enemies":"The Guardian","floor":16,"turns":17},{"damage":15,"enemies":"3 Byrds","floor":18,"turns":5},{"damage":1,"enemies":"Shell Parasite","floor":21,"turns":4},{"damage":7,"enemies":"Centurion and Healer","floor":22,"turns":4},{"damage":9,"enemies":"Shelled Parasite and Fungi","floor":28,"turns":4},{"damage":30,"enemies":"Gremlin Leader","floor":29,"turns":5},{"damage":4,"enemies":"Chosen and Byrds","floor":31,"turns":6},{"damage":81,"enemies":"Automaton","floor":33,"turns":12}],"seed_played":"-251271604156348947","potions_obtained":[{"floor":1,"key":"EntropicBrew"},{"floor":4,"key":"SteroidPotion"},{"floor":14,"key":"Swift Potion"},{"floor":18,"key":"SneckoOil"},{"floor":29,"key":"Explosive Potion"},{"floor":31,"key":"DistilledChaos"}],"is_trial":false,"path_per_floor":["M","?","$","M","?","E","R","E","T","R","$","?","M","M","R","B",null,"M","$","?","M","M","R","$","T","T","R","M","E","R","M","R","B"],"character_chosen":"THE_SILENT","items_purchased":["Underhanded Strike","Flechettes","Cloak And Dagger+1","Caltrops","Distraction+1"],"campfire_rested":4,"item_purchase_floors":[3,3,11,19,19],"current_hp_per_floor":[70,70,70,70,70,70,70,62,62,62,62,47,47,45,66,5,70,55,55,55,54,47,68,68,75,75,75,66,36,59,55,77,0,0],"gold":218,"neow_bonus":"THREE_ENEMY_KILL","is_daily":false,"chose_seed":false,"campfire_upgraded":3,"win_rate":0.0,"timestamp":1608490104,"path_taken":["M","?","$","M","?","E","R","E","T","R","$","?","M","?","R","BOSS","M","$","?","M","M","R","?","?","T","R","M","E","R","M","R","BOSS"],"items_purchased_type":["Card","Card","Card","Card","Card"],"build_version":"2020-12-13","purchased_purges":1,"victory":false,"max_hp_per_floor":[70,70,70,70,70,70,70,70,70,70,70,70,70,70,70,70,70,70,70,70,70,70,70,70,77,77,77,77,77,77,77,77,77,77],"card_choices":[{"not_picked":["Bane","Predator"],"picked":"Acrobatics","floor":1},{"not_picked":["Quick Slash","Choke"],"picked":"Finisher","floor":4},{"not_picked":["Riddle With Holes","Flying Knee"],"picked":"Blur","floor":6},{"not_picked":["Dagger Throw","Dash"],"picked":"Footwork","floor":8},{"not_picked":["Acrobatics+1","PiercingWail+1"],"picked":"Bullet Time+1","floor":12},{"not_picked":["PiercingWail+1","Quick Slash"],"picked":"Deadly Poison+1","floor":13},{"not_picked":["Caltrops","Bane"],"picked":"Acrobatics+1","floor":14},{"not_picked":["Grand Finale","Die Die Die"],"picked":"Burst+1","floor":16},{"not_picked":["Acrobatics+1","Poisoned Stab"],"picked":"Deadly Poison+1","floor":18},{"not_picked":["Deadly Poison+1","Expertise+1"],"picked":"Noxious Fumes","floor":21},{"not_picked":["Flying Knee","Dagger Spray"],"picked":"Prepared+1","floor":22},{"not_picked":["Poisoned Stab","Underhanded Strike"],"picked":"Setup+1","floor":28},{"not_picked":["Finisher","Setup+1","Heel Hook"],"picked":"SKIP","floor":29},{"not_picked":["Slice","Dagger Spray"],"picked":"Backflip+1","floor":31}],"player_experience":581437,"relics_obtained":[{"floor":6,"key":"Unceasing Top"},{"floor":8,"key":"Toxic Egg 2"},{"floor":12,"key":"Odd Mushroom"},{"floor":25,"key":"Strawberry"},{"floor":26,"key":"Darkstone Periapt"},{"floor":29,"key":"Omamori"}],"event_choices":[{"damage_healed":0,"gold_gain":0,"player_choice":"Take Wound","damage_taken":0,"relics_obtained":["Golden Idol"],"max_hp_gain":0,"max_hp_loss":0,"event_name":"Golden Idol","floor":2,"gold_loss":0,"cards_obtained":["Injury"]},{"damage_healed":17,"gold_gain":0,"player_choice":"Healed","damage_taken":0,"max_hp_gain":0,"max_hp_loss":0,"event_name":"The Cleric","floor":5,"gold_loss":35},{"damage_healed":0,"gold_gain":0,"player_choice":"Fought Mushrooms","damage_taken":0,"max_hp_gain":0,"max_hp_loss":0,"event_name":"Mushrooms","floor":12,"gold_loss":0},{"damage_healed":0,"gold_gain":0,"player_choice":"Simplicity","damage_taken":0,"max_hp_gain":0,"max_hp_loss":0,"event_name":"Back to Basics","floor":20,"gold_loss":0,"cards_upgraded":["Strike_G","Strike_G","Strike_G","Strike_G","Defend_G","Defend_G","Defend_G","Defend_G","Defend_G"]}],"is_beta":false,"boss_relics":[{"not_picked":["SacredBark","Pandora\u0027s Box"],"picked":"WristBlade"}],"items_purged_floors":[19],"is_endless":false,"potions_floor_spawned":[1,4,14,18,29,31],"killed_by":"Automaton","ascension_level":4}}