{"host":"Fredi","time":1608445453,"event":{"mods":["AchievementEnabler","Act Like it!","BaseMod","Better Altar","Better Match","Better Note","Better Sensory Stone","Better Skull","Better Third Choice","Block Reminder","Colored Map","Colored Powertips","Custom Start","Downfall","Gensokyo","Hallownest","Hermit","Highlight Path","Mimic Mod","Minty Spire (QoL Compilation)","Permanent Neow","Quick Restart","Rare Cards Sparkle","Relic Stats","Shop Mod","StSLib","The Cursed","The Runesmith","Transform Curses","Wandering Minibosses","everything is the same but u backflip on backflip"],"gold_per_floor":[13,24,44,61,73,73,73,73],"floor_reached":7,"playtime":528,"items_purged":[],"score":47,"play_id":"c16e859a-c509-4f31-82e4-ecd41b223d82","local_time":"20201219222413","is_ascension_mode":true,"campfire_choices":[{"floor":6,"key":"RECALL"}],"circlet_count":0,"master_deck":["Strike_B","Strike_B","Strike_B","Defend_B","Defend_B","Defend_B","Zap","Dualcast","Steam Power","Capacitor","Recycle"],"relics":["Cracked Core"],"acts_visited":["Hallownest:Greenpath"],"potions_floor_usage":[],"damage_taken":[{"damage":1,"enemies":"Hallownest:monsterHuskWarrior","floor":1,"turns":5},{"damage":8,"enemies":"Hallownest:2_Tiktiks_and_1_Crawlid","floor":2,"turns":4},{"damage":7,"enemies":"Hallownest:2_MossCreeps","floor":3,"turns":5},{"damage":1,"enemies":"Hallownest:monsterFoolEater","floor":4,"turns":4},{"damage":18,"enemies":"Hallownest:Wandering_and_Horned","floor":5,"turns":6},{"damage":43,"enemies":"Hallownest:eliteCrystalGuardian","floor":7,"turns":6}],"seed_played":"1940267307870334667","potions_obtained":[{"floor":3,"key":"SteroidPotion"},{"floor":5,"key":"PotionOfCapacity"}],"is_trial":false,"path_per_floor":["M","M","M","M","M","R","E"],"character_chosen":"DEFECT","items_purchased":[],"campfire_rested":0,"item_purchase_floors":[],"current_hp_per_floor":[74,66,59,58,40,40,0,0],"gold":73,"neow_bonus":"TRANSFORM_TWO_CARDS","is_daily":false,"chose_seed":false,"campfire_upgraded":0,"win_rate":0.0,"timestamp":1608445453,"path_taken":["M","?","M","M","M","R","E"],"items_purchased_type":[],"build_version":"2020-12-18","purchased_purges":0,"victory":false,"max_hp_per_floor":[75,75,75,75,75,75,75,75],"relic_stats":{"counters":[6,30],"obtain_stats":[{"Cracked Core":0},{"Cracked Core":0},{"Cracked Core":0}]},"card_choices":[{"not_picked":["Leap","Stack","Conserve Battery"],"picked":"SKIP","floor":1},{"not_picked":["Force Field","Rip and Tear","White Noise"],"picked":"SKIP","floor":2},{"not_picked":["Steam Power","Turbo"],"picked":"Recycle","floor":3},{"not_picked":["Rebound","Coolheaded","Compile Driver"],"picked":"SKIP","floor":4},{"not_picked":["Leap","Hello World","Amplify"],"picked":"SKIP","floor":5}],"player_experience":243857,"relics_obtained":[],"event_choices":[],"is_beta":true,"boss_relics":[],"items_purged_floors":[],"is_endless":false,"potions_floor_spawned":[3,5],"killed_by":"Hallownest:eliteCrystalGuardian","ascension_level":1}}