{"host":"c59zqhrgluvxuu0k","time":1608499855,"event":{"mods":["BaseMod","Better Altar","Better Third Choice","BetterRewards","Colored Map","Colored Powertips","Curses Come First","Downfall","Duelist Mod","Friendly Minions","Hermit","Hubris","Infinite Spire","Minty Spire (QoL Compilation)","Replay The Spire","Shop Mod","Spicy Shops","StSLib","The Administrix","The Blackbeard","The Cursed","The Death Knight","The Dragon Tamer","The Druid","The Jungle","The Runesmith","The Wild Card"],"gold_per_floor":[99,99,32,32,49,49,103,129,139,139,157,157,218,233,246,347,347,347,74,74,88,88,99,99,126,51,77,94,111,111,129,142,241,241,91,7,7,32,32,32,52,88,88,111,111,151,172,195,195,195,216,319,319,319,345,372,372,390,390,390,410,410,451,473,200,220,220,232,342,342,342,342,342],"floor_reached":72,"playtime":9904,"items_purged":["Injury"],"score":1386,"play_id":"f86b1791-de72-4688-b662-f4818b27572f","local_time":"20201220143055","is_ascension_mode":false,"campfire_choices":[{"data":"hexamod:CrushingStance","floor":1,"key":"SMITH"},{"data":"hexamod:GhostOfSpireFuture","floor":4,"key":"SMITH"},{"data":"hexamod:NecessarySacrifice","floor":10,"key":"SMITH"},{"floor":18,"key":"RECALL"},{"data":"Replay:Fractal Strike","floor":26,"key":"SMITH"},{"floor":35,"key":"REST"},{"floor":37,"key":"REST"},{"floor":45,"key":"REST"},{"floor":54,"key":"REST"},{"floor":71,"key":"DIG"}],"circlet_count":0,"master_deck":["hexamod:Strike","hexamod:Strike","hexamod:Strike+1","hexamod:Strike","hexamod:Defend+1","hexamod:Defend+1","hexamod:Defend+1","hexamod:Defend+1","hexamod:Sear+1","hexamod:Float","hexamod:CrushingStance+1","hexamod:GhostOfSpireFuture+1","hexamod:FourthSeal","Crow Ritual+1","hexamod:AdvancingGuard","hexamod:FastForward","hexamod:NecessarySacrifice+1","hexamod:StepThrough","hexamod:ExtraCrispy+1","Replay:Fractal Strike+1","hexamod:DynamicBlow","hexamod:ThirdSeal","hexamod:HeatShield","hexamod:TimeWarp","hexamod:TimeWarp+1","CurseOfTheBell","hexamod:BurningTouch+1","hexamod:NightmareGuise+1","hexamod:InspiringFlames","hexamod:GhostShield","hexamod:SwordOfDarkness+1","infinitespire:Gouge+1","hexamod:SpectralAdrenaline+1","hexamod:FirstSeal","hexamod:TimeOfNeed+1","hexamod:FastForward+1","hexamod:VolcanoVisage","hexamod:GhostOfSpireFuture","hexamod:EtherealExpedition","Wireheading","hexamod:SpectralSpark","hexamod:WildfireWeapon+1","hexamod:SixthSeal","hexamod:SecondSeal","hexamod:UnlimitedPower+1","hexamod:Incineration+1","hexamod:EmpoweredFlame","hexamod:TimeOfNeed","hexamod:WildfireWeapon","hexamod:SearingWound","hexamod:Firestarter"],"relics":["hexamod:SpiritBrand","hubris:Icosahedron","Oddly Smooth Stone","MealTicket","hubris:OldNail","Calling Bell","HornCleat","Boot","Counterbalance","hexamod:RecyclingMachine","DeathKnight:PutricidesVial","hexamod:Sixitude","downfall:HeartBlessingGreen","hubris:PeanutButter","Fusion Hammer","downfall:HeartBlessingRed","downfall:HeartBlessingBlue","Blue Doll","infinitespire:WardingShard","hexamod:CandleOfCauterizing","expansioncontent:StudyCardRelic","ReplayTheSpireMod:EnergyBall","hubris:Towel","hubris:64BitClover","hubris:ToyBattleship","Medical Kit","PreservedInsect","Letter Opener","Runic Pyramid","War Paint"],"acts_visited":["Exordium","TheCity","TheBeyond","Exordium","TheCity"],"potions_floor_usage":[8,11,13,14,16,16,19,23,25,27,27,29,31,32,33,33,33,38,42,42,44,44,46,47,52,52,52,56,63,64,65,69],"damage_taken":[{"damage":5,"enemies":"downfall:FleeingMerchant","floor":3,"turns":4},{"damage":4,"enemies":"2 Louse","floor":5,"turns":3},{"damage":3,"enemies":"3 Sentries","floor":8,"turns":5},{"damage":0,"enemies":"Small Slimes","floor":9,"turns":3},{"damage":0,"enemies":"Jaw Worm","floor":11,"turns":1},{"damage":8,"enemies":"Gremlin Nob","floor":13,"turns":3},{"damage":0,"enemies":"Gremlin Gang","floor":14,"turns":2},{"damage":0,"enemies":"Large Slime","floor":15,"turns":6},{"damage":3,"enemies":"downfall:Watcher","floor":16,"turns":7},{"damage":0,"enemies":"downfall:FleeingMerchant","floor":19,"turns":4},{"damage":2,"enemies":"Shell Parasite","floor":21,"turns":5},{"damage":0,"enemies":"Snecko","floor":23,"turns":5},{"damage":11,"enemies":"theDuelist:KaibaA2","floor":25,"turns":7},{"damage":0,"enemies":"Gremlin Leader","floor":27,"turns":6},{"damage":0,"enemies":"Snake Plant","floor":28,"turns":3},{"damage":0,"enemies":"Shelled Parasite and Fungi","floor":29,"turns":4},{"damage":0,"enemies":"Chosen and Byrds","floor":31,"turns":6},{"damage":0,"enemies":"Sentry and Sphere","floor":32,"turns":6},{"damage":0,"enemies":"downfall:Defect","floor":33,"turns":8},{"damage":0,"enemies":"downfall:FleeingMerchant","floor":36,"turns":4},{"damage":0,"enemies":"Orb Walker","floor":38,"turns":4},{"damage":1,"enemies":"3 Darklings","floor":41,"turns":6},{"damage":13,"enemies":"Nightmare","floor":42,"turns":9},{"damage":0,"enemies":"4 Shapes","floor":44,"turns":6},{"damage":0,"enemies":"Nemesis","floor":46,"turns":7},{"damage":0,"enemies":"Spire Growth","floor":47,"turns":5},{"damage":6,"enemies":"Transient","floor":48,"turns":5},{"damage":4,"enemies":"Jaw Worm Horde","floor":51,"turns":5},{"damage":16,"enemies":"downfall:Ironclad","floor":52,"turns":7},{"damage":2,"enemies":"Jaw Worm","floor":55,"turns":2},{"damage":0,"enemies":"3 Sentries","floor":56,"turns":5},{"damage":0,"enemies":"Cultist","floor":58,"turns":3},{"damage":0,"enemies":"Small Slimes","floor":61,"turns":2},{"damage":9,"enemies":"Gremlin Nob","floor":63,"turns":4},{"damage":2,"enemies":"3 Louse","floor":64,"turns":3},{"damage":0,"enemies":"downfall:FleeingMerchant","floor":65,"turns":3},{"damage":0,"enemies":"2 Fungi Beasts","floor":66,"turns":3},{"damage":0,"enemies":"Large Slime","floor":68,"turns":2},{"damage":0,"enemies":"Fading Forest","floor":69,"turns":11},{"damage":92,"enemies":"Chosen","floor":72,"turns":5}],"seed_played":"-7135287912175651749","potions_obtained":[{"floor":5,"key":"hexamod:DoubleChargePotion"},{"floor":8,"key":"sneckomod:MuddlingPotion"},{"floor":9,"key":"FearPotion"},{"floor":9,"key":"LiquidMemories"},{"floor":11,"key":"FearPotion"},{"floor":13,"key":"infinitespire:BlackPotion"},{"floor":13,"key":"GamblersBrew"},{"floor":15,"key":"Ancient Potion"},{"floor":15,"key":"Energy Potion"},{"floor":16,"key":"ColorlessPotion"},{"floor":19,"key":"Explosive Potion"},{"floor":21,"key":"Explosive Potion"},{"floor":23,"key":"Slimebound:ThreeZeroPotion"},{"floor":25,"key":"Strength Potion"},{"floor":27,"key":"ColorlessPotion"},{"floor":28,"key":"Block Potion"},{"floor":29,"key":"Languid Potion"},{"floor":31,"key":"FearPotion"},{"floor":31,"key":"AttackPotion"},{"floor":32,"key":"SpeedPotion"},{"floor":32,"key":"Weak Potion"},{"floor":33,"key":"SteroidPotion"},{"floor":36,"key":"SteroidPotion"},{"floor":38,"key":"Fire Potion"},{"floor":38,"key":"Cursed Concoction"},{"floor":41,"key":"Block Potion"},{"floor":42,"key":"Fire Potion"},{"floor":46,"key":"Swift Potion"},{"floor":48,"key":"Dexterity Potion"},{"floor":48,"key":"champ:CounterPotion"},{"floor":51,"key":"Fruit Juice"},{"floor":51,"key":"DistilledChaos"},{"floor":52,"key":"BlessingOfTheForge"},{"floor":56,"key":"Doom Potion"},{"floor":56,"key":"Slimebound:ThreeZeroPotion"},{"floor":63,"key":"hexamod:InfernoChargePotion"},{"floor":64,"key":"hexamod:EctoCoolerPotion"},{"floor":68,"key":"Explosive Potion"},{"floor":69,"key":"ColorlessPotion"}],"is_trial":false,"path_per_floor":["R","?","$","R","M","?","T","E","M","R","M","?","?","M","M","B",null,"R","$","?","M","AVR","M","T","E","R","E","M","M","?","M","M","B",null,"R","$","R","M","PTL","PTL","M","NM","T","M","R","E","M","M","?","?","M","B",null,"R","M","E","AVR","M","?","T","M","?","E","M","$","M","?","M","B",null,"R_BF","M"],"character_chosen":"THE_SPIRIT","items_purchased":["hexamod:FourthSeal","Crow Ritual","hexamod:RecyclingMachine","hexamod:InspiringFlames","hexamod:GhostShield","hexamod:SecondSeal","hubris:ToyBattleship","Medical Kit","PreservedInsect","Letter Opener"],"campfire_rested":4,"item_purchase_floors":[3,3,19,19,19,36,65,65,65,65],"current_hp_per_floor":[70,70,65,65,61,61,61,58,58,58,58,42,34,34,34,31,70,70,70,70,68,68,68,68,64,64,64,64,64,64,70,70,70,70,80,80,80,80,80,80,80,74,74,74,80,80,80,80,80,80,80,69,85,85,83,85,85,85,85,85,85,85,76,74,85,85,85,85,85,85,85,0,0],"gold":342,"neow_bonus":"ONE_RANDOM_RARE_CARD","is_daily":false,"chose_seed":false,"campfire_upgraded":4,"win_rate":0.0,"timestamp":1608499855,"path_taken":["R","?","$","R","M","?","T","E","M","R","M","?","?","?","M","BOSS","R","$","?","?","AVR","M","T","E","R","E","M","M","?","?","M","BOSS","R","$","R","M","PTL","PTL","M","NM","T","M","R","E","M","M","?","?","M","BOSS","R","M","E","AVR","M","?","T","M","?","E","M","$","M","?","M","BOSS","R_BF","M"],"items_purchased_type":["Card","Card","Relic","Card","Card","Card","Relic","Relic","Relic","Relic"],"build_version":"2020-12-13","purchased_purges":1,"victory":false,"max_hp_per_floor":[70,70,70,70,70,70,70,70,70,70,70,70,70,70,70,70,70,70,70,70,70,70,70,70,70,70,70,70,70,70,70,70,70,70,80,80,80,80,80,80,80,80,80,80,80,80,80,80,80,80,80,85,85,85,85,85,85,85,85,85,85,85,85,85,85,85,85,85,85,85,85,85,85],"card_choices":[{"not_picked":["hexamod:CrushingStance","hexamod:TurnItUp"],"picked":"hexamod:GhostOfSpireFuture","floor":3},{"not_picked":["hexamod:GhostShield","hexamod:Incineration"],"picked":"hexamod:AdvancingGuard","floor":5},{"not_picked":["hexamod:GhostLash","hexamod:Hexaguard"],"picked":"hexamod:NecessarySacrifice","floor":8},{"not_picked":["hexamod:GhostLash","hexamod:PhantomCloak"],"picked":"hexamod:StepThrough","floor":9},{"not_picked":["hexamod:SwordOfDarkness","hexamod:ShieldOfDarkness"],"picked":"hexamod:ExtraCrispy","floor":11},{"not_picked":["infinitespire:Oblivion","ReplayTheSpireMod:Book of Names"],"picked":"Replay:Fractal Strike","floor":12},{"not_picked":["hexamod:SpectralSpark","hexamod:FastForward"],"picked":"hexamod:DynamicBlow","floor":13},{"not_picked":["hexamod:SecondSeal","hexamod:Hexaguard"],"picked":"hexamod:ThirdSeal","floor":14},{"not_picked":["hexamod:BurningTouch","hexamod:SpectersWail"],"picked":"hexamod:HeatShield","floor":15},{"not_picked":["hexamod:DynamicBlow","hexamod:Hexaguard","hexamod:GhostShield"],"picked":"SKIP","floor":15},{"not_picked":["hexamod:UnleashSpirits","hexamod:TurnItUp"],"picked":"hexamod:TimeWarp","floor":16},{"not_picked":["hexamod:ApocalypseNow","hexamod:GhostflameInferno"],"picked":"hexamod:TimeWarp","floor":16},{"not_picked":["hexamod:GhostLash","hexamod:SpectersWail"],"picked":"hexamod:BurningTouch+1","floor":19},{"not_picked":["hexamod:BacktrackSmack","hexamod:CrushingStance"],"picked":"hexamod:NightmareGuise+1","floor":19},{"not_picked":["hexamod:SkipABeat","hexamod:FlamesFromBeyond"],"picked":"hexamod:SwordOfDarkness+1","floor":21},{"not_picked":["hexamod:GhostLash","hexamod:PhantomFireball","hexamod:BurningTouch+1"],"picked":"SKIP","floor":21},{"not_picked":["hexamod:SpectersWail","hexamod:BurningTouch"],"picked":"hexamod:SpectralAdrenaline","floor":23},{"not_picked":["hexamod:ExtraCrispy","hexamod:HauntingEcho"],"picked":"hexamod:FirstSeal","floor":23},{"not_picked":["hexamod:ExtraCrispy+1","hexamod:Firestarter"],"picked":"hexamod:TimeOfNeed","floor":25},{"not_picked":["hexamod:CatchUp","hexamod:InspiringFlames","hexamod:SpectralAdrenaline+1"],"picked":"SKIP","floor":25},{"not_picked":["hexamod:Incineration","hexamod:NightmareGuise"],"picked":"hexamod:FastForward+1","floor":27},{"not_picked":["hexamod:Again","hexamod:CatchUp"],"picked":"hexamod:VolcanoVisage","floor":27},{"not_picked":["hexamod:SpectersWail","hexamod:GhostOfSpirePast"],"picked":"hexamod:GhostOfSpireFuture","floor":28},{"not_picked":["hexamod:SkipABeat","hexamod:FirstSeal"],"picked":"hexamod:EtherealExpedition","floor":29},{"not_picked":["hexamod:HeatCrush","hexamod:Incineration"],"picked":"hexamod:SpectralSpark","floor":31},{"not_picked":["hexamod:BacktrackSmack","hexamod:ShieldOfDarkness","hexamod:NightmareStrike"],"picked":"SKIP","floor":31},{"not_picked":["hexamod:HauntingEcho+1","hexamod:GhostLash"],"picked":"hexamod:WildfireWeapon","floor":32},{"not_picked":["hexamod:GhostShield","hexamod:PhantomFireball","hexamod:GhostLash+1"],"picked":"SKIP","floor":32},{"not_picked":["hexamod:UnleashSpirits","hexamod:FifthSeal"],"picked":"hexamod:SixthSeal","floor":33},{"not_picked":["hexamod:StepThrough+1","hexamod:GhostLash+1","hexamod:ChargedBarrage+1"],"picked":"SKIP","floor":36},{"not_picked":["hexamod:NightmareGuise","hexamod:PhantomCloak","hexamod:HauntingEcho"],"picked":"SKIP","floor":38},{"not_picked":["hexamod:NightmareGuise","hexamod:FastForward+1","hexamod:GhostShield+1"],"picked":"SKIP","floor":41},{"not_picked":["hexamod:ExtraCrispy","hexamod:SwordOfDarkness+1","hexamod:SecondSeal"],"picked":"SKIP","floor":41},{"not_picked":["hexamod:HauntingEcho","hexamod:SpectersWail+1"],"picked":"hexamod:UnlimitedPower","floor":42},{"not_picked":["hexamod:Hexaguard","hexamod:ThermalTransfer","hexamod:BacktrackSmack+1"],"picked":"SKIP","floor":42},{"not_picked":["hexamod:Hexaguard","hexamod:ThermalTransfer","hexamod:BacktrackSmack+1"],"picked":"SKIP","floor":42},{"not_picked":["hexamod:NightmareStrike","hexamod:BacktrackSmack+1"],"picked":"hexamod:Incineration","floor":44},{"not_picked":["hexamod:HeatMetal+1","hexamod:HauntingEcho"],"picked":"hexamod:EmpoweredFlame","floor":46},{"not_picked":["hexamod:GhostShield","hexamod:SoulSteal","hexamod:GhostLash+1"],"picked":"SKIP","floor":46},{"not_picked":["hexamod:SoulSteal","hexamod:HeatCrush+1","hexamod:Firestarter"],"picked":"SKIP","floor":47},{"not_picked":["hexamod:Firestarter","hexamod:Incineration"],"picked":"hexamod:TimeOfNeed","floor":48},{"not_picked":["hexamod:BurningTouch+1","hexamod:NightmareGuise+1","hexamod:RainOfEmbers"],"picked":"SKIP","floor":48},{"not_picked":["hexamod:GhostflameBarrier+1","hexamod:ThermalTransfer","hexamod:ShieldOfDarkness+1"],"picked":"SKIP","floor":51},{"not_picked":["hexamod:ApocalypticArmor","hexamod:TurnItUp"],"picked":"hexamod:WildfireWeapon","floor":52},{"not_picked":["hexamod:WildfireWeapon","hexamod:GhostflameInferno"],"picked":"hexamod:SearingWound","floor":52},{"not_picked":["hexamod:SpectersWail","hexamod:BurningTouch","hexamod:RainOfEmbers"],"picked":"SKIP","floor":55},{"not_picked":["hexamod:SpectersWail","hexamod:BurningTouch","hexamod:RainOfEmbers"],"picked":"SKIP","floor":55},{"not_picked":["hexamod:SpectersWail","hexamod:BurningTouch","hexamod:RainOfEmbers"],"picked":"SKIP","floor":55},{"not_picked":["hexamod:ParanormalForm","hexamod:HauntingEcho","hexamod:FastForward"],"picked":"SKIP","floor":56},{"not_picked":["hexamod:ShieldOfDarkness","hexamod:SwordOfDarkness","hexamod:SpectersWail"],"picked":"SKIP","floor":56},{"not_picked":["hexamod:SecondSeal","hexamod:DynamicBlow","hexamod:BurningTouch"],"picked":"SKIP","floor":58},{"not_picked":["hexamod:SuperheatedStrike","hexamod:GhostOfSpirePast"],"picked":"hexamod:Firestarter","floor":61},{"not_picked":["hexamod:GhostLash","hexamod:UnleashSpirits","hexamod:EtherealExpedition"],"picked":"SKIP","floor":63},{"not_picked":["hexamod:RadiantFlame","hexamod:FirstSeal","hexamod:EtherealExpedition"],"picked":"SKIP","floor":64},{"not_picked":["hexamod:GhostShield","hexamod:ThermalTransfer","hexamod:GhostOfSpireFuture"],"picked":"SKIP","floor":64},{"not_picked":["hexamod:FirstSeal","hexamod:Incineration","hexamod:GhostOfSpirePast"],"picked":"SKIP","floor":65},{"not_picked":["hexamod:NightmareStrike","hexamod:RainOfEmbers","hexamod:HeatMetal"],"picked":"SKIP","floor":66},{"not_picked":["hexamod:PhantomCloak","hexamod:HauntingEcho","hexamod:FastForward"],"picked":"SKIP","floor":68}],"player_experience":2100972,"relics_obtained":[{"floor":7,"key":"Oddly Smooth Stone"},{"floor":8,"key":"MealTicket"},{"floor":13,"key":"hubris:OldNail"},{"floor":17,"key":"HornCleat"},{"floor":17,"key":"Boot"},{"floor":17,"key":"Counterbalance"},{"floor":25,"key":"hexamod:Sixitude"},{"floor":27,"key":"hubris:PeanutButter"},{"floor":42,"key":"Blue Doll"},{"floor":43,"key":"infinitespire:WardingShard"},{"floor":46,"key":"hexamod:CandleOfCauterizing"},{"floor":60,"key":"hubris:64BitClover"},{"floor":71,"key":"War Paint"}],"event_choices":[{"damage_healed":0,"gold_gain":0,"player_choice":"Read","damage_taken":0,"max_hp_gain":0,"max_hp_loss":0,"event_name":"The Library","floor":30,"gold_loss":0,"cards_obtained":["Wireheading"]},{"damage_healed":0,"gold_gain":0,"player_choice":"Grow","damage_taken":0,"max_hp_gain":0,"max_hp_loss":0,"event_name":"Living Wall","floor":67,"gold_loss":0,"cards_upgraded":["hexamod:UnlimitedPower"]}],"is_beta":false,"boss_relics":[{"not_picked":["SacredBark","Tiny House"],"picked":"Calling Bell"},{"not_picked":["Sozu","Runic Dome"],"picked":"Fusion Hammer"},{"not_picked":["Empty Cage","hubris:Stopwatch"],"picked":"expansioncontent:StudyCardRelic"},{"not_picked":["hubris:CrackedHourglass","Sozu"],"picked":"Runic Pyramid"}],"items_purged_floors":[65],"is_endless":true,"potions_floor_spawned":[9,11,13,15,28,29,31,32,38,41,48,51,56,58,63,68],"killed_by":"Chosen","ascension_level":0}}