{"host":"6pgtslebjnyv5xmi","time":1608453639,"event":{"mods":["AchievementEnabler","BaseMod","Colored Map","Minty Spire (QoL Compilation)","Rare Cards Sparkle","SuperFastMode","everything is the same but u backflip on backflip"],"gold_per_floor":[113,38,213,233,183,213,63,83,130,140,140,167,186,220,229,229,229],"floor_reached":16,"playtime":775,"items_purged":["Strike_R"],"score":142,"play_id":"cad5bc58-7a65-470c-8f6a-5f8d3ed6711b","local_time":"20201220174039","is_ascension_mode":true,"campfire_choices":[{"data":"Body Slam","floor":11,"key":"SMITH"},{"floor":15,"key":"REST"}],"circlet_count":0,"master_deck":["Strike_R","Strike_R","Strike_R","Strike_R","Defend_R","Defend_R","Defend_R","Defend_R","Bash","Body Slam+1","Flex","Berserk","Bloodletting","Dual Wield","Disarm"],"relics":["Burning Blood","NeowsBlessing","Dream Catcher","ClockworkSouvenir","CeramicFish","Orichalcum","Ancient Tea Set"],"acts_visited":["Exordium"],"potions_floor_usage":[14,14,16],"damage_taken":[{"damage":0,"enemies":"Cultist","floor":1,"turns":1},{"damage":0,"enemies":"2 Louse","floor":4,"turns":1},{"damage":0,"enemies":"Lagavulin","floor":6,"turns":1},{"damage":1,"enemies":"Jaw Worm","floor":8,"turns":4},{"damage":17,"enemies":"Lots of Slimes","floor":10,"turns":6},{"damage":14,"enemies":"Exordium Thugs","floor":13,"turns":6},{"damage":55,"enemies":"3 Sentries","floor":14,"turns":12},{"damage":54,"enemies":"Hexaghost","floor":16,"turns":15}],"seed_played":"5029160994826770171","potions_obtained":[{"floor":4,"key":"BloodPotion"},{"floor":10,"key":"BlessingOfTheForge"},{"floor":13,"key":"DuplicationPotion"}],"is_trial":false,"path_per_floor":["M","$","?","M","?","E","$","M","T","M","R","T","M","E","R","B"],"character_chosen":"IRONCLAD","items_purchased":["ClockworkSouvenir"],"campfire_rested":1,"item_purchase_floors":[7],"current_hp_per_floor":[80,80,80,80,80,80,80,80,80,69,69,69,61,28,52,0,0],"gold":229,"neow_bonus":"THREE_ENEMY_KILL","is_daily":false,"chose_seed":false,"campfire_upgraded":1,"win_rate":0.0,"timestamp":1608453639,"path_taken":["M","$","?","M","?","E","?","?","T","M","R","?","?","E","R","BOSS"],"items_purchased_type":["Relic"],"build_version":"2020-12-13","purchased_purges":1,"victory":false,"max_hp_per_floor":[80,80,80,80,80,80,80,80,80,80,80,80,80,80,80,80,80],"card_choices":[{"not_picked":["Clash","Armaments"],"picked":"Body Slam","floor":1},{"not_picked":["Twin Strike","Sentinel","Perfected Strike"],"picked":"SKIP","floor":4},{"not_picked":["Pommel Strike","Twin Strike"],"picked":"Flex","floor":6},{"not_picked":["Power Through","Anger"],"picked":"Berserk","floor":8},{"not_picked":["Iron Wave","Infernal Blade","Thunderclap"],"picked":"SKIP","floor":10},{"not_picked":["Pommel Strike","Rupture"],"picked":"Bloodletting","floor":13},{"not_picked":["Dark Embrace","Demon Form"],"picked":"Dual Wield","floor":14},{"not_picked":["Heavy Blade","Wild Strike"],"picked":"Disarm","floor":15}],"player_experience":278789,"relics_obtained":[{"floor":6,"key":"Dream Catcher"},{"floor":9,"key":"CeramicFish"},{"floor":12,"key":"Orichalcum"},{"floor":14,"key":"Ancient Tea Set"}],"event_choices":[{"damage_healed":0,"gold_gain":175,"player_choice":"AGREE","damage_taken":0,"max_hp_gain":0,"max_hp_loss":0,"event_name":"Liars Game","floor":3,"gold_loss":0,"cards_obtained":["Doubt"]},{"cards_removed":["Doubt"],"damage_healed":0,"gold_gain":0,"player_choice":"Card Removal","damage_taken":0,"max_hp_gain":0,"max_hp_loss":0,"event_name":"The Cleric","floor":5,"gold_loss":50}],"is_beta":false,"boss_relics":[],"items_purged_floors":[2],"is_endless":false,"potions_floor_spawned":[4,10,13],"killed_by":"Hexaghost","ascension_level":1}}