{"host":"v0dnu0zs4qo0v13s","time":1608492627,"event":{"mods":["BaseMod","Colored Map","Colored Powertips","Minty Spire (QoL Compilation)","Relic Stats","StSLib","SuperFastMode","everything is the same but u backflip on backflip"],"gold_per_floor":[118,118,136,148,33,66,66,82,162,62,62,79,79,29,29,107,107,123,323,341,354,66,93,93,103,103,103,118,118,218,218,218,291,291,305,7,7,19,33,33,62,75,100,117,27,43,43,71,71,71],"floor_reached":51,"playtime":3347,"items_purged":["Strike_R","Strike_R","Defend_R","Pain"],"score":1183,"play_id":"ec5137ab-192d-4165-90d7-5a2f67d90cf0","local_time":"20201220143027","is_ascension_mode":true,"campfire_choices":[{"floor":7.0,"key":"REST"},{"data":"True Grit","floor":13.0,"key":"SMITH"},{"floor":15.0,"key":"REST"},{"data":"Demon Form","floor":24.0,"key":"SMITH"},{"data":"Heavy Blade","floor":27.0,"key":"SMITH"},{"data":"Second Wind","floor":29.0,"key":"SMITH"},{"data":"Dual Wield","floor":32.0,"key":"SMITH"},{"data":"Demon Form","floor":40.0,"key":"SMITH"},{"data":"Shockwave","floor":47,"key":"SMITH"},{"data":"Evolve","floor":49,"key":"SMITH"}],"circlet_count":0,"master_deck":["AscendersBane","Dark Embrace","Iron Wave+1","Dark Embrace","Spot Weakness+1","Metallicize","Heavy Blade+1","True Grit+1","Demon Form+1","Bludgeon+1","Warcry+1","Combust+1","Reaper","Second Wind+1","Evolve+1","Dual Wield+1","Demon Form+1","Cleave","Entrench+1","Uppercut+1","Shockwave+1"],"relics":["Snecko Eye","Ginger","Letter Opener","Astrolabe","Toy Ornithopter","Self Forming Clay","Charon\u0027s Ashes","Eternal Feather","WarpedTongs","Velvet Choker","Blood Vial","Pantograph","War Paint","Mercury Hourglass"],"acts_visited":["Exordium","TheCity","TheBeyond"],"potions_floor_usage":[],"damage_taken":[{"damage":4.0,"enemies":"2 Louse","floor":1.0,"turns":4.0},{"damage":1.0,"enemies":"Cultist","floor":3.0,"turns":3.0},{"damage":0.0,"enemies":"Small Slimes","floor":4.0,"turns":3.0},{"damage":44.0,"enemies":"Gremlin Nob","floor":6.0,"turns":5.0},{"damage":1.0,"enemies":"2 Fungi Beasts","floor":8.0,"turns":3.0},{"damage":1.0,"enemies":"Looter","floor":12.0,"turns":2.0},{"damage":11.0,"enemies":"Hexaghost","floor":16.0,"turns":7.0},{"damage":16.0,"enemies":"Spheric Guardian","floor":18.0,"turns":4.0},{"damage":2.0,"enemies":"Chosen","floor":20.0,"turns":3.0},{"damage":0.0,"enemies":"Snecko","floor":21.0,"turns":3.0},{"damage":58.0,"enemies":"Slavers","floor":23.0,"turns":5.0},{"damage":9.0,"enemies":"Centurion and Healer","floor":25.0,"turns":3.0},{"damage":10.0,"enemies":"Snake Plant","floor":28.0,"turns":3.0},{"damage":15.0,"enemies":"Colosseum Slavers","floor":30.0,"turns":3.0},{"damage":27.0,"enemies":"Colosseum Nobs","floor":30.0,"turns":5.0},{"damage":39.0,"enemies":"Champ","floor":33.0,"turns":7.0},{"damage":40.0,"enemies":"3 Shapes","floor":35.0,"turns":3.0},{"damage":6.0,"enemies":"Orb Walker","floor":38.0,"turns":4.0},{"damage":0.0,"enemies":"Transient","floor":39.0,"turns":5.0},{"damage":48.0,"enemies":"Giant Head","floor":41.0,"turns":6.0},{"damage":33.0,"enemies":"3 Darklings","floor":42.0,"turns":4.0},{"damage":44,"enemies":"Sphere and 2 Shapes","floor":44,"turns":4},{"damage":19,"enemies":"4 Shapes","floor":46,"turns":4},{"damage":29,"enemies":"Nemesis","floor":48,"turns":7},{"damage":72,"enemies":"Donu and Deca","floor":50,"turns":9}],"seed_played":"-7891870893577030064","potions_obtained":[{"floor":1.0,"key":"HeartOfIron"},{"floor":4.0,"key":"SneckoOil"},{"floor":12.0,"key":"FairyPotion"},{"floor":20.0,"key":"ElixirPotion"},{"floor":23.0,"key":"DuplicationPotion"},{"floor":25.0,"key":"Swift Potion"},{"floor":38.0,"key":"DuplicationPotion"}],"is_trial":false,"path_per_floor":["M","?","M","M","$","E","R","M","T","$","?","M","R","?","R","B",null,"M","?","M","M","$","E","R","M","T","R","M","R","?","?","R","B",null,"M","$","?","M","M","R","E","M","T","M","?","M","R","E","R","B",null],"character_chosen":"IRONCLAD","items_purchased":["Metallicize","Reaper","Blood Vial"],"campfire_rested":2,"item_purchase_floors":[5,22,36],"current_hp_per_floor":[68,68,67,67,67,23,47,46,46,46,30,29,29,29,53,42,71,55,55,53,53,53,30,30,56,56,56,60,60,40,40,49,80,80,40,40,40,36,68,80,80,80,80,36,36,30,42,80,80,80],"gold":71,"neow_bonus":"BOSS_RELIC","is_daily":false,"chose_seed":false,"campfire_upgraded":8,"win_rate":0.0,"timestamp":1608492627,"path_taken":["M","?","?","M","$","E","R","M","T","?","?","M","R","?","R","BOSS","M","?","M","M","$","E","R","?","T","R","M","R","?","?","R","BOSS","M","$","?","?","?","R","E","M","T","M","?","M","R","E","R","BOSS"],"items_purchased_type":["Card","Card","Relic"],"build_version":"2020-12-13","purchased_purges":4,"victory":true,"max_hp_per_floor":[80,80,80,80,80,80,80,80,80,80,80,80,80,80,80,80,80,80,80,80,80,80,80,80,80,80,80,80,80,80,80,80,80,80,80,80,80,80,80,80,80,80,80,80,80,80,80,80,80,80],"relic_stats":{"counters":[25,109],"Self Forming Clay":[156],"Astrolabe":["Bludgeon","Warcry","Combust"],"Eternal Feather":33,"Charon\u0027s Ashes":[400],"Ginger":[4],"Letter Opener":[65],"War Paint":["Entrench"],"WarpedTongs":[42],"Mercury Hourglass":[27],"Blood Vial":8,"Pantograph":0,"Snecko Eye":[231,207,211,222],"obtain_stats":[{"Self Forming Clay":26,"Astrolabe":17,"Velvet Choker":34,"Eternal Feather":30,"Charon\u0027s Ashes":30,"Ginger":6,"Letter Opener":9,"War Paint":43,"Burning Blood":0,"WarpedTongs":31,"Mercury Hourglass":48,"Blood Vial":36,"Pantograph":41,"Snecko Eye":0,"Toy Ornithopter":23},{"Self Forming Clay":12,"Astrolabe":7,"Velvet Choker":16,"Eternal Feather":15,"Charon\u0027s Ashes":15,"Ginger":4,"Letter Opener":5,"War Paint":21,"Burning Blood":0,"WarpedTongs":15,"Mercury Hourglass":24,"Blood Vial":17,"Pantograph":20,"Snecko Eye":0,"Toy Ornithopter":11},{"Self Forming Clay":45,"Astrolabe":27,"Velvet Choker":63,"Eternal Feather":56,"Charon\u0027s Ashes":56,"Ginger":15,"Letter Opener":18,"War Paint":85,"Burning Blood":0,"WarpedTongs":56,"Mercury Hourglass":100,"Blood Vial":66,"Pantograph":81,"Snecko Eye":0,"Toy Ornithopter":42}],"Toy Ornithopter":10},"card_choices":[{"not_picked":["Pummel","Heavy Blade"],"picked":"Dark Embrace","floor":1.0},{"not_picked":["Cleave","Thunderclap"],"picked":"Dark Embrace","floor":3.0},{"not_picked":["Dropkick","Twin Strike"],"picked":"Spot Weakness","floor":4.0},{"not_picked":["Pommel Strike","Headbutt","Berserk"],"picked":"SKIP","floor":6.0},{"not_picked":["Clothesline","Seeing Red"],"picked":"Heavy Blade","floor":8.0},{"not_picked":["Twin Strike","Pommel Strike"],"picked":"True Grit","floor":12.0},{"not_picked":["Impervious","Bludgeon"],"picked":"Demon Form","floor":16.0},{"not_picked":["Cleave","Iron Wave+1","Ghostly Armor"],"picked":"SKIP","floor":18.0},{"not_picked":["Shrug It Off","Ghostly Armor","Warcry"],"picked":"SKIP","floor":20.0},{"not_picked":["Sword Boomerang","Dropkick","Pommel Strike"],"picked":"SKIP","floor":21.0},{"not_picked":["Spot Weakness+1","Berserk","Seeing Red"],"picked":"SKIP","floor":23.0},{"not_picked":["Sword Boomerang","Heavy Blade"],"picked":"Second Wind","floor":25.0},{"not_picked":["Sword Boomerang","Combust+1"],"picked":"Evolve","floor":28.0},{"not_picked":["Perfected Strike","Warcry+1"],"picked":"Dual Wield","floor":30.0},{"not_picked":["Immolate","Double Tap"],"picked":"Demon Form","floor":33.0},{"not_picked":["Sword Boomerang+1","Body Slam","Perfected Strike"],"picked":"SKIP","floor":35.0},{"not_picked":["Battle Trance","Rupture+1"],"picked":"Entrench","floor":38.0},{"not_picked":["Clothesline","Intimidate","Rampage"],"picked":"SKIP","floor":39.0},{"not_picked":["Demon Form","Pommel Strike","Clash+1"],"picked":"SKIP","floor":41.0},{"not_picked":["Havoc","Iron Wave","Heavy Blade"],"picked":"SKIP","floor":42.0},{"not_picked":["Evolve","Warcry+1"],"picked":"Uppercut+1","floor":44},{"not_picked":["Blood for Blood","Shrug It Off"],"picked":"Shockwave","floor":46},{"not_picked":["Thunderclap","Hemokinesis","Spot Weakness"],"picked":"SKIP","floor":48}],"player_experience":628237,"relics_obtained":[{"floor":6.0,"key":"Ginger"},{"floor":9.0,"key":"Letter Opener"},{"floor":23.0,"key":"Toy Ornithopter"},{"floor":26.0,"key":"Self Forming Clay"},{"floor":30.0,"key":"Charon\u0027s Ashes"},{"floor":30.0,"key":"Eternal Feather"},{"floor":41.0,"key":"Pantograph"},{"floor":43.0,"key":"War Paint"},{"floor":48,"key":"Mercury Hourglass"}],"event_choices":[{"damage_healed":0.0,"max_hp_gain":0.0,"max_hp_loss":0.0,"gold_gain":0.0,"cards_transformed":["Defend_R"],"event_name":"Transmorgrifier","player_choice":"Transformed","floor":2.0,"gold_loss":0.0,"damage_taken":0.0,"cards_obtained":["Iron Wave"]},{"damage_healed":0.0,"max_hp_gain":0.0,"max_hp_loss":0.0,"gold_gain":0.0,"event_name":"Shining Light","player_choice":"Entered Light","floor":11.0,"gold_loss":0.0,"damage_taken":16.0,"cards_upgraded":["Spot Weakness","Bash"]},{"cards_removed":["Strike_R"],"damage_healed":0.0,"max_hp_gain":0.0,"max_hp_loss":0.0,"gold_gain":0.0,"event_name":"The Cleric","player_choice":"Card Removal","floor":14.0,"gold_loss":50.0,"damage_taken":0.0},{"damage_healed":0.0,"max_hp_gain":0.0,"max_hp_loss":0.0,"gold_gain":200.0,"event_name":"Wheel of Change","player_choice":"Gold","floor":19.0,"gold_loss":0.0,"damage_taken":0.0},{"damage_healed":0.0,"max_hp_gain":0.0,"max_hp_loss":0.0,"gold_gain":0.0,"event_name":"Colosseum","player_choice":"Fight","floor":30.0,"gold_loss":0.0,"damage_taken":0.0},{"damage_healed":0.0,"max_hp_gain":0.0,"max_hp_loss":0.0,"gold_gain":0.0,"event_name":"Colosseum","player_choice":"Fought Nobs","floor":30.0,"gold_loss":0.0,"damage_taken":0.0},{"damage_healed":0.0,"max_hp_gain":0.0,"max_hp_loss":0.0,"gold_gain":0.0,"event_name":"Accursed Blacksmith","player_choice":"Rummage","floor":31.0,"gold_loss":0.0,"damage_taken":0.0,"relics_obtained":["WarpedTongs"],"cards_obtained":["Pain"]},{"damage_healed":0.0,"max_hp_gain":0.0,"max_hp_loss":0.0,"gold_gain":0.0,"cards_transformed":["Defend_R"],"event_name":"Transmorgrifier","player_choice":"Transformed","floor":37.0,"gold_loss":0.0,"damage_taken":0.0,"cards_obtained":["Cleave"]},{"cards_removed":["Bash"],"damage_healed":0,"gold_gain":0,"player_choice":"Upgrade and Remove","damage_taken":0,"max_hp_gain":0,"max_hp_loss":0,"event_name":"Designer","floor":45,"gold_loss":90,"cards_upgraded":["Iron Wave"]}],"is_beta":false,"boss_relics":[{"not_picked":["SlaversCollar","Black Star"],"picked":"Astrolabe"},{"not_picked":["Runic Cube","Fusion Hammer"],"picked":"Velvet Choker"}],"items_purged_floors":[5,10,22,36],"is_endless":false,"potions_floor_spawned":[1,4,12,20,21,23,25,30,38,42,46],"ascension_level":13}}