{"host":"wshh0nphwn6jv7vj","time":1608457524,"event":{"mods":["BaseMod","Bestiary","Minty Spire (QoL Compilation)"],"gold_per_floor":[117,44,54,72,90,90,121,121,145,176,176,176,189,209,209,284,284,304,304,304,304,323,351,370,370,370,224,224,255,14,14,14,88,88,98,113,130,142,65,94,94,129,129,129,129],"floor_reached":44,"playtime":3457,"items_purged":["Parasite"],"score":859,"play_id":"519b7669-9986-42ba-ba97-63fe929fc4a2","local_time":"20201220044524","is_ascension_mode":true,"campfire_choices":[{"data":"LikeWater","floor":6,"key":"SMITH"},{"data":"BowlingBash","floor":8,"key":"SMITH"},{"floor":15,"key":"REST"},{"floor":25,"key":"REST"},{"floor":32,"key":"REST"},{"floor":41,"key":"REST"}],"circlet_count":0,"master_deck":["AscendersBane","Eruption","Vigilance","BowlingBash+1","LikeWater+1","SashWhip","FollowUp","DeusExMachina","BowlingBash","Protect","CrushJoints","Omniscience","Worship","CrushJoints","Brilliance","FollowUp","SashWhip","Worship","SpiritShield+1","EmptyFist","Evaluate","LikeWater+1","Evaluate+1","Judgement","Wireheading","Vault","Protect","SandsOfTime","Brilliance","Sanctity","SpiritShield","DevaForm"],"relics":["PureWater","NeowsBlessing","Akabeko","Anchor","Kunai","Pandora\u0027s Box","MutagenicStrength","White Beast Statue","Singing Bowl","Potion Belt","Gremlin Horn","SacredBark","Strawberry","Pantograph","Mercury Hourglass"],"acts_visited":["Exordium","TheCity","TheBeyond"],"potions_floor_usage":[16,18,23,29,37,37,40,40,40,42],"damage_taken":[{"damage":0.0,"enemies":"Cultist","floor":1.0,"turns":1.0},{"damage":0.0,"enemies":"Small Slimes","floor":3.0,"turns":2.0},{"damage":0,"enemies":"2 Louse","floor":4,"turns":2},{"damage":1,"enemies":"Looter","floor":5,"turns":3},{"damage":26,"enemies":"Lagavulin","floor":7,"turns":12},{"damage":28,"enemies":"Gremlin Nob","floor":10,"turns":6},{"damage":0,"enemies":"Blue Slaver","floor":13,"turns":5},{"damage":0,"enemies":"3 Louse","floor":14,"turns":2},{"damage":24,"enemies":"The Guardian","floor":16,"turns":18},{"damage":0,"enemies":"2 Thieves","floor":18,"turns":3},{"damage":2,"enemies":"Spheric Guardian","floor":22,"turns":4},{"damage":40,"enemies":"Book of Stabbing","floor":23,"turns":10},{"damage":16,"enemies":"Snecko","floor":24,"turns":7},{"damage":14,"enemies":"Slavers","floor":29,"turns":9},{"damage":20,"enemies":"Collector","floor":33,"turns":15},{"damage":12,"enemies":"3 Shapes","floor":35,"turns":5},{"damage":4,"enemies":"Orb Walker","floor":36,"turns":4},{"damage":0,"enemies":"Jaw Worm Horde","floor":37,"turns":3},{"damage":0,"enemies":"Sphere and 2 Shapes","floor":38,"turns":6},{"damage":25,"enemies":"Giant Head","floor":40,"turns":9},{"damage":13,"enemies":"Nemesis","floor":42,"turns":7},{"damage":40,"enemies":"Giant Head","floor":44,"turns":7}],"seed_played":"4059144070974184493","potions_obtained":[{"floor":4,"key":"Block Potion"},{"floor":10,"key":"FearPotion"},{"floor":13,"key":"DuplicationPotion"},{"floor":16,"key":"DuplicationPotion"},{"floor":24,"key":"Fruit Juice"},{"floor":29,"key":"SneckoOil"},{"floor":33,"key":"Ancient Potion"},{"floor":35,"key":"Energy Potion"},{"floor":36,"key":"Swift Potion"},{"floor":37,"key":"DistilledChaos"},{"floor":38,"key":"FearPotion"},{"floor":40,"key":"SteroidPotion"},{"floor":42,"key":"Fire Potion"}],"is_trial":false,"path_per_floor":["M","$","M","M","M","R","E","R","T","E","?","?","M","M","R","B",null,"M","?","?","?","M","E","M","R","T","$","?","E","$","?","R","B",null,"M","M","M","M","$","E","R","E","T","E"],"character_chosen":"WATCHER","items_purchased":["LikeWater","Wireheading","Gremlin Horn","Sanctity"],"campfire_rested":4,"item_purchase_floors":[2,27,30,39],"current_hp_per_floor":[61,61,61,61,60,60,34,34,34,6,23,5,5,5,25,1,51,51,65,65,65,63,23,7,27,27,27,27,20,20,20,41,21,59,47,43,45,45,45,27,51,38,38,0,0],"gold":129,"neow_bonus":"THREE_ENEMY_KILL","is_daily":false,"chose_seed":false,"campfire_upgraded":2,"win_rate":0.0,"timestamp":1608457524,"path_taken":["M","?","M","M","M","R","E","R","T","E","?","?","M","M","R","BOSS","M","?","?","?","M","E","?","R","T","$","?","E","?","?","R","BOSS","M","?","M","M","$","E","R","E","T","E"],"items_purchased_type":["Card","Card","Relic","Card"],"build_version":"2020-12-13","purchased_purges":1,"victory":false,"max_hp_per_floor":[68,68,68,68,68,68,68,68,68,68,68,68,68,68,68,68,68,68,68,68,68,68,68,68,68,68,65,65,72,72,72,72,72,72,72,72,74,74,74,81,81,81,81,81,81],"card_choices":[{"not_picked":["CutThroughFate","DeceiveReality"],"picked":"BowlingBash","floor":1.0},{"not_picked":["Fasting2","Nirvana"],"picked":"SashWhip","floor":3},{"not_picked":["ClearTheMind","Evaluate"],"picked":"FollowUp","floor":4},{"not_picked":["MentalFortress","ClearTheMind","Evaluate"],"picked":"SKIP","floor":5},{"not_picked":["FlurryOfBlows","JustLucky"],"picked":"DeusExMachina","floor":7},{"not_picked":["ClearTheMind","Swivel"],"picked":"BowlingBash","floor":10},{"not_picked":["JustLucky","Vengeance"],"picked":"Protect","floor":13},{"not_picked":["Protect","EmptyBody"],"picked":"CrushJoints","floor":14},{"not_picked":["Wish","Judgement"],"picked":"Omniscience","floor":16},{"not_picked":["FlyingSleeves","Swivel"],"picked":"Evaluate","floor":18},{"not_picked":["Pray+1","EmptyFist"],"picked":"Evaluate+1","floor":22},{"not_picked":["EmptyFist","Wallop"],"picked":"Judgement","floor":23},{"not_picked":["BowlingBash","Crescendo","SashWhip"],"picked":"SKIP","floor":24},{"not_picked":["EmptyFist","Fasting2+1","ThirdEye"],"picked":"Singing Bowl","floor":29},{"not_picked":["Ragnarok","Devotion"],"picked":"Vault","floor":33},{"not_picked":["ClearTheMind+1","BowlingBash+1"],"picked":"Protect","floor":35},{"not_picked":["ThirdEye","EmptyFist"],"picked":"SandsOfTime","floor":36},{"not_picked":["SignatureMove","ClearTheMind","MentalFortress"],"picked":"Singing Bowl","floor":37},{"not_picked":["EmptyBody","CutThroughFate"],"picked":"Brilliance","floor":38},{"not_picked":["Prostrate","Crescendo+1"],"picked":"SpiritShield","floor":40},{"not_picked":["CrushJoints+1","Indignation"],"picked":"DevaForm","floor":42}],"player_experience":1453241,"relics_obtained":[{"floor":7,"key":"Akabeko"},{"floor":10,"key":"Anchor"},{"floor":23,"key":"White Beast Statue"},{"floor":26,"key":"Singing Bowl"},{"floor":29,"key":"Potion Belt"},{"floor":40,"key":"Strawberry"},{"floor":42,"key":"Pantograph"},{"floor":43,"key":"Mercury Hourglass"}],"event_choices":[{"damage_healed":17,"gold_gain":0,"player_choice":"Healed and dodged fight","damage_taken":0,"max_hp_gain":0,"max_hp_loss":0,"event_name":"Mushrooms","floor":11,"gold_loss":0,"cards_obtained":["Parasite"]},{"damage_healed":0,"gold_gain":0,"player_choice":"Success","damage_taken":18,"relics_obtained":["Kunai"],"max_hp_gain":0,"max_hp_loss":0,"event_name":"Scrap Ooze","floor":12,"gold_loss":0},{"damage_healed":14,"gold_gain":0,"player_choice":"Heal","damage_taken":0,"max_hp_gain":0,"max_hp_loss":0,"event_name":"The Library","floor":19,"gold_loss":0},{"damage_healed":0,"gold_gain":0,"player_choice":"Inject Mutagens","damage_taken":0,"relics_obtained":["MutagenicStrength"],"max_hp_gain":0,"max_hp_loss":0,"event_name":"Drug Dealer","floor":20,"gold_loss":0},{"damage_healed":0,"gold_gain":0,"player_choice":"Copied","damage_taken":0,"max_hp_gain":0,"max_hp_loss":0,"event_name":"Duplicator","floor":21,"gold_loss":0,"cards_obtained":["LikeWater"]},{"damage_healed":0,"gold_gain":0,"player_choice":"0 cards matched","damage_taken":0,"max_hp_gain":0,"max_hp_loss":0,"event_name":"Match and Keep!","floor":28,"gold_loss":0,"cards_obtained":[]},{"damage_healed":0,"gold_gain":0,"player_choice":"Forge","damage_taken":0,"max_hp_gain":0,"max_hp_loss":0,"event_name":"Accursed Blacksmith","floor":31,"gold_loss":0,"cards_upgraded":["SpiritShield"]}],"is_beta":false,"boss_relics":[{"not_picked":["Coffee Dripper","Busted Crown"],"picked":"Pandora\u0027s Box"},{"not_picked":["Cursed Key","Snecko Eye"],"picked":"SacredBark"}],"items_purged_floors":[27],"is_endless":false,"potions_floor_spawned":[4,10,13,16,24,29,33,35,36,37,38,40,42],"killed_by":"Giant Head","ascension_level":15}}