{"host":"vufxz1jdl6xr1o6x","time":1608422541,"event":{"mods":["AchievementEnabler","Act Like it!","Aspiration","Bard","BaseMod","Beaked The Cultist","Better Altar","Better Note","Better Sensory Stone","Better Skull","Better Third Choice","Better Vampires","BetterRewards","CCEM","CapriCore","Clawfect","Colored Map","Conspire","Downfall","GifTheSpireLib","Halation","Hermit","Highlight Path","Hubris","Infinite Spire","Jedi Mod","Jorbs\u0027s Wanderer Trilogy","Mad Scientist","Mimic Mod","Minty Spire (QoL Compilation)","Permanent Neow","Replay The Spire","Reworked Bosses","Shade Mod","Shop Mod","Spicy Shops","StSLib","Stuff the Spire","The Administrix","The Blackbeard","The Bug Knight","The Construct","The Cursed","The Disciple","The Gatherer","The Hierophant","The Immortal","The IronCluck","The Jungle","The Mystic","The Necromancer","The Problem Sleuth","The Runesmith","The Servant 0.9.4","The Spell Scribe","The Witch","Unceasing Turn Reminder","everything is the same but u backflip on backflip"],"gold_per_floor":[114,129,129,129,129,164,164,196,196,196,213,261,261,277,277,381,381,397,52,64,64,64,64,96,96,96],"floor_reached":25,"playtime":1565,"items_purged":["ReplayTheSpireMod:Splinters"],"score":252,"play_id":"2285e047-000f-412b-9e86-3c28f8a5f083","local_time":"20201220010221","is_ascension_mode":false,"campfire_choices":[{"data":"Runesmith:CraftFirestone","floor":7,"key":"SMITH"},{"data":"Runesmith:Reinforce","floor":10,"key":"SMITH"},{"floor":15,"key":"REST"},{"data":"Runesmith:MetallurgicalResearch","floor":23,"key":"SMITH"}],"circlet_count":0,"master_deck":["Runesmith:Strike_RS","Runesmith:Strike_RS","Runesmith:Strike_RS","Runesmith:Strike_RS+1","Runesmith:Defend_RS","Runesmith:Defend_RS","Runesmith:Defend_RS","Runesmith:CraftFirestone+1","Runesmith:Fortify+1","Runesmith:Reinforce+1","Runesmith:ChaoticBlast","Runesmith:ChiselStab","Runesmith:Attraction","Runesmith:PoweredAnvil","Runesmith:MetallurgicalResearch+1","Runesmith:BackupBattery"],"relics":["Runesmith:BrokenRuby","aspiration:Nostalgia","construct:Cogwheel","Replay:Kaleidoscope","halation:OrihimeAndHikoboshiSamaAndTears","Sundial","Bronze Scales","Runic Pyramid","MerchantsRug","Kunai","StuffTheSpire:HeavyRock"],"acts_visited":["Exordium","Exordium"],"potions_floor_usage":[16,16,16],"damage_taken":[{"damage":1,"enemies":"Jaw Worm","floor":1,"turns":4},{"damage":0,"enemies":"Small Slimes","floor":2,"turns":3},{"damage":0,"enemies":"Replay:BlueRogue","floor":6,"turns":6},{"damage":20,"enemies":"3 Sentries","floor":8,"turns":3},{"damage":0,"enemies":"Cultist","floor":11,"turns":2},{"damage":0,"enemies":"Blue Slaver","floor":14,"turns":2},{"damage":30,"enemies":"Hexaghost","floor":16,"turns":7},{"damage":7,"enemies":"theJungle:GiantWrat","floor":18,"turns":4},{"damage":3,"enemies":"Shell Parasite","floor":20,"turns":4},{"damage":14,"enemies":"theJungle:Cassacara","floor":24,"turns":3},{"damage":21,"enemies":"Snake Plant","floor":25,"turns":1}],"seed_played":"-827791866869813081","potions_obtained":[{"floor":2,"key":"Strength Potion"},{"floor":11,"key":"jedi:StrikingPotion"},{"floor":12,"key":"EntropicBrew"},{"floor":24,"key":"EssenceOfSteel"}],"is_trial":false,"path_per_floor":["M","M","$","?","?","E","R","E","T","R","M","?","?","M","R","B",null,"M","$","M","HB","?","R","E","M"],"character_chosen":"RUNESMITH_CLASS","items_purchased":["MerchantsRug","Kunai"],"campfire_rested":1,"item_purchase_floors":[19,19],"current_hp_per_floor":[69,69,69,70,70,70,70,50,50,50,50,50,36,36,57,27,70,63,63,60,35,35,35,21,0,0],"gold":96,"neow_bonus":"NOSTALGIA","is_daily":false,"chose_seed":false,"campfire_upgraded":3,"win_rate":0.0,"timestamp":1608422541,"path_taken":["M","M","$","?","?","E","R","E","T","R","?","?","?","M","R","BOSS","M","$","M","HB","?","R","E","M"],"items_purchased_type":["Relic","Relic"],"build_version":"2020-12-13","purchased_purges":1,"victory":false,"max_hp_per_floor":[70,70,70,70,70,70,70,70,70,70,70,70,70,70,70,70,70,70,70,70,35,35,35,35,35,35],"card_choices":[{"not_picked":["Runesmith:ShiftingStrike","Runesmith:Grindstone"],"picked":"Runesmith:Reinforce","floor":1},{"not_picked":["Runesmith:Firewall","Runesmith:EnergizedChisel"],"picked":"Runesmith:ChaoticBlast","floor":2},{"not_picked":["Runesmith:StaticCage","Runesmith:HeatExchange"],"picked":"Runesmith:ChiselStab","floor":6},{"not_picked":["Runesmith:HeatExchange","Runesmith:Malloc"],"picked":"Runesmith:Attraction","floor":8},{"not_picked":["Runesmith:ShiftingStrike","Runesmith:HeatedChisel","Runesmith:MakeshiftArmor"],"picked":"SKIP","floor":11},{"not_picked":["Runesmith:RuneHurl","Runesmith:Superposition"],"picked":"Runesmith:PoweredAnvil","floor":12},{"not_picked":["Runesmith:CraftObretio","Runesmith:RuneHurl","Runesmith:Overpower"],"picked":"SKIP","floor":14},{"not_picked":["Runesmith:FissionHammer","Runesmith:Duplicate"],"picked":"Runesmith:MetallurgicalResearch","floor":16},{"not_picked":["Runesmith:Overpower","Runesmith:ChiselStab"],"picked":"Runesmith:BackupBattery","floor":18},{"not_picked":["Runesmith:CraftMagma","Runesmith:Firewall+1","Runesmith:Terraform"],"picked":"SKIP","floor":20},{"not_picked":["Runesmith:Discharge+1","Runesmith:BackupBattery+1","Runesmith:MakeshiftArmor+1"],"picked":"SKIP","floor":24}],"player_experience":97246,"relics_obtained":[{"floor":6,"key":"Replay:Kaleidoscope"},{"floor":8,"key":"halation:OrihimeAndHikoboshiSamaAndTears"},{"floor":9,"key":"Sundial"},{"floor":12,"key":"Bronze Scales"},{"floor":24,"key":"StuffTheSpire:HeavyRock"}],"event_choices":[{"cards_removed":["Runesmith:Defend_RS"],"damage_healed":0,"gold_gain":0,"player_choice":"Card Removal","damage_taken":0,"max_hp_gain":0,"max_hp_loss":0,"event_name":"Wheel of Change","floor":5,"gold_loss":0},{"damage_healed":50,"gold_gain":0,"player_choice":"Upgrade","damage_taken":14,"max_hp_gain":0,"max_hp_loss":70,"event_name":"betterThird:BetterShining","floor":13,"gold_loss":0,"cards_upgraded":["Runesmith:Fortify","Runesmith:Strike_RS"]},{"cards_removed":["Runesmith:MetallurgicalResearch"],"damage_healed":0,"gold_gain":0,"player_choice":"Give","damage_taken":0,"max_hp_gain":0,"max_hp_loss":0,"event_name":"betterNote:BetterNote","floor":22,"gold_loss":0,"cards_obtained":["hierophant:RustyCrate"]}],"is_beta":false,"boss_relics":[{"not_picked":["jedi:battlestandard","aspiration:FutureDiary"],"picked":"Runic Pyramid"}],"items_purged_floors":[19],"is_endless":false,"potions_floor_spawned":[2,11,16,24],"killed_by":"Snake Plant","ascension_level":0}}