{"host":"0kaxg9rjckhp4v2r","time":1608496813,"event":{"mods":["AchievementEnabler","BaseMod","Bestiary","Better Altar","Better Match","Better Note","Better Sensory Stone","Better Silent Start","Better Skull","Better Third Choice","Better-Laid Plans","Colored Powertips","Disable Question Mark Monsters","Emptier Cage","Melee Mod","Minty Spire (QoL Compilation)","Quick Restart","SacredBarkPlus","StSLib","The Marked","The Senshi","TheFirefly","Unceasing Turn Reminder","yUi"],"gold_per_floor":[119,129,147,170,70,70,98,109,157,157,182,194,93,112,112,112,112],"floor_reached":16,"playtime":885,"items_purged":["thefirefly:Strike"],"score":112,"play_id":"b231aea3-5927-4efc-b926-59d6649352d7","local_time":"20201220154013","is_ascension_mode":false,"campfire_choices":[{"data":"thefirefly:AutoTargeting","floor":6,"key":"SMITH"},{"data":"thefirefly:IonizedBarrier","floor":10,"key":"SMITH"},{"data":"thefirefly:LaserMail","floor":15,"key":"SMITH"}],"circlet_count":0,"master_deck":["thefirefly:Strike","thefirefly:Strike","thefirefly:Strike","thefirefly:Defend","thefirefly:Defend","thefirefly:Defend","thefirefly:Defend","thefirefly:StealthMode","thefirefly:PhotonBlast","thefirefly:InterceptingShot","thefirefly:AutoTargeting+1","thefirefly:HyperFocus","thefirefly:ArtillleryBeam","thefirefly:IonizedBarrier+1","thefirefly:DecoyShot","thefirefly:NebulaVeil","thefirefly:EvasiveManeuver","thefirefly:LaserMail+1","thefirefly:CoveringFire","thefirefly:AuroralDischarge"],"relics":["thefirefly:StealthSystem","thefirefly:LongRangeScanner","theSenshi:SailorFukuRelic","Mercury Hourglass","Centennial Puzzle","Strawberry"],"acts_visited":["Exordium"],"potions_floor_usage":[7,11,16],"damage_taken":[{"damage":0,"enemies":"Small Slimes","floor":1,"turns":7},{"damage":0,"enemies":"2 Louse","floor":2,"turns":3},{"damage":0,"enemies":"Jaw Worm","floor":3,"turns":5},{"damage":21,"enemies":"3 Sentries","floor":7,"turns":6},{"damage":0,"enemies":"Lots of Slimes","floor":8,"turns":3},{"damage":23,"enemies":"Gremlin Nob","floor":11,"turns":5},{"damage":2,"enemies":"2 Fungi Beasts","floor":12,"turns":4},{"damage":0,"enemies":"3 Louse","floor":14,"turns":3},{"damage":37,"enemies":"The Guardian","floor":16,"turns":11}],"seed_played":"-4126947565659208703","potions_obtained":[{"floor":2,"key":"Fire Potion"},{"floor":7,"key":"Regen Potion"},{"floor":11,"key":"Ancient Potion"},{"floor":14,"key":"ColorlessPotion"}],"is_trial":false,"path_per_floor":["M","M","M","T","$","R","E","M","T","R","E","M","$","M","R","B"],"character_chosen":"THE_FIREFLY","items_purchased":["thefirefly:ArtillleryBeam","thefirefly:LaserMail","thefirefly:CoveringFire"],"campfire_rested":0,"item_purchase_floors":[5,13,13],"current_hp_per_floor":[55,55,55,55,55,55,34,34,34,34,32,30,30,30,30,0,0],"gold":112,"neow_bonus":"RANDOM_COMMON_RELIC","is_daily":false,"chose_seed":false,"campfire_upgraded":3,"win_rate":0.0,"timestamp":1608496813,"path_taken":["M","?","M","?","?","R","E","M","T","R","E","M","?","M","R","BOSS"],"items_purchased_type":["Card","Card","Card"],"build_version":"2020-12-13","purchased_purges":1,"victory":false,"max_hp_per_floor":[55,55,55,55,55,55,55,55,55,55,62,62,62,62,62,62,62],"card_choices":[{"not_picked":["thefirefly:ArtillleryBeam","thefirefly:LaserBarrage"],"picked":"thefirefly:InterceptingShot","floor":1},{"not_picked":["thefirefly:ErraticMotions","thefirefly:MirrorShield"],"picked":"thefirefly:AutoTargeting","floor":2},{"not_picked":["thefirefly:LifeSupport","thefirefly:Pacify"],"picked":"thefirefly:HyperFocus","floor":3},{"not_picked":["thefirefly:LaserBarrage","thefirefly:Rend"],"picked":"thefirefly:IonizedBarrier","floor":7},{"not_picked":["thefirefly:InterceptingShot","thefirefly:Bombardment"],"picked":"thefirefly:DecoyShot","floor":8},{"not_picked":["thefirefly:StarCinder","thefirefly:StoredPower"],"picked":"thefirefly:NebulaVeil","floor":11},{"not_picked":["thefirefly:LifeSupport","thefirefly:ShieldArray"],"picked":"thefirefly:EvasiveManeuver","floor":12},{"not_picked":["thefirefly:SteadyAim","thefirefly:FlareScreen"],"picked":"thefirefly:AuroralDischarge","floor":14}],"player_experience":293992,"relics_obtained":[{"floor":4,"key":"theSenshi:SailorFukuRelic"},{"floor":7,"key":"Mercury Hourglass"},{"floor":9,"key":"Centennial Puzzle"},{"floor":11,"key":"Strawberry"}],"event_choices":[],"is_beta":false,"boss_relics":[],"items_purged_floors":[5],"is_endless":false,"potions_floor_spawned":[2,7,11,14],"killed_by":"The Guardian","ascension_level":0}}