{"host":"qk1lop5xfvk61pbc","time":1608497871,"event":{"mods":["BaseMod","Colored Map","Minty Spire (QoL Compilation)","Relic Stats","Slay the Relics Exporter","StSLib","everything is the same but u backflip on backflip"],"gold_per_floor":[118,118,37,50,50,90,90,105,151,22,66,87,87,111,111,111,111],"floor_reached":16,"playtime":1601,"items_purged":["Strike_B"],"score":220,"play_id":"90ea471c-263a-4cb4-8936-999d017bc5e4","local_time":"20201220145751","is_ascension_mode":true,"campfire_choices":[{"data":"Buffer","floor":7,"key":"SMITH"},{"data":"Conserve Battery","floor":13,"key":"SMITH"},{"data":"Turbo","floor":15,"key":"SMITH"}],"circlet_count":0,"master_deck":["AscendersBane","Strike_B","Strike_B+1","Defend_B","Defend_B","Defend_B","Zap","Dualcast","Doom and Gloom","Meteor Strike+1","Leap","Melter","White Noise","Buffer+1","Turbo+1","Conserve Battery+1","Creative AI"],"relics":["Cracked Core","Golden Idol","Whetstone","Nunchaku","Smiling Mask"],"acts_visited":["Exordium"],"potions_floor_usage":[8,11,11,16],"damage_taken":[{"damage":4,"enemies":"Jaw Worm","floor":1,"turns":3},{"damage":1,"enemies":"Small Slimes","floor":4,"turns":3},{"damage":26,"enemies":"Lagavulin","floor":6,"turns":6},{"damage":0,"enemies":"2 Louse","floor":8,"turns":3},{"damage":26,"enemies":"Gremlin Nob","floor":11,"turns":5},{"damage":8,"enemies":"Exordium Wildlife","floor":12,"turns":4},{"damage":0,"enemies":"Large Slime","floor":14,"turns":5},{"damage":10,"enemies":"Hexaghost","floor":16,"turns":7}],"seed_played":"-1845578155924587485","potions_obtained":[{"floor":1,"key":"BlessingOfTheForge"},{"floor":6,"key":"GamblersBrew"},{"floor":14,"key":"Fruit Juice"}],"is_trial":false,"path_per_floor":["M","?","$","M","?","E","R","M","T","$","E","M","R","M","R","B"],"character_chosen":"DEFECT","items_purchased":["Melter","FearPotion"],"campfire_rested":0,"item_purchase_floors":[3,10],"current_hp_per_floor":[60,65,65,64,63,37,37,37,37,37,11,3,3,3,3,0,0],"gold":111,"neow_bonus":"TRANSFORM_TWO_CARDS","is_daily":false,"chose_seed":false,"campfire_upgraded":3,"win_rate":0.0,"timestamp":1608497871,"path_taken":["M","?","$","M","?","E","R","M","T","$","E","M","R","M","R","BOSS"],"items_purchased_type":["Card","Potion"],"build_version":"2020-12-13","purchased_purges":1,"victory":false,"max_hp_per_floor":[64,69,69,69,63,63,63,63,63,63,63,63,63,63,63,68,68],"relic_stats":{"Nunchaku":[2],"counters":[8,36],"Golden Idol":29,"Whetstone":["Strike_B","Meteor Strike"],"Smiling Mask":0,"obtain_stats":[{"Nunchaku":9,"Golden Idol":5,"Whetstone":6,"Cracked Core":0,"Smiling Mask":11},{"Nunchaku":4,"Golden Idol":2,"Whetstone":3,"Cracked Core":0,"Smiling Mask":5},{"Nunchaku":15,"Golden Idol":6,"Whetstone":12,"Cracked Core":0,"Smiling Mask":20}]},"card_choices":[{"not_picked":["Double Energy","Glacier","Ball Lightning"],"picked":"SKIP","floor":1},{"not_picked":["Ball Lightning","Hologram","Cold Snap"],"picked":"SKIP","floor":4},{"not_picked":["Blizzard","Doom and Gloom","Beam Cell"],"picked":"SKIP","floor":6},{"not_picked":["Blizzard","Doom and Gloom","Beam Cell"],"picked":"SKIP","floor":6},{"not_picked":["Beam Cell","Redo"],"picked":"Turbo","floor":8},{"not_picked":["Force Field","Steam","Ball Lightning"],"picked":"SKIP","floor":11},{"not_picked":["FTL","Coolheaded"],"picked":"Conserve Battery","floor":12},{"not_picked":["Blizzard","Double Energy"],"picked":"Creative AI","floor":14}],"player_experience":712554,"relics_obtained":[{"floor":6,"key":"Whetstone"},{"floor":9,"key":"Nunchaku"},{"floor":11,"key":"Smiling Mask"}],"event_choices":[{"damage_healed":0,"gold_gain":0,"player_choice":"Donut","damage_taken":0,"max_hp_gain":5,"max_hp_loss":0,"event_name":"Big Fish","floor":2,"gold_loss":0},{"damage_healed":0,"gold_gain":0,"player_choice":"Lose Max HP","damage_taken":0,"relics_obtained":["Golden Idol"],"max_hp_gain":0,"max_hp_loss":6,"event_name":"Golden Idol","floor":5,"gold_loss":0}],"is_beta":false,"boss_relics":[],"items_purged_floors":[10],"is_endless":false,"potions_floor_spawned":[1,6,14],"killed_by":"Hexaghost","ascension_level":20}}