{"host":"kdt6w7ix8lwe69i9","time":1608449045,"event":{"mods":["Bartender","BaseMod","Downfall","Fiend Mod","Jorbs\u0027s Wanderer Trilogy","Minty Spire (QoL Compilation)","Reimu（博丽灵梦）","Robot Space Explorer","StSLib","The Cursed","The Disciple","The Dragon Tamer","The Druid","The Elementalist","The Forsaken","The Gatherer","The Judge","TheBandit"],"gold_per_floor":[114,133,5,5,5,5,5,23,95,123,138,156,168,11,11,111,111,126,154,165,165,18,18,38,38,38,38,56,89,100,114,114,114,114],"floor_reached":33,"playtime":3719,"items_purged":[],"score":269,"play_id":"43a5a4fe-293f-40ea-9b49-c12c9d0a7d62","local_time":"20201220022405","is_ascension_mode":false,"campfire_choices":[{"floor":6,"key":"REST"},{"floor":15,"key":"REST"},{"data":"TheCursedMod:ManaBullet","floor":23,"key":"SMITH"},{"floor":32,"key":"REST"}],"circlet_count":0,"master_deck":["TheCursedMod:Strike_TheCursed","TheCursedMod:Strike_TheCursed","TheCursedMod:Strike_TheCursed","TheCursedMod:Strike_TheCursed","TheCursedMod:Defend_TheCursed","TheCursedMod:Defend_TheCursed","TheCursedMod:Defend_TheCursed","TheCursedMod:Defend_TheCursed","TheCursedMod:CursedWand","TheCursedMod:CleanUpWorkshop","TheCursedMod:Dregs","TheCursedMod:ManaBullet+1","TheCursedMod:Grudge","TheCursedMod:CursedStaff","TheCursedMod:RapidMovement","TheCursedMod:SpitefulPlan","TheCursedMod:CursedShiv","TheCursedMod:WearCloak","TheCursedMod:CircleOfAbyss","TheCursedMod:StingEye","TheCursedMod:NeowsMight","TheCursedMod:Torture","TheCursedMod:VitalStrike","TheCursedMod:SmokeScreen","theForsaken:PlagueCurse","TheCursedMod:Obscuration","TheCursedMod:NeowsMight","TheCursedMod:CursedStaff","TheCursedMod:SpitefulPray","TheCursedMod:CircleOfFlame","TheCursedMod:CircleOfBlood+1","TheCursedMod:ReleasedStrength"],"relics":["TheCursedMod:BlackMagic101","NeowsBlessing","Potion Belt","Bag of Preparation","Strange Spoon","Fiend:Scarf","Red Mask","theForsaken:PlagueMask","TheCursedMod:Tack","Dream Catcher","theForsaken:Lifeblossom"],"acts_visited":["Exordium","TheCity"],"potions_floor_usage":[10,12,16,16,24,28,29,31,33],"damage_taken":[{"damage":0,"enemies":"Cultist","floor":1,"turns":1},{"damage":0,"enemies":"Small Slimes","floor":2,"turns":1},{"damage":0,"enemies":"Jaw Worm","floor":8,"turns":1},{"damage":61,"enemies":"Lagavulin","floor":10,"turns":9},{"damage":8,"enemies":"Exordium Wildlife","floor":11,"turns":5},{"damage":1,"enemies":"2 Fungi Beasts","floor":12,"turns":3},{"damage":0,"enemies":"Blue Slaver","floor":13,"turns":5},{"damage":12,"enemies":"Slime Boss","floor":16,"turns":7},{"damage":0,"enemies":"Shell Parasite","floor":18,"turns":4},{"damage":8,"enemies":"Masked Bandits","floor":19,"turns":6},{"damage":0,"enemies":"2 Thieves","floor":20,"turns":3},{"damage":9,"enemies":"3 Cultists","floor":24,"turns":3},{"damage":11,"enemies":"Centurion and Healer","floor":28,"turns":8},{"damage":8,"enemies":"Slavers","floor":29,"turns":3},{"damage":0,"enemies":"Snecko","floor":30,"turns":5},{"damage":15,"enemies":"Snake Plant","floor":31,"turns":4},{"damage":63,"enemies":"Champ","floor":33,"turns":10}],"seed_played":"401795373370862098","potions_obtained":[{"floor":1,"key":"champ:CounterPotion"},{"floor":11,"key":"Weak Potion"},{"floor":12,"key":"DuplicationPotion"},{"floor":13,"key":"sneckomod:MuddlingPotion"},{"floor":19,"key":"DistilledChaos"},{"floor":20,"key":"Swift Potion"},{"floor":28,"key":"Slimebound:ThreeZeroPotion"},{"floor":30,"key":"ZuzhouPotion:ReiMu"},{"floor":31,"key":"SpeedPotion"}],"is_trial":false,"path_per_floor":["M","M","$","?","?","R","$","M","T","E","M","M","M","$","R","B",null,"M","?","M","?","$","R","M","?","T","?","M","E","M","M","R","B"],"character_chosen":"THE_CURSED","items_purchased":["TheCursedMod:CursedStaff","TheCursedMod:RapidMovement","Strange Spoon","TheCursedMod:Tack"],"campfire_rested":3,"item_purchase_floors":[3,3,14,22],"current_hp_per_floor":[75,75,75,68,68,75,75,75,75,14,6,5,5,5,27,15,75,75,67,67,67,67,67,58,44,44,44,33,25,31,22,46,0,0],"gold":114,"neow_bonus":"THREE_ENEMY_KILL","is_daily":false,"chose_seed":false,"campfire_upgraded":1,"win_rate":0.0,"timestamp":1608449045,"path_taken":["M","M","$","?","?","R","$","M","T","E","M","?","M","$","R","BOSS","M","?","M","?","?","R","?","?","T","?","M","E","M","?","R","BOSS"],"items_purchased_type":["Card","Card","Relic","Relic"],"build_version":"2020-12-13","purchased_purges":0,"victory":false,"max_hp_per_floor":[75,75,75,75,75,75,75,75,75,75,75,75,75,75,75,75,75,75,75,75,75,75,75,75,80,80,80,80,80,80,80,80,80,80],"card_choices":[{"not_picked":["TheCursedMod:CursedBlade","TheCursedMod:BlessingInDisguise"],"picked":"TheCursedMod:ManaBullet","floor":1},{"not_picked":["TheCursedMod:SaltUponWound","TheCursedMod:FleshFromBone"],"picked":"TheCursedMod:Grudge","floor":2},{"not_picked":["TheCursedMod:CircleOfBlood","TheCursedMod:WearCloak"],"picked":"TheCursedMod:SpitefulPlan","floor":8},{"not_picked":["TheCursedMod:RapidMovement","TheCursedMod:Stretching"],"picked":"TheCursedMod:CursedShiv","floor":10},{"not_picked":["TheCursedMod:CursedShiv","TheCursedMod:Stretching"],"picked":"TheCursedMod:WearCloak","floor":11},{"not_picked":["TheCursedMod:SurpriseAttack","TheCursedMod:RavingStaff"],"picked":"TheCursedMod:CircleOfAbyss","floor":12},{"not_picked":["TheCursedMod:Stretching","TheCursedMod:SpitefulStrike"],"picked":"TheCursedMod:StingEye","floor":13},{"not_picked":["TheCursedMod:ParallelWorld","TheCursedMod:StunningStrike"],"picked":"TheCursedMod:NeowsMight","floor":16},{"not_picked":["TheCursedMod:Obscuration+1","TheCursedMod:VitalStrike"],"picked":"TheCursedMod:Torture","floor":18},{"not_picked":["TheCursedMod:StingEye","TheCursedMod:RavingStaff+1"],"picked":"TheCursedMod:VitalStrike","floor":19},{"not_picked":["TheCursedMod:WearCloak","TheCursedMod:RavingStaff"],"picked":"TheCursedMod:SmokeScreen","floor":20},{"not_picked":["TheCursedMod:RavingStaff+1","TheCursedMod:Wield"],"picked":"TheCursedMod:Obscuration","floor":24},{"not_picked":["TheCursedMod:Stretching+1","TheCursedMod:TacticalStrike"],"picked":"TheCursedMod:CursedStaff","floor":28},{"not_picked":["TheCursedMod:Wield","TheCursedMod:CursedArmor"],"picked":"TheCursedMod:SpitefulPray","floor":29},{"not_picked":["TheCursedMod:SaltUponWound","TheCursedMod:Obscuration+1"],"picked":"TheCursedMod:CircleOfFlame","floor":30},{"not_picked":["TheCursedMod:FuryStrike+1","TheCursedMod:AbyssShockwave"],"picked":"TheCursedMod:CircleOfBlood+1","floor":31},{"not_picked":["TheCursedMod:VitalStrike+1","TheCursedMod:ManaBullet+1"],"picked":"TheCursedMod:ReleasedStrength","floor":32}],"player_experience":1546424,"relics_obtained":[{"floor":10,"key":"Bag of Preparation"},{"floor":19,"key":"Red Mask"},{"floor":26,"key":"Dream Catcher"},{"floor":29,"key":"theForsaken:Lifeblossom"}],"event_choices":[{"damage_healed":0,"gold_gain":0,"player_choice":"Success","damage_taken":7,"relics_obtained":["Potion Belt"],"max_hp_gain":0,"max_hp_loss":0,"event_name":"Scrap Ooze","floor":4,"gold_loss":0},{"damage_healed":0,"gold_gain":0,"player_choice":"Ignored","damage_taken":0,"max_hp_gain":0,"max_hp_loss":0,"event_name":"NoteForYourself","floor":5,"gold_loss":0},{"damage_healed":0,"gold_gain":0,"player_choice":"Fought Bandits","damage_taken":0,"max_hp_gain":0,"max_hp_loss":0,"event_name":"Masked Bandits","floor":19,"gold_loss":0},{"damage_healed":0,"gold_gain":0,"player_choice":"Obtain Plague Curse","damage_taken":0,"max_hp_gain":0,"max_hp_loss":0,"event_name":"Plague Doctor","floor":21,"gold_loss":0,"cards_obtained":["theForsaken:PlagueCurse"]},{"damage_healed":0,"gold_gain":0,"player_choice":"Shed Blood","damage_taken":19,"max_hp_gain":5,"max_hp_loss":0,"event_name":"Forgotten Altar","floor":25,"gold_loss":0},{"damage_healed":0,"gold_gain":0,"player_choice":"Copied","damage_taken":0,"max_hp_gain":0,"max_hp_loss":0,"event_name":"Duplicator","floor":27,"gold_loss":0,"cards_obtained":["TheCursedMod:NeowsMight"]}],"is_beta":false,"boss_relics":[{"not_picked":["Velvet Choker","Coffee Dripper"],"picked":"Fiend:Scarf"}],"items_purged_floors":[],"is_endless":false,"potions_floor_spawned":[1,11,12,13,19,20,28,30,31],"killed_by":"Champ","ascension_level":0}}