{"host":"k5dhp0bkccqfauyu","time":1608462967,"event":{"mods":["BaseMod","Better Note","Better Skull","Better Vampires","Colored Map","Colored Powertips","DeckTracker","Minty Spire (QoL Compilation)","Permanent Neow","StSLib","SuperFastMode"],"gold_per_floor":[114,114,134,6,19,53,71,71,71,71,90,90,90],"floor_reached":12,"playtime":466,"items_purged":["Regret"],"score":160,"play_id":"61c77015-ec05-4434-b9e1-26fa511eeeef","local_time":"20201220221607","is_ascension_mode":true,"campfire_choices":[{"data":"Body Slam","floor":10,"key":"SMITH"}],"circlet_count":0,"master_deck":["AscendersBane","Strike_R","Strike_R","Strike_R","Strike_R","Strike_R","Defend_R","Defend_R","Defend_R","Defend_R","Bash","Sentinel","Hemokinesis+1","True Grit","Feel No Pain","Body Slam+1","Entrench","Feel No Pain"],"relics":["Burning Blood","Boot","White Beast Statue","Happy Flower"],"acts_visited":["Exordium"],"potions_floor_usage":[11,12],"damage_taken":[{"damage":9.0,"enemies":"2 Louse","floor":1.0,"turns":3.0},{"damage":12.0,"enemies":"Small Slimes","floor":3.0,"turns":5.0},{"damage":14.0,"enemies":"Jaw Worm","floor":5.0,"turns":3.0},{"damage":6.0,"enemies":"Gremlin Nob","floor":6.0,"turns":3.0},{"damage":9.0,"enemies":"Blue Slaver","floor":7.0,"turns":6.0},{"damage":27,"enemies":"Exordium Thugs","floor":11,"turns":6},{"damage":45,"enemies":"Lagavulin","floor":12,"turns":7}],"seed_played":"-5162028011696426366","potions_obtained":[{"floor":0.0,"key":"EntropicBrew"},{"floor":7,"key":"Energy Potion"},{"floor":11,"key":"DistilledChaos"}],"is_trial":false,"path_per_floor":["M","?","M","$","M","E","M","?","T","R","M","E"],"character_chosen":"IRONCLAD","items_purchased":["True Grit"],"campfire_rested":0,"item_purchase_floors":[4],"current_hp_per_floor":[65,65,59,59,51,51,48,48,48,48,27,0,0],"gold":90,"neow_bonus":"THREE_SMALL_POTIONS","is_daily":false,"chose_seed":false,"campfire_upgraded":1,"win_rate":0.0,"timestamp":1608462967,"path_taken":["M","?","M","$","M","E","M","?","T","R","M","E"],"items_purchased_type":["Card"],"build_version":"2020-12-13","purchased_purges":1,"victory":false,"max_hp_per_floor":[75,75,75,75,75,75,75,75,75,75,75,75,75],"card_choices":[{"not_picked":["Clash","True Grit"],"picked":"Sentinel","floor":1.0},{"not_picked":["Warcry","Thunderclap"],"picked":"Hemokinesis","floor":3.0},{"not_picked":["Infernal Blade","Searing Blow"],"picked":"Feel No Pain","floor":5.0},{"not_picked":["Iron Wave","Infernal Blade"],"picked":"Body Slam","floor":6.0},{"not_picked":["Heavy Blade","Dual Wield"],"picked":"Entrench","floor":7},{"not_picked":["Iron Wave","True Grit"],"picked":"Feel No Pain","floor":11}],"player_experience":1796550,"relics_obtained":[{"floor":6.0,"key":"White Beast Statue"},{"floor":9,"key":"Happy Flower"}],"event_choices":[{"damage_healed":0.0,"max_hp_gain":0.0,"max_hp_loss":0.0,"gold_gain":0.0,"event_name":"Big Fish","player_choice":"Box","floor":2.0,"gold_loss":0.0,"damage_taken":0.0,"relics_obtained":["Boot"],"cards_obtained":["Regret"]},{"damage_healed":0,"gold_gain":0,"player_choice":"Grow","damage_taken":0,"max_hp_gain":0,"max_hp_loss":0,"event_name":"Living Wall","floor":8,"gold_loss":0,"cards_upgraded":["Hemokinesis"]}],"is_beta":false,"boss_relics":[],"items_purged_floors":[4],"is_endless":false,"potions_floor_spawned":[1,7,11],"killed_by":"Lagavulin","ascension_level":20}}