{"host":"l2dnabsh5e0fsksb","time":1608454103,"event":{"mods":["2.2 Compatiblity","BaseMod","Downfall","Minty Spire (QoL Compilation)","Quick Restart","StSLib"],"gold_per_floor":[99,130,130,162,162,87,136,136,136,136,136],"floor_reached":10,"playtime":110,"items_purged":[],"score":222,"play_id":"721ef3c9-e1ff-4b3c-82b0-9a9ca899e5b9","local_time":"20201220191823","is_ascension_mode":true,"campfire_choices":[{"floor":1,"key":"RECALL"},{"data":"Slimebound:SplitAcid","floor":6,"key":"SMITH"},{"data":"Slimebound:Tackle","floor":9,"key":"SMITH"}],"circlet_count":0,"master_deck":["AscendersBane","Slimebound:Strike_Slimebound","Slimebound:Strike_Slimebound","Slimebound:Strike_Slimebound","Slimebound:Tackle+1","Slimebound:Defend_Slimebound+1","Slimebound:Defend_Slimebound+1","Slimebound:Defend_Slimebound","Slimebound:Defend_Slimebound","Slimebound:Split+1","Slimebound:CorrosiveSpit+1","Slimebound:SplitAcid+1","Slimebound:SamplingLick+1","Regret","Regret"],"relics":["Slimebound:AbsorbEndCombat","downfall:HeartsMalice","Blood Vial","War Paint","downfall:HeartBlessingRed","Anchor","Eternal Feather"],"acts_visited":["Exordium"],"potions_floor_usage":[],"damage_taken":[{"damage":0,"enemies":"Gremlin Nob","floor":2,"turns":1},{"damage":0,"enemies":"2 Louse","floor":3,"turns":1},{"damage":0,"enemies":"3 Sentries","floor":4,"turns":1},{"damage":86,"enemies":"Gremlin Nob","floor":10,"turns":4}],"seed_played":"-8416336042301129147","potions_obtained":[],"is_trial":false,"path_per_floor":["R","E","M","E","?","R","T","?","R","E"],"character_chosen":"SLIMEBOUND","items_purchased":[],"campfire_rested":0,"item_purchase_floors":[],"current_hp_per_floor":[49,49,51,53,53,53,53,53,54,0,0],"gold":136,"neow_bonus":"THREE_ENEMY_KILL","is_daily":false,"chose_seed":false,"campfire_upgraded":2,"win_rate":0.0,"timestamp":1608454103,"path_taken":["R","E","M","E","?","R","T","?","R","E"],"items_purchased_type":[],"build_version":"2020-12-13","purchased_purges":0,"victory":false,"max_hp_per_floor":[54,54,54,54,54,54,54,54,54,54,54],"card_choices":[{"not_picked":["Slimebound:ComboTackle","Slimebound:GrowthPunch"],"picked":"Slimebound:SplitAcid","floor":2},{"not_picked":["Slimebound:Schlurp","Slimebound:ProtectTheBoss"],"picked":"Slimebound:SamplingLick","floor":3},{"not_picked":["Slimebound:FinishingTackle","Slimebound:DisruptingSlam","Slimebound:FlameTackle"],"picked":"SKIP","floor":4}],"player_experience":1695562,"relics_obtained":[{"floor":2,"key":"Blood Vial"},{"floor":4,"key":"War Paint"},{"floor":7,"key":"Anchor"}],"event_choices":[{"damage_healed":0,"gold_gain":0,"player_choice":"Box","damage_taken":0,"relics_obtained":["Eternal Feather"],"max_hp_gain":0,"max_hp_loss":0,"event_name":"Big Fish","floor":8,"gold_loss":0,"cards_obtained":["Regret"]}],"is_beta":false,"boss_relics":[],"items_purged_floors":[],"is_endless":false,"potions_floor_spawned":[],"killed_by":"Gremlin Nob","ascension_level":17}}