{"host":"xyexbe31ku0ov20l","time":1608454713,"event":{"mods":["AchievementEnabler","AlwaysNeverKeys","BaseMod","Bestiary","Block Reminder","Colored Map","Colored Powertips","Curses Come First","Displayed Cursed Tome","Minty Spire (QoL Compilation)","Permanent Neow","Quick Restart","Random Character Button","Rare Cards Sparkle","Relic Stats","StSLib"],"gold_per_floor":[115,115,115,127,142,142,142,142,142,142,181,181,201,485,485,565,565,594,78,78,78],"floor_reached":20,"playtime":732,"items_purged":["Regret"],"score":340,"play_id":"d4944b9c-47bf-4682-92ea-c7fc1a756ea3","local_time":"20201220005833","is_ascension_mode":true,"campfire_choices":[{"data":"Neutralize","floor":6,"key":"SMITH"},{"floor":10,"key":"REST"},{"data":"Poisoned Stab","floor":12,"key":"SMITH"},{"floor":15,"key":"REST"}],"circlet_count":0,"master_deck":["AscendersBane","Strike_G","Strike_G","Defend_G","Defend_G","Defend_G","Defend_G","Survivor","Neutralize+1","PiercingWail+1","Glass Knife+1","Deflect+1","Quick Slash","Sucker Punch","Poisoned Stab+1","Flying Knee","Quick Slash","After Image","Outmaneuver"],"relics":["Astrolabe","WarpedTongs","Toy Ornithopter","Bag of Preparation","CeramicFish","WristBlade","ClockworkSouvenir","Kunai"],"acts_visited":["Exordium","TheCity"],"potions_floor_usage":[11,16],"damage_taken":[{"damage":1,"enemies":"2 Louse","floor":1,"turns":4},{"damage":3,"enemies":"Jaw Worm","floor":4,"turns":4},{"damage":2,"enemies":"Cultist","floor":5,"turns":3},{"damage":19,"enemies":"Gremlin Nob","floor":11,"turns":4},{"damage":0,"enemies":"3 Louse","floor":13,"turns":4},{"damage":24,"enemies":"The Guardian","floor":16,"turns":13},{"damage":33,"enemies":"Chosen","floor":18,"turns":6},{"damage":25,"enemies":"3 Byrds","floor":20,"turns":3}],"seed_played":"-7732039713348205124","potions_obtained":[{"floor":5,"key":"PowerPotion"},{"floor":11,"key":"SteroidPotion"},{"floor":18,"key":"Strength Potion"}],"is_trial":false,"path_per_floor":["M","?","?","M","M","R","?","?","T","R","E","R","M","?","R","B",null,"M","$","M"],"character_chosen":"THE_SILENT","items_purchased":["ClockworkSouvenir","Kunai"],"campfire_rested":2,"item_purchase_floors":[19,19],"current_hp_per_floor":[58,51,51,48,46,46,20,20,20,39,25,25,25,25,44,25,56,23,23,0,0],"gold":78,"neow_bonus":"BOSS_RELIC","is_daily":false,"chose_seed":false,"campfire_upgraded":2,"win_rate":0.0,"timestamp":1608454713,"path_taken":["M","?","?","?","M","R","?","?","T","R","E","R","?","?","R","BOSS","M","$","M"],"items_purchased_type":["Relic","Relic"],"build_version":"2020-12-13","purchased_purges":1,"victory":false,"max_hp_per_floor":[66,66,66,66,66,66,66,66,66,66,66,66,66,66,66,66,66,66,66,66,66],"relic_stats":{"counters":[8,41],"Astrolabe":["PiercingWail","Glass Knife","Deflect"],"CeramicFish":45,"Bag of Preparation":[10],"Kunai":[1],"obtain_stats":[{"WristBlade":17,"Astrolabe":0,"CeramicFish":11,"Bag of Preparation":9,"Kunai":19,"Toy Ornithopter":7,"Ring of the Snake":0,"WarpedTongs":3,"ClockworkSouvenir":19},{"WristBlade":6,"Astrolabe":0,"CeramicFish":4,"Bag of Preparation":3,"Kunai":7,"Toy Ornithopter":3,"Ring of the Snake":0,"WarpedTongs":1,"ClockworkSouvenir":7},{"WristBlade":32,"Astrolabe":0,"CeramicFish":15,"Bag of Preparation":11,"Kunai":38,"Toy Ornithopter":11,"Ring of the Snake":0,"WarpedTongs":4,"ClockworkSouvenir":38}],"Toy Ornithopter":10,"WarpedTongs":[33]},"card_choices":[{"not_picked":["Well Laid Plans","PiercingWail"],"picked":"Quick Slash","floor":1},{"not_picked":["Skewer","Deflect"],"picked":"Sucker Punch","floor":4},{"not_picked":["Tactician","Deflect"],"picked":"Poisoned Stab","floor":5},{"not_picked":["Quick Slash","Bane"],"picked":"Flying Knee","floor":11},{"not_picked":["Sucker Punch","PiercingWail"],"picked":"Quick Slash","floor":13},{"not_picked":["Grand Finale","Storm of Steel"],"picked":"After Image","floor":16},{"not_picked":["Reflex","Dagger Spray"],"picked":"Outmaneuver","floor":18}],"player_experience":2234924,"relics_obtained":[{"floor":9,"key":"Bag of Preparation"},{"floor":11,"key":"CeramicFish"}],"event_choices":[{"cards_removed":["Defend_G"],"damage_healed":0,"gold_gain":0,"player_choice":"Card Removal","damage_taken":7,"max_hp_gain":0,"max_hp_loss":0,"event_name":"Golden Wing","floor":2,"gold_loss":0},{"damage_healed":0,"gold_gain":0,"player_choice":"Rummage","damage_taken":0,"relics_obtained":["WarpedTongs"],"max_hp_gain":0,"max_hp_loss":0,"event_name":"Accursed Blacksmith","floor":3,"gold_loss":0,"cards_obtained":["Pain"]},{"damage_healed":0,"gold_gain":0,"player_choice":"Success","damage_taken":26,"relics_obtained":["Toy Ornithopter"],"max_hp_gain":0,"max_hp_loss":0,"event_name":"Scrap Ooze","floor":7,"gold_loss":0},{"cards_removed":["Pain"],"damage_healed":0,"gold_gain":0,"player_choice":"Purged","damage_taken":0,"max_hp_gain":0,"max_hp_loss":0,"event_name":"Purifier","floor":8,"gold_loss":0},{"damage_healed":0,"gold_gain":275,"player_choice":"Desecrate","damage_taken":0,"max_hp_gain":0,"max_hp_loss":0,"event_name":"Golden Shrine","floor":14,"gold_loss":0,"cards_obtained":["Regret"]}],"is_beta":false,"boss_relics":[{"not_picked":["Sozu","Velvet Choker"],"picked":"WristBlade"}],"items_purged_floors":[19],"is_endless":false,"potions_floor_spawned":[5,11,18],"killed_by":"3 Byrds","ascension_level":20}}