{"host":"aunmuzt9j70r7vun","time":1608482862,"event":{"mods":["BaseMod","Better Altar","Better Third Choice","BetterRewards","Clockwork Mod","Curses Come First","Downfall","Infinite Spire","LagranYue(???·?)","Mad Scientist","Marisa????????","Minty Spire (QoL Compilation)","Rare Cards Sparkle","Relic Sorter","Say the Spire","Shop Mod","Spicy Shops","StSLib","The Cursed","The Disciple","The Edgeheg","The Mystic","The Servant 0.9.4"],"gold_per_floor":[12,12,32,43,59,59,78,107,134,6,6,18,18,29,29,29,29],"floor_reached":16,"playtime":973,"items_purged":[],"score":104,"play_id":"385da2f3-4751-477d-b65b-3d49f1b66334","local_time":"20201220124742","is_ascension_mode":false,"campfire_choices":[{"floor":6,"key":"DIG"},{"data":"Defragment","floor":11,"key":"SMITH"},{"floor":13,"key":"REST"},{"floor":15,"key":"DIG"}],"circlet_count":0,"master_deck":["Strike_B","Strike_B","Strike_B","Strike_B","Defend_B","Defend_B","Defend_B","Defend_B","Zap","Dualcast","Defragment+1","Reboot","Self Repair"],"relics":["Cracked Core","LagranYue:RandomDrawCardRelic","Shovel","Ornamental Fan","Bag of Marbles","Anchor","Strawberry"],"acts_visited":["Exordium"],"potions_floor_usage":[4,7,8,12,16],"damage_taken":[{"damage":1,"enemies":"Jaw Worm","floor":1,"turns":3},{"damage":1,"enemies":"infinitespire:Voidling","floor":3,"turns":3},{"damage":1,"enemies":"Cultist","floor":4,"turns":3},{"damage":6,"enemies":"Red Slaver","floor":5,"turns":3},{"damage":2,"enemies":"Looter","floor":7,"turns":4},{"damage":25,"enemies":"Gremlin Nob","floor":8,"turns":4},{"damage":29,"enemies":"Lots of Slimes","floor":12,"turns":5},{"damage":16,"enemies":"Exordium Thugs","floor":14,"turns":5},{"damage":54,"enemies":"Slime Boss","floor":16,"turns":9}],"seed_played":"-6192949155077620534","potions_obtained":[{"floor":2,"key":"PotionOfCapacity"},{"floor":2,"key":"LiquidBronze"},{"floor":2,"key":"Explosive Potion"},{"floor":5,"key":"BlessingOfTheForge"},{"floor":8,"key":"Fruit Juice"}],"is_trial":false,"path_per_floor":["M","?","M","M","M","R","M","E","T","$","R","M","R","M","R","B"],"character_chosen":"DEFECT","items_purchased":["Self Repair","Regen Potion"],"campfire_rested":1,"item_purchase_floors":[10,10],"current_hp_per_floor":[74,74,73,72,66,66,64,39,39,39,39,22,46,37,44,5,5],"gold":29,"neow_bonus":"ONE_RARE_RELIC","is_daily":false,"chose_seed":false,"campfire_upgraded":1,"win_rate":0.0,"timestamp":1608482862,"path_taken":["M","?","M","M","?","R","M","E","T","?","R","M","R","?","R","BOSS"],"items_purchased_type":["Card","Potion"],"build_version":"2020-12-13","purchased_purges":0,"victory":false,"max_hp_per_floor":[75,75,75,75,75,75,75,75,75,75,75,80,80,80,87,87,87],"card_choices":[{"not_picked":["Go for the Eyes","Compile Driver","Cold Snap"],"picked":"SKIP","floor":1},{"not_picked":["Barrage","Static Discharge"],"picked":"Defragment","floor":3},{"not_picked":["Sweeping Beam","Fusion"],"picked":"Reboot","floor":4},{"not_picked":["Sweeping Beam","Turbo","Barrage"],"picked":"SKIP","floor":5},{"not_picked":["Streamline","Sweeping Beam","Beam Cell"],"picked":"SKIP","floor":7},{"not_picked":["Hologram","Rip and Tear","Coolheaded"],"picked":"SKIP","floor":8},{"not_picked":["Fusion","Compile Driver","Reinforced Body"],"picked":"SKIP","floor":12},{"not_picked":["Redo","Coolheaded","Rebound"],"picked":"SKIP","floor":14}],"player_experience":748218,"relics_obtained":[{"floor":6,"key":"Ornamental Fan"},{"floor":8,"key":"Bag of Marbles"},{"floor":9,"key":"Anchor"},{"floor":15,"key":"Strawberry"}],"event_choices":[{"damage_healed":0,"gold_gain":0,"player_choice":"Got Potions","damage_taken":0,"max_hp_gain":0,"max_hp_loss":0,"event_name":"Lab","floor":2,"gold_loss":0}],"is_beta":false,"boss_relics":[],"items_purged_floors":[],"is_endless":false,"potions_floor_spawned":[3,5,8],"killed_by":"Slime Boss","ascension_level":0}}