{"host":"a5e2zwd8c2ad7the","time":1608433075,"event":{"mods":["BaseMod","Colored Map","Colored Powertips","Highlight Path","Minty Spire (QoL Compilation)","Quick Restart","Rare Cards Sparkle","Replay The Spire","StSLib"],"gold_per_floor":[126,155,223,250,250,250,287,287,313,264,291,330,73,107,107,219,246,165,165,182,90,101,142,142,167,167,167,208,30,55,78,78,181,181,201,211,21,35,60,89,113,147,147,156,165,165,176,202,202,202],"floor_reached":51,"playtime":2150,"items_purged":["Decay","Underhanded Strike"],"score":760,"play_id":"58f5a8ee-72d9-488c-b3d1-5b95fa08d1c1","local_time":"20201220105755","is_ascension_mode":false,"campfire_choices":[{"data":"Neutralize","floor":6.0,"key":"SMITH"},{"data":"Backstab","floor":8.0,"key":"SMITH"},{"floor":15.0,"key":"REST"},{"floor":24.0,"key":"REST"},{"floor":27.0,"key":"REST"},{"floor":32.0,"key":"REST"},{"data":"Mayhem","floor":46,"key":"SMITH"},{"data":"Accuracy","floor":49,"key":"SMITH"}],"circlet_count":0,"master_deck":["Strike_G+1","Strike_G+1","Strike_G+1","Strike_G+1","Strike_G+1","Defend_G+1","Defend_G+1","Defend_G+1","Defend_G+1","Defend_G+1","Survivor","Neutralize+1","Backstab+1","Backstab","Blade Dance","Blade Dance","Blade Dance","Noxious Fumes+1","Accuracy","Infinite Blades","Choke","Envenom","Clumsy","Terror","Cloak And Dagger","Adrenaline","ReplayTheSpireMod:Shiv Toss+1","Metamorphosis","ReplayTheSpireMod:Scrap Shanks+1","Accuracy+1","Hidden Blade+1","Prepared+1","Envenom","Accuracy","Mayhem+1","Hidden Blade"],"relics":["Ring of the Snake","CeramicFish","Quantum Egg","Smiling Mask","Replay:Wax Seal","Juzu Bracelet","ReplayTheSpireMod:Ninjato","PreservedInsect","Replay:Ancient Bell","Snake Skull","Pantograph","Ginger","Bag of Preparation","Tiny Chest","Iron Hammer","Mummified Hand","Toy Ornithopter","WristBlade","Nunchaku","Replay:Bottled Steam","Pear"],"acts_visited":["Exordium","TheCity","TheBeyond"],"potions_floor_usage":[50],"damage_taken":[{"damage":2.0,"enemies":"2 Louse","floor":1.0,"turns":3.0},{"damage":2.0,"enemies":"Small Slimes","floor":2.0,"turns":3.0},{"damage":1.0,"enemies":"Jaw Worm","floor":4.0,"turns":2.0},{"damage":8.0,"enemies":"3 Sentries","floor":7.0,"turns":5.0},{"damage":0.0,"enemies":"Lots of Slimes","floor":11.0,"turns":3.0},{"damage":26.0,"enemies":"Lagavulin","floor":12.0,"turns":4.0},{"damage":0.0,"enemies":"Gremlin Nob","floor":14.0,"turns":2.0},{"damage":20.0,"enemies":"Fading Forest","floor":16.0,"turns":11.0},{"damage":10.0,"enemies":"Shell Parasite","floor":18.0,"turns":3.0},{"damage":4.0,"enemies":"Chosen","floor":20.0,"turns":3.0},{"damage":9.0,"enemies":"Snake Plant","floor":22.0,"turns":3.0},{"damage":31.0,"enemies":"Book of Stabbing","floor":23.0,"turns":4.0},{"damage":17.0,"enemies":"Replay:Snechameleon","floor":25.0,"turns":4.0},{"damage":18.0,"enemies":"Gremlin Leader","floor":28.0,"turns":3.0},{"damage":0.0,"enemies":"3 Cultists","floor":30.0,"turns":3.0},{"damage":13.0,"enemies":"Champ","floor":33.0,"turns":4.0},{"damage":0.0,"enemies":"Orb Walker","floor":35.0,"turns":2.0},{"damage":0.0,"enemies":"3 Darklings","floor":36.0,"turns":3.0},{"damage":0.0,"enemies":"Jaw Worm Horde","floor":38.0,"turns":1.0},{"damage":0.0,"enemies":"Maw","floor":39.0,"turns":2.0},{"damage":10.0,"enemies":"R_Hoarder","floor":40.0,"turns":3.0},{"damage":0.0,"enemies":"Transient","floor":41.0,"turns":5.0},{"damage":2.0,"enemies":"Nemesis","floor":42.0,"turns":3.0},{"damage":0,"enemies":"Jaw Worm Horde","floor":47,"turns":1},{"damage":16,"enemies":"Spire Growth","floor":48,"turns":3},{"damage":28,"enemies":"Replay:Hell Engine","floor":50,"turns":3}],"seed_played":"4861935639439828538","potions_obtained":[{"floor":2.0,"key":"LiquidBronze"},{"floor":3.0,"key":"BlessingOfTheForge"},{"floor":11.0,"key":"SkillPotion"},{"floor":30.0,"key":"Adrenaline Potion"},{"floor":33.0,"key":"LiquidBronze"},{"floor":35.0,"key":"Fire Potion"},{"floor":38.0,"key":"DuplicationPotion"}],"is_trial":false,"path_per_floor":["M","M","?","M","?","R","E","R","T","$","M","E","$","E","R","B",null,"M","?","M","$","M","E","R","E","T","R","E","$","M","T","R","B",null,"M","M","$","M","M","E","M","E","T","?","?","R","M","M","R","B",null],"character_chosen":"THE_SILENT","items_purchased":["Noxious Fumes+1","ReplayTheSpireMod:Ninjato","Cloak And Dagger","Metamorphosis","Accuracy","GamblersBrew"],"campfire_rested":4,"item_purchase_floors":[10,13,21,29,37,37],"current_hp_per_floor":[68,66,49,48,48,48,40,40,40,40,40,14,14,14,35,25,70,60,60,56,56,47,16,37,20,20,41,23,23,23,23,44,62,70,70,70,70,70,70,60,60,58,68,68,68,68,68,52,52,54],"gold":202,"neow_bonus":"RANDOM_COMMON_RELIC","is_daily":false,"chose_seed":false,"campfire_upgraded":4,"win_rate":0.0,"timestamp":1608433075,"path_taken":["M","M","?","M","?","R","E","R","T","$","?","E","$","E","R","BOSS","M","?","M","$","M","E","R","E","T","R","E","$","M","?","R","BOSS","M","M","$","M","M","E","M","E","T","?","?","R","M","M","R","BOSS"],"items_purchased_type":["Card","Relic","Card","Card","Card","Potion"],"build_version":"2020-12-13","purchased_purges":2,"victory":true,"max_hp_per_floor":[70,70,70,70,70,70,70,70,70,70,70,70,70,70,70,70,70,70,70,70,70,70,70,70,70,70,70,70,70,70,70,70,70,70,70,70,70,70,70,70,70,70,80,80,80,80,80,80,80,80],"card_choices":[{"not_picked":["Slice","Dagger Spray"],"picked":"Backstab","floor":1.0},{"not_picked":["Poisoned Stab","Deadly Poison"],"picked":"Backstab","floor":2.0},{"not_picked":["Dodge and Roll","Catalyst"],"picked":"Blade Dance","floor":3.0},{"not_picked":["Dagger Spray","Backflip"],"picked":"Blade Dance","floor":4.0},{"not_picked":["Doppelganger","Dodge and Roll"],"picked":"Blade Dance","floor":7.0},{"not_picked":["Dagger Throw","Dodge and Roll"],"picked":"Accuracy","floor":11.0},{"not_picked":["Prepared","Replay:Poison Smokescreen"],"picked":"Infinite Blades","floor":12.0},{"not_picked":["Underhanded Strike","Tactician"],"picked":"Choke","floor":14.0},{"not_picked":["Replay:Bag of Tricks","Die Die Die"],"picked":"Envenom","floor":16.0},{"not_picked":["Parasite","ReplayTheSpireMod:Restless Dread"],"picked":"Decay","floor":17.0},{"not_picked":["Doubt","Amnesia"],"picked":"ReplayTheSpireMod:IOU","floor":17.0},{"not_picked":["Looming Evil","AbeCurse"],"picked":"Clumsy","floor":17.0},{"not_picked":["Deflect","Sucker Punch"],"picked":"Terror","floor":18.0},{"not_picked":["Flying Knee","Prepared","ReplayTheSpireMod:The Works"],"picked":"SKIP","floor":20.0},{"not_picked":["Acrobatics","Expertise","PiercingWail"],"picked":"SKIP","floor":22.0},{"not_picked":["Acrobatics","Bane"],"picked":"Adrenaline","floor":23.0},{"not_picked":["Deflect","Outmaneuver","Acrobatics+1"],"picked":"SKIP","floor":25.0},{"not_picked":["Infinite Blades+1","Storm of Steel"],"picked":"ReplayTheSpireMod:Shiv Toss+1","floor":28.0},{"not_picked":["Outmaneuver","Dagger Throw"],"picked":"Underhanded Strike","floor":30.0},{"not_picked":["Deadly Poison","Quick Slash+1"],"picked":"ReplayTheSpireMod:Scrap Shanks+1","floor":35.0},{"not_picked":["Toxin Wave+1","Backflip+1","Quick Slash+1"],"picked":"SKIP","floor":36.0},{"not_picked":["ReplayTheSpireMod:Shiv Toss+1","Bane","Expertise+1"],"picked":"SKIP","floor":38.0},{"not_picked":["ReplayTheSpireMod:Necrosis","Endless Agony+1"],"picked":"Hidden Blade+1","floor":39.0},{"not_picked":["Tactician+1","Concentrate+1","Blade Dance+1"],"picked":"SKIP","floor":40.0},{"not_picked":["Underhanded Strike","Dagger Throw"],"picked":"Prepared+1","floor":41.0},{"not_picked":["Riddle With Holes","Catalyst+1"],"picked":"Envenom","floor":42},{"not_picked":["Metamorphosis","Discovery"],"picked":"Mayhem","floor":45},{"not_picked":["Backflip","Dagger Spray","Predator+1"],"picked":"SKIP","floor":47},{"not_picked":["Sneak Up","Predator"],"picked":"Hidden Blade","floor":48}],"player_experience":28298,"relics_obtained":[{"floor":3.0,"key":"Quantum Egg"},{"floor":7.0,"key":"Smiling Mask"},{"floor":9.0,"key":"Replay:Wax Seal"},{"floor":12.0,"key":"Juzu Bracelet"},{"floor":14.0,"key":"PreservedInsect"},{"floor":23.0,"key":"Bag of Preparation"},{"floor":25.0,"key":"Tiny Chest"},{"floor":26.0,"key":"Iron Hammer"},{"floor":28.0,"key":"Mummified Hand"},{"floor":31.0,"key":"Toy Ornithopter"},{"floor":40.0,"key":"Nunchaku"},{"floor":42,"key":"Replay:Bottled Steam"},{"floor":43,"key":"Pear"}],"event_choices":[{"damage_healed":0.0,"max_hp_gain":0.0,"max_hp_loss":0.0,"gold_gain":0.0,"event_name":"NoteForYourself","player_choice":"Ignored","floor":5.0,"gold_loss":0.0,"damage_taken":0.0},{"damage_healed":0.0,"max_hp_gain":0.0,"max_hp_loss":0.0,"gold_gain":0.0,"event_name":"Back to Basics","player_choice":"Simplicity","floor":19.0,"gold_loss":0.0,"damage_taken":0.0,"cards_upgraded":["Strike_G","Strike_G","Strike_G","Strike_G","Strike_G","Defend_G","Defend_G","Defend_G","Defend_G","Defend_G"]},{"damage_healed":0,"gold_gain":0,"player_choice":"Copied","damage_taken":0,"max_hp_gain":0,"max_hp_loss":0,"event_name":"Duplicator","floor":44,"gold_loss":0,"cards_obtained":["Accuracy"]},{"damage_healed":0,"gold_gain":0,"player_choice":"Memory 1","damage_taken":0,"max_hp_gain":0,"max_hp_loss":0,"event_name":"SensoryStone","floor":45,"gold_loss":0}],"is_beta":false,"boss_relics":[{"not_picked":["Honey Jar","Philosopher\u0027s Stone"],"picked":"Replay:Ancient Bell"},{"not_picked":["Art of War","Akabeko"],"picked":"Snake Skull"},{"not_picked":["Ornamental Fan","Divine Protection"],"picked":"Pantograph"},{"not_picked":["Torii","Gambling Chip"],"picked":"Ginger"},{"not_picked":["Calling Bell","Painkiller Herb"],"picked":"WristBlade"}],"items_purged_floors":[21,37],"is_endless":false,"potions_floor_spawned":[2,11,14,18,30,33,35,38,41,42],"ascension_level":0}}