{"host":"cz3p2o9n3b1gdmkz","time":1608488663,"event":{"mods":["AchievementEnabler","BaseMod","CapriCore","GungeonMod","Hermit","Lobotomy","Minty Spire (QoL Compilation)","Replay The Spire","Shop Mod","StSLib","SuperFastMode","The Cursed","The Dragon Tamer","The Gatherer","The Jungle","The Poker Player","The Runesmith"],"gold_per_floor":[114,114,114,39,39,39,57,57,57,57,69,81,99,99,99,175,175,187,201,201,201,201,201,218,59,59,93,93,108,119,137,137,137,137],"floor_reached":33,"playtime":951,"items_purged":["Defend_B","Strike_B"],"score":564,"play_id":"f1e638d8-6113-4b98-9f53-68c805621357","local_time":"20201221032423","is_ascension_mode":true,"campfire_choices":[{"data":"Dualcast","floor":6.0,"key":"SMITH"},{"data":"Machine Learning","floor":8.0,"key":"SMITH"},{"data":"Machine Learning","floor":10.0,"key":"SMITH"},{"floor":15.0,"key":"REST"},{"floor":23,"key":"REST"},{"floor":28,"key":"REST"},{"floor":32,"key":"REST"}],"circlet_count":0,"master_deck":["AscendersBane","Zap+1","Dualcast+1","Machine Learning+1","Machine Learning+1","Gash","Machine Learning","Chaos+1","Cold Snap+1","Darkness+1","Double Energy+1","Scrape","Gash","Gash"],"relics":["Cracked Core","Orichalcum","Astrolabe","Shuriken","ReplayTheSpireMod:Shallot"],"acts_visited":["Exordium","TheCity"],"potions_floor_usage":[27,33],"damage_taken":[{"damage":4.0,"enemies":"Jaw Worm","floor":1.0,"turns":5.0},{"damage":0.0,"enemies":"2 Louse","floor":7.0,"turns":3.0},{"damage":6.0,"enemies":"Small Slimes","floor":11.0,"turns":3.0},{"damage":9.0,"enemies":"2 Fungi Beasts","floor":12.0,"turns":3.0},{"damage":7.0,"enemies":"Exordium Wildlife","floor":13.0,"turns":2.0},{"damage":16.0,"enemies":"Hexaghost","floor":16.0,"turns":7.0},{"damage":31.0,"enemies":"2 Thieves","floor":18.0,"turns":4.0},{"damage":10.0,"enemies":"3 Byrds","floor":19.0,"turns":3.0},{"damage":15,"enemies":"Centurion and Healer","floor":24,"turns":5},{"damage":0,"enemies":"Gremlin Leader","floor":27,"turns":4},{"damage":10,"enemies":"Chosen and Byrds","floor":29,"turns":4},{"damage":12,"enemies":"Snecko","floor":30,"turns":5},{"damage":14,"enemies":"Centurion and Healer","floor":31,"turns":3},{"damage":22,"enemies":"Pondfish","floor":33,"turns":4}],"seed_played":"4421180241428742653","potions_obtained":[{"floor":12.0,"key":"BlessingOfTheForge"},{"floor":13.0,"key":"PowerPotion"},{"floor":18.0,"key":"Block Potion"},{"floor":24,"key":"BlessingOfTheForge"},{"floor":30,"key":"Elixir"},{"floor":31,"key":"Death Potion"}],"is_trial":false,"path_per_floor":["M","?","?","$","?","R","M","R","T","R","M","M","M","$","R","B",null,"M","M","?","?","?","R","M","$","T","E","R","M","M","M","R","B"],"character_chosen":"DEFECT","items_purchased":["Gash"],"campfire_rested":4,"item_purchase_floors":[25],"current_hp_per_floor":[60,53,53,53,53,53,53,53,53,53,47,38,31,31,50,34,57,26,16,16,16,16,35,20,20,20,20,39,29,17,3,22,0,0],"gold":137,"neow_bonus":"TRANSFORM_TWO_CARDS","is_daily":false,"chose_seed":false,"campfire_upgraded":3,"win_rate":0.0,"timestamp":1608488663,"path_taken":["M","?","?","$","?","R","M","R","T","R","M","?","M","$","R","BOSS","M","M","?","?","?","R","?","?","T","E","R","M","M","M","R","BOSS"],"items_purchased_type":["Card"],"build_version":"2020-12-13","purchased_purges":2,"victory":false,"max_hp_per_floor":[64,64,64,64,64,64,64,64,64,64,64,64,64,64,64,64,64,64,64,64,64,64,64,64,64,64,64,64,64,64,64,64,64,64],"card_choices":[{"not_picked":["Compile Driver","Redo","Darkness"],"picked":"SKIP","floor":1.0},{"not_picked":["Coolheaded","Darkness"],"picked":"Gash","floor":7.0},{"not_picked":["ReplaySolidLightProjector","Sweeping Beam","ReplayTheSpireMod:System Scan"],"picked":"SKIP","floor":11.0},{"not_picked":["Streamline","Go for the Eyes","Fusion"],"picked":"SKIP","floor":12.0},{"not_picked":["Coolheaded","Rip and Tear","Streamline"],"picked":"SKIP","floor":13.0},{"not_picked":["Reboot","Mirror Shield"],"picked":"Machine Learning","floor":16.0},{"not_picked":["Fusion","Go for the Eyes"],"picked":"Double Energy+1","floor":18.0},{"not_picked":["Leap","Turbo"],"picked":"Scrape","floor":19.0},{"not_picked":["Sweeping Beam","Hologram","Coolheaded"],"picked":"SKIP","floor":24},{"not_picked":["Conserve Battery","Loop","Compile Driver"],"picked":"SKIP","floor":27},{"not_picked":["Coolheaded","Redo","Tempest"],"picked":"SKIP","floor":29},{"not_picked":["Fusion","Thunder Strike","Streamline"],"picked":"SKIP","floor":30},{"not_picked":["Redo","Loop+1"],"picked":"Gash","floor":31}],"player_experience":1003656,"relics_obtained":[{"floor":9.0,"key":"Orichalcum"},{"floor":26,"key":"Shuriken"},{"floor":27,"key":"ReplayTheSpireMod:Shallot"}],"event_choices":[{"cards_removed":["Defend_B"],"damage_healed":0.0,"max_hp_gain":0.0,"max_hp_loss":0.0,"gold_gain":0.0,"event_name":"Golden Wing","player_choice":"Card Removal","floor":2.0,"gold_loss":0.0,"damage_taken":7.0},{"damage_healed":0.0,"max_hp_gain":0.0,"max_hp_loss":0.0,"gold_gain":0.0,"event_name":"Living Wall","player_choice":"Grow","floor":3.0,"gold_loss":0.0,"damage_taken":0.0,"cards_upgraded":["Zap"]},{"damage_healed":0.0,"max_hp_gain":0.0,"max_hp_loss":0.0,"gold_gain":0.0,"event_name":"Liars Game","player_choice":"Ignored","floor":5.0,"gold_loss":0.0,"damage_taken":0.0},{"damage_healed":0.0,"max_hp_gain":0.0,"max_hp_loss":0.0,"gold_gain":0.0,"event_name":"Cursed Tome","player_choice":"Ignored","floor":20.0,"gold_loss":0.0,"damage_taken":0.0}],"is_beta":false,"boss_relics":[{"not_picked":["Pandora\u0027s Box","Painkiller Herb"],"picked":"Astrolabe"}],"items_purged_floors":[4,25],"is_endless":false,"potions_floor_spawned":[12,13,18,24,30,31],"killed_by":"Pondfish","ascension_level":20}}