{"host":"hgkb2zpbo2dcws21","time":1608447952,"event":{"mods":["AchievementEnabler","BaseMod","Colored Map","Colored Powertips","Custom Start","DeckTracker","KOR Keyword Fix","Minty Spire (QoL Compilation)","StSLib","SuperFastMode"],"gold_per_floor":[119,294,311,261,285,313,325,355,367,379,409,450,462,474,474],"floor_reached":14,"playtime":527,"items_purged":[],"score":167,"play_id":"0d6de5cb-11c1-4321-9840-4b50cc1dbb3d","local_time":"20201220160552","is_ascension_mode":true,"campfire_choices":[{"data":"Eruption","floor":7,"key":"SMITH"},{"floor":10,"key":"REST"}],"circlet_count":0,"master_deck":["AscendersBane","Strike_P","Strike_P","Strike_P","Strike_P","Defend_P+1","Defend_P","Defend_P","Defend_P","Eruption+1","Vigilance","BowlingBash","CrushJoints+1","EmptyBody"],"relics":["PureWater","Omamori","MawBank","Darkstone Periapt","Bird Faced Urn"],"acts_visited":["Exordium"],"potions_floor_usage":[6,12,14],"damage_taken":[{"damage":0.0,"enemies":"2 Louse","floor":1.0,"turns":2.0},{"damage":2.0,"enemies":"Small Slimes","floor":3.0,"turns":2.0},{"damage":38,"enemies":"Gremlin Nob","floor":6,"turns":5},{"damage":2,"enemies":"Jaw Worm","floor":8,"turns":4},{"damage":0,"enemies":"Exordium Thugs","floor":11,"turns":4},{"damage":13,"enemies":"Lagavulin","floor":12,"turns":3},{"damage":13,"enemies":"3 Sentries","floor":14,"turns":7}],"seed_played":"-3422638368823442165","potions_obtained":[{"floor":3.0,"key":"FearPotion"},{"floor":6,"key":"LiquidMemories"},{"floor":8,"key":"FearPotion"}],"is_trial":false,"path_per_floor":["M","?","M","?","T","E","R","M","T","R","M","E","?","E"],"character_chosen":"WATCHER","items_purchased":[],"campfire_rested":1,"item_purchase_floors":[],"current_hp_per_floor":[61,61,59,59,59,21,21,19,19,39,39,26,12,0,0],"gold":474,"neow_bonus":"THREE_CARDS","is_daily":false,"chose_seed":false,"campfire_upgraded":1,"win_rate":0.0,"timestamp":1608447952,"path_taken":["M","?","M","?","?","E","R","?","T","R","M","E","?","E"],"items_purchased_type":[],"build_version":"2020-12-13","purchased_purges":0,"victory":false,"max_hp_per_floor":[68,68,68,68,68,68,68,68,68,68,68,68,68,68,68],"card_choices":[{"not_picked":["FlyingSleeves","Conclude"],"picked":"BowlingBash","floor":0.0},{"not_picked":["EmptyBody","FlyingSleeves"],"picked":"CrushJoints","floor":1.0},{"not_picked":["BowlingBash","Crescendo"],"picked":"EmptyBody","floor":3.0},{"not_picked":["Sanctity","SandsOfTime","SignatureMove"],"picked":"SKIP","floor":6},{"not_picked":["Fasting2","Halt","Omniscience"],"picked":"SKIP","floor":8},{"not_picked":["FlyingSleeves","Protect","Nirvana"],"picked":"SKIP","floor":11},{"not_picked":["Prostrate","Evaluate","Fasting2"],"picked":"SKIP","floor":12}],"player_experience":1091414,"relics_obtained":[{"floor":5.0,"key":"Omamori"},{"floor":6,"key":"MawBank"},{"floor":9,"key":"Darkstone Periapt"},{"floor":12,"key":"Bird Faced Urn"}],"event_choices":[{"damage_healed":0.0,"max_hp_gain":0.0,"max_hp_loss":0.0,"gold_gain":175.0,"event_name":"Liars Game","player_choice":"AGREE","floor":2.0,"gold_loss":0.0,"damage_taken":0.0,"cards_obtained":["Doubt"]},{"cards_removed":["Doubt"],"damage_healed":0.0,"max_hp_gain":0.0,"max_hp_loss":0.0,"gold_gain":0.0,"event_name":"The Cleric","player_choice":"Card Removal","floor":4.0,"gold_loss":50.0,"damage_taken":0.0},{"damage_healed":0,"gold_gain":0,"player_choice":"Entered Light","damage_taken":14,"max_hp_gain":0,"max_hp_loss":0,"event_name":"Shining Light","floor":13,"gold_loss":0,"cards_upgraded":["CrushJoints","Defend_P"]}],"is_beta":false,"boss_relics":[],"items_purged_floors":[],"is_endless":false,"potions_floor_spawned":[3,6,8],"killed_by":"3 Sentries","ascension_level":14}}