{"host":"4kgga43fr9t628g1","time":1608458678,"event":{"mods":["Act Like it!","BaseMod","Gensokyo","MarisaÅiñ∂âJÅ@ñÇóùçπÅj","Minty Spire (QoL Compilation)","StSLib","everything is the same but u backflip on backflip"],"gold_per_floor":[113,113,113,113,128,128,148,174,174,206,206,43,43,74,74,152,152,162,162,177,72,91,91,117,117,117,143,143,172,172,191,191,269,269,284,284,295,295,80,113,126,126,126,144,144,144,154,50,50,50,50],"floor_reached":52,"playtime":5184,"items_purged":["Strike_P","Strike_P","Strike_P","Defend_P"],"score":2008,"play_id":"60938f94-01b9-4ee2-8fc4-fb81d4693055","local_time":"20201220020438","is_ascension_mode":true,"campfire_choices":[{"data":"Eruption","floor":6,"key":"SMITH"},{"data":"Prostrate","floor":11,"key":"SMITH"},{"data":"SignatureMove","floor":13,"key":"SMITH"},{"data":"Worship","floor":15,"key":"SMITH"},{"data":"Vault","floor":23,"key":"SMITH"},{"data":"Blasphemy","floor":25,"key":"SMITH"},{"data":"Vault","floor":28,"key":"SMITH"},{"data":"Strike_P","floor":30,"key":"PURGE"},{"data":"Study","floor":32,"key":"SMITH"},{"floor":42,"key":"DIG"},{"floor":46,"key":"DIG"},{"data":"Parasite","floor":49,"key":"PURGE"}],"circlet_count":0,"master_deck":["AscendersBane","Defend_P","Defend_P","Defend_P","Eruption+1","Vigilance","SignatureMove+1","Worship+1","Pray","EmptyMind","Prostrate+1","MentalFortress","Vault+1","CurseOfTheBell","BattleHymn","Vault+1","Study+1","Evaluate","Blasphemy+1","ThirdEye","JustLucky","Protect+1","Madness","Madness","FearNoEvil","Trip","Meditate+1"],"relics":["PureWater","Toy Ornithopter","Pear","PreservedInsect","Gremlin Horn","Meat on the Bone","Eternal Feather","Calling Bell","Smiling Mask","Ornamental Fan","Peace Pipe","Pocketwatch","Mummified Hand","Bottled Flame","Lizard Tail","Cursed Key","TheAbacus","Shovel","Kunai","Happy Flower","Bird Faced Urn"],"acts_visited":["Exordium","TheCity","TheBeyond"],"potions_floor_usage":[8,8,18,27,41,47,51,51],"damage_taken":[{"damage":0,"enemies":"2 Louse","floor":1,"turns":5},{"damage":4,"enemies":"Jaw Worm","floor":5,"turns":3},{"damage":0,"enemies":"Small Slimes","floor":7,"turns":1},{"damage":0,"enemies":"Gremlin Nob","floor":8,"turns":2},{"damage":37,"enemies":"3 Sentries","floor":10,"turns":10},{"damage":3,"enemies":"Lagavulin","floor":14,"turns":5},{"damage":39,"enemies":"Slime Boss","floor":16,"turns":9},{"damage":8,"enemies":"3 Byrds","floor":18,"turns":7},{"damage":6,"enemies":"Spheric Guardian","floor":20,"turns":4},{"damage":29,"enemies":"Snake Plant","floor":22,"turns":4},{"damage":37,"enemies":"Gremlin Leader","floor":24,"turns":5},{"damage":0,"enemies":"Slavers","floor":27,"turns":3},{"damage":18,"enemies":"Book of Stabbing","floor":29,"turns":6},{"damage":26,"enemies":"Shelled Parasite and Fungi","floor":31,"turns":4},{"damage":100044,"enemies":"Champ","floor":33,"turns":13},{"damage":27,"enemies":"3 Shapes","floor":35,"turns":7},{"damage":0,"enemies":"Orb Walker","floor":37,"turns":4},{"damage":0,"enemies":"Nemesis","floor":40,"turns":4},{"damage":18,"enemies":"Transient","floor":41,"turns":7},{"damage":12,"enemies":"Spire Growth","floor":44,"turns":7},{"damage":7,"enemies":"3 Darklings","floor":47,"turns":5},{"damage":58,"enemies":"Awakened One","floor":50,"turns":12},{"damage":45,"enemies":"Time Eater","floor":51,"turns":7}],"seed_played":"4052956450216215313","potions_obtained":[{"floor":1,"key":"LiquidMemories"},{"floor":5,"key":"StancePotion"},{"floor":16,"key":"Block Potion"},{"floor":18,"key":"LiquidMemories"},{"floor":31,"key":"FairyPotion"},{"floor":37,"key":"SkillPotion"},{"floor":41,"key":"LiquidMemories"},{"floor":44,"key":"CultistPotion"}],"is_trial":false,"path_per_floor":["M","?","T","?","M","R","M","E","T","E","R","$","R","E","R","B",null,"M","?","M","$","M","R","E","R","T","E","R","E","R","M","R","B",null,"M","?","M","?","$","E","M","R","T","M","?","R","M","$","R","B","B",null],"character_chosen":"WATCHER","items_purchased":["MentalFortress","Evaluate","TheAbacus","FearPotion"],"campfire_rested":0,"item_purchase_floors":[12,21,39,48],"current_hp_per_floor":[61,61,71,76,72,72,72,82,82,45,45,45,45,42,51,24,68,65,65,59,59,42,54,29,41,41,46,58,52,64,50,62,36,71,44,29,41,41,41,53,52,67,67,55,55,70,74,74,80,36,19],"gold":50,"neow_bonus":"RANDOM_COMMON_RELIC","is_daily":false,"chose_seed":false,"campfire_upgraded":8,"win_rate":0.0,"timestamp":1608458678,"path_taken":["M","?","?","?","M","R","M","E","T","E","R","?","R","E","R","BOSS","M","?","M","$","M","R","E","R","T","E","R","E","R","M","R","BOSS","M","?","M","?","$","E","M","R","T","?","?","R","M","$","R","BOSS","BOSS"],"items_purchased_type":["Card","Card","Relic","Potion"],"build_version":"2020-12-13","purchased_purges":4,"victory":true,"max_hp_per_floor":[68,68,78,83,83,83,83,83,83,83,83,83,83,83,83,83,83,83,83,83,83,83,83,83,83,83,83,83,83,83,83,83,83,83,83,83,83,83,83,83,83,83,83,83,83,83,83,83,80,80,80],"card_choices":[{"not_picked":["EmptyBody","Halt"],"picked":"SignatureMove","floor":1},{"not_picked":["CrushJoints","Protect"],"picked":"Worship","floor":5},{"not_picked":["WheelKick","BattleHymn"],"picked":"Pray","floor":7},{"not_picked":["CarveReality","BowlingBash"],"picked":"EmptyMind","floor":8},{"not_picked":["WreathOfFlame","InnerPeace"],"picked":"Prostrate","floor":10},{"not_picked":["Indignation","CarveReality","Consecrate"],"picked":"SKIP","floor":14},{"not_picked":["DeusExMachina","Judgement"],"picked":"Vault","floor":16},{"not_picked":["ForeignInfluence","FlyingSleeves"],"picked":"BattleHymn","floor":18},{"not_picked":["ThirdEye+1","ReachHeaven"],"picked":"Study","floor":20},{"not_picked":["BowlingBash+1","WreathOfFlame","WheelKick"],"picked":"SKIP","floor":22},{"not_picked":["Wallop","Swivel"],"picked":"Blasphemy","floor":24},{"not_picked":["BowlingBash","Halt+1","Protect"],"picked":"SKIP","floor":27},{"not_picked":["EmptyFist","Evaluate"],"picked":"ThirdEye","floor":29},{"not_picked":["ThirdEye","MasterReality"],"picked":"JustLucky","floor":31},{"not_picked":["Halt","FollowUp+1"],"picked":"Protect","floor":35},{"not_picked":["Conclude","PathToVictory"],"picked":"FearNoEvil","floor":37},{"not_picked":["FlyingSleeves","CutThroughFate+1","TalkToTheHand+1"],"picked":"SKIP","floor":40},{"not_picked":["ReachHeaven","DeusExMachina","FollowUp+1"],"picked":"SKIP","floor":41},{"not_picked":["Sanctity","Consecrate","CutThroughFate"],"picked":"SKIP","floor":44},{"not_picked":["Secret Weapon","Bandage Up"],"picked":"Trip","floor":45},{"not_picked":["FearNoEvil","FlyingSleeves+1"],"picked":"Meditate+1","floor":47}],"player_experience":825186,"relics_obtained":[{"floor":3,"key":"Pear"},{"floor":8,"key":"PreservedInsect"},{"floor":9,"key":"Gremlin Horn"},{"floor":10,"key":"Meat on the Bone"},{"floor":14,"key":"Eternal Feather"},{"floor":17,"key":"Smiling Mask"},{"floor":17,"key":"Ornamental Fan"},{"floor":17,"key":"Peace Pipe"},{"floor":24,"key":"Pocketwatch"},{"floor":26,"key":"Mummified Hand"},{"floor":27,"key":"Bottled Flame"},{"floor":29,"key":"Lizard Tail"},{"floor":40,"key":"Shovel"},{"floor":42,"key":"Kunai"},{"floor":43,"key":"Happy Flower"},{"floor":46,"key":"Bird Faced Urn"}],"event_choices":[{"damage_healed":0,"gold_gain":0,"player_choice":"Ignored","damage_taken":0,"max_hp_gain":0,"max_hp_loss":0,"event_name":"Liars Game","floor":2,"gold_loss":0},{"damage_healed":0,"gold_gain":0,"player_choice":"Donut","damage_taken":0,"max_hp_gain":5,"max_hp_loss":0,"event_name":"Big Fish","floor":4,"gold_loss":0},{"damage_healed":0,"gold_gain":0,"player_choice":"1 cards matched","damage_taken":0,"max_hp_gain":0,"max_hp_loss":0,"event_name":"Match and Keep!","floor":19,"gold_loss":0,"cards_obtained":["Vault"]},{"damage_healed":0,"gold_gain":0,"player_choice":"Embrace Madness","damage_taken":15,"max_hp_gain":0,"max_hp_loss":0,"event_name":"Winding Halls","floor":36,"gold_loss":0,"cards_obtained":["Madness","Madness"]},{"damage_healed":0,"gold_gain":0,"player_choice":"Upgraded","damage_taken":0,"max_hp_gain":0,"max_hp_loss":0,"event_name":"Upgrade Shrine","floor":38,"gold_loss":0,"cards_upgraded":["Protect"]},{"damage_healed":0,"gold_gain":0,"player_choice":"Memory 1","damage_taken":0,"max_hp_gain":0,"max_hp_loss":0,"event_name":"SensoryStone","floor":45,"gold_loss":0}],"is_beta":false,"boss_relics":[{"not_picked":["Empty Cage","Tiny House"],"picked":"Calling Bell"},{"not_picked":["Astrolabe","Runic Dome"],"picked":"Cursed Key"}],"items_purged_floors":[12,21,39,48],"is_endless":false,"potions_floor_spawned":[1,5,16,18,31,37,41,44],"ascension_level":20}}