{"host":"sabve5zmqufxyc5o","time":1608462117,"event":{"mods":["2.2 Compatiblity","AchievementEnabler","Act Like it!","BaseMod","Block Reminder","Colored Map","Colored Powertips","DeckTracker","KOR Keyword Fix","Keyboard Shortcuts","Minty Spire (QoL Compilation)","Quick Restart","Rare Cards Sparkle","Relic Stats","StSLib","SuperFastMode"],"gold_per_floor":[213,213,240,76,94,135,135,151,151,171,187,187,218,239,239,332,332,348,368,49,73,73,73],"floor_reached":22,"playtime":501,"items_purged":[],"score":396,"play_id":"719ec6ca-f9ff-40c5-a5b2-546c8437ee1f","local_time":"20201220200157","is_ascension_mode":true,"campfire_choices":[{"floor":7.0,"key":"REST"},{"floor":12.0,"key":"REST"},{"floor":15.0,"key":"REST"}],"circlet_count":0,"master_deck":["AscendersBane","Strike_B","Strike_B","Strike_B","Strike_B","Defend_B","Defend_B","Defend_B","Defend_B","Zap","Dualcast","Compile Driver","Glacier","Sunder","Coolheaded","Aggregate","Go for the Eyes","Chill","Cold Snap","Rebound","Conserve Battery","Seek","Hologram+1","Turbo","Stack","Capacitor","Barrage","Beam Cell"],"relics":["FrozenCore","Golden Idol","Pen Nib","Centennial Puzzle","StoneCalendar","Happy Flower","Dream Catcher"],"acts_visited":["TheCity"],"potions_floor_usage":[16,18,21,22],"damage_taken":[{"damage":2.0,"enemies":"Cultist","floor":1.0,"turns":4.0},{"damage":12.0,"enemies":"Jaw Worm","floor":5.0,"turns":2.0},{"damage":48.0,"enemies":"Gremlin Nob","floor":6.0,"turns":6.0},{"damage":9.0,"enemies":"Small Slimes","floor":8.0,"turns":4.0},{"damage":8.0,"enemies":"3 Louse","floor":10.0,"turns":3.0},{"damage":0.0,"enemies":"2 Fungi Beasts","floor":11.0,"turns":3.0},{"damage":9.0,"enemies":"Lagavulin","floor":13.0,"turns":6.0},{"damage":6.0,"enemies":"Lots of Slimes","floor":14.0,"turns":5.0},{"damage":12,"enemies":"Slime Boss","floor":16,"turns":7},{"damage":23,"enemies":"Spheric Guardian","floor":18,"turns":6},{"damage":5,"enemies":"Chosen","floor":19,"turns":6},{"damage":12,"enemies":"Centurion and Healer","floor":21,"turns":6},{"damage":13,"enemies":"Cultist and Chosen","floor":22,"turns":3}],"seed_played":"-4320716607163355892","potions_obtained":[{"floor":5.0,"key":"Swift Potion"},{"floor":10.0,"key":"Weak Potion"},{"floor":11.0,"key":"LiquidMemories"},{"floor":13.0,"key":"Energy Potion"},{"floor":16,"key":"Energy Potion"},{"floor":18,"key":"ColorlessPotion"},{"floor":21,"key":"Swift Potion"}],"is_trial":false,"path_per_floor":["M","?","T","$","M","E","R","M","T","M","M","R","E","M","R","B",null,"M","M","$","M","M"],"character_chosen":"DEFECT","items_purchased":["Glacier","Sunder","Dream Catcher","Stack","Capacitor","Barrage"],"campfire_rested":3,"item_purchase_floors":[4,4,20,20,20,20],"current_hp_per_floor":[62,62,62,62,50,2,21,12,12,4,4,23,14,8,27,15,52,29,24,24,12,0,0],"gold":73,"neow_bonus":"HUNDRED_GOLD","is_daily":false,"chose_seed":false,"campfire_upgraded":0,"win_rate":0.0,"timestamp":1608462117,"path_taken":["M","?","?","$","M","E","R","M","T","M","?","R","E","M","R","BOSS","M","M","$","M","M"],"items_purchased_type":["Card","Card","Relic","Card","Card","Card"],"build_version":"2020-12-13","purchased_purges":0,"victory":false,"max_hp_per_floor":[71,64,64,64,64,64,64,64,64,64,64,64,64,64,64,64,64,64,64,64,64,64,64],"relic_stats":{"Centennial Puzzle":[27],"Dream Catcher":0,"Happy Flower":[11],"counters":[13,61],"Golden Idol":63,"StoneCalendar":[60],"Pen Nib":[10],"obtain_stats":[{"Centennial Puzzle":6,"Dream Catcher":20,"Happy Flower":13,"Golden Idol":2,"StoneCalendar":9,"Pen Nib":3,"Cracked Core":0,"FrozenCore":17},{"Centennial Puzzle":3,"Dream Catcher":11,"Happy Flower":7,"Golden Idol":1,"StoneCalendar":4,"Pen Nib":1,"Cracked Core":0,"FrozenCore":9},{"Centennial Puzzle":12,"Dream Catcher":52,"Happy Flower":28,"Golden Idol":4,"StoneCalendar":16,"Pen Nib":4,"Cracked Core":0,"FrozenCore":40}],"FrozenCore":[7]},"card_choices":[{"not_picked":["Ball Lightning","Hello World"],"picked":"Compile Driver","floor":1.0},{"not_picked":["Stack","Turbo"],"picked":"Coolheaded","floor":5.0},{"not_picked":["Compile Driver","Streamline"],"picked":"Aggregate","floor":6.0},{"not_picked":["Genetic Algorithm","Heatsinks"],"picked":"Go for the Eyes","floor":8.0},{"not_picked":["Sweeping Beam","Leap"],"picked":"Chill","floor":10.0},{"not_picked":["Stack","Amplify"],"picked":"Cold Snap","floor":11.0},{"not_picked":["Rainbow","Stack"],"picked":"Rebound","floor":13.0},{"not_picked":["Consume","Storm"],"picked":"Conserve Battery","floor":14.0},{"not_picked":["Reboot","Biased Cognition"],"picked":"Seek","floor":16},{"not_picked":["Leap","Chill"],"picked":"Hologram+1","floor":18},{"not_picked":["Ball Lightning+1","Storm"],"picked":"Turbo","floor":19},{"not_picked":["Heatsinks","Machine Learning"],"picked":"Beam Cell","floor":21}],"player_experience":791512,"relics_obtained":[{"floor":3.0,"key":"Pen Nib"},{"floor":6.0,"key":"Centennial Puzzle"},{"floor":9.0,"key":"StoneCalendar"},{"floor":13.0,"key":"Happy Flower"}],"event_choices":[{"damage_healed":0.0,"max_hp_gain":0.0,"max_hp_loss":7.0,"gold_gain":0.0,"event_name":"Golden Idol","player_choice":"Lose Max HP","floor":2.0,"gold_loss":0.0,"damage_taken":0.0,"relics_obtained":["Golden Idol"]}],"is_beta":false,"boss_relics":[{"not_picked":["Runic Pyramid","Calling Bell"],"picked":"FrozenCore"}],"items_purged_floors":[],"is_endless":false,"potions_floor_spawned":[5,10,11,13,16,18,21],"killed_by":"Cultist and Chosen","ascension_level":20}}