{"host":"xfr90oo4gfm5wrxc","time":1608440574,"event":{"mods":["BaseMod","Downfall","Minty Spire (QoL Compilation)","Replay The Spire","Shop Mod","StSLib","SuperFastMode","TestMod","The Cursed"],"gold_per_floor":[99,119,294,329,340,340,340],"floor_reached":6,"playtime":1653,"items_purged":[],"score":99,"play_id":"7c06822c-3dc0-4db5-81b9-5083b7566197","local_time":"20201220130254","daily_mods":["Heirloom","downfall:Jewelcrafting","DeadlyEvents"],"is_ascension_mode":true,"campfire_choices":[],"circlet_count":0,"master_deck":["Guardian:Strike_Guardian","Guardian:Strike_Guardian","Guardian:Strike_Guardian","Guardian:Strike_Guardian","Guardian:Defend_Guardian","Guardian:Defend_Guardian","Guardian:Defend_Guardian","Guardian:Defend_Guardian","Guardian:CurlUp","Guardian:TwinSlam","Guardian:ExploitGems","Guardian:ExploitGems","Guardian:Gem_Crimson","Guardian:Gem_Yellow","Guardian:Planning","Doubt","Guardian:Gem_Purple","Guardian:Gem_Red"],"relics":["Guardian:ModeShifter","Guardian:PickAxe","testmod-TestBox","testmod-CrystalShield","testmod-EqualTreatment","Pocketwatch"],"acts_visited":["Exordium"],"potions_floor_usage":[6],"damage_taken":[{"damage":0,"enemies":"2 Louse","floor":2,"turns":2},{"damage":28,"enemies":"Lagavulin","floor":4,"turns":13},{"damage":6,"enemies":"Jaw Worm","floor":5,"turns":7},{"damage":57,"enemies":"Gremlin Nob","floor":6,"turns":6}],"seed_played":"-8658452217318944036","potions_obtained":[{"floor":5,"key":"Block Potion"}],"is_trial":true,"path_per_floor":["R","M","?","E","M","E"],"character_chosen":"GUARDIAN","items_purchased":[],"campfire_rested":0,"item_purchase_floors":[],"current_hp_per_floor":[80,80,80,52,46,0,0],"gold":340,"neow_bonus":"","is_daily":false,"chose_seed":false,"campfire_upgraded":0,"win_rate":0.0,"timestamp":1608440574,"path_taken":["R","M","?","E","M","E"],"items_purchased_type":[],"build_version":"2020-12-13","purchased_purges":0,"victory":false,"max_hp_per_floor":[80,80,80,80,80,80,80],"card_choices":[{"not_picked":["Guardian:Preprogram","Guardian:PiercingHide"],"picked":"Guardian:Planning","floor":2},{"not_picked":["Guardian:Gem_Cyan","Guardian:ChargeCore"],"picked":"Guardian:Gem_Purple","floor":4},{"not_picked":["Guardian:CrystalBeam","Guardian:Incinerate"],"picked":"Guardian:Gem_Red","floor":5}],"player_experience":152518,"relics_obtained":[{"floor":4,"key":"Pocketwatch"}],"event_choices":[],"is_beta":false,"boss_relics":[],"items_purged_floors":[],"is_endless":true,"potions_floor_spawned":[5],"killed_by":"Gremlin Nob","ascension_level":1}}