{"host":"p5nht1vx148lgsp8","time":1608492678,"event":{"mods":["AchievementEnabler","BaseMod","Better Altar","Better Match","Better Note","Better Sensory Stone","Better Skull","Better Third Choice","Colored Map","Colored Powertips","Downfall","Infinite Spire","KinomotoSakuraMod(????)","Marisa????????","Minty Spire (QoL Compilation)","Permanent Neow","Prisma Mod","Replay The Spire","StSLib","The Servant 0.9.4","Waifu the Spire"],"gold_per_floor":[117,137,16,116,116,116,126,155,200,232,232,232,250,314,314,417,417,436,56,56,67,113,113,128,128,128,142,158,158,158],"floor_reached":29,"playtime":1573,"items_purged":["Strike_R"],"score":280,"play_id":"a4a0c9d3-cff6-43d1-a6d9-cb7f72469201","local_time":"20201220113118","is_ascension_mode":true,"campfire_choices":[{"data":"UpSweep","floor":6,"key":"SMITH"},{"floor":11,"key":"REST"},{"data":"Evolve","floor":15,"key":"SMITH"},{"data":"expansioncontent:Corrupt","floor":23,"key":"SMITH"},{"floor":25,"key":"REST"}],"circlet_count":0,"master_deck":["Strike_R","Strike_R","Strike_R","Strike_R","Defend_R","Defend_R","Defend_R","Defend_R","Bash","PrismaMod:ChloeCommonAttack","UpSweep+1","ReplayTheSpireMod:Necrogeddon","Mayhem+1","Discovery","expansioncontent:Corrupt+1","ReplayTheSpireMod:Muscle Training","Bludgeon","Pummel+1","ReplayTheSpireMod:Stacked","Evolve+1","Immolate","Feel No Pain","True Grit+1"],"relics":["Burning Blood","ReplayTheSpireMod:ShopPack","Nunchaku","Boot","Onion Ring","Snack Pack","Black Star","Counterbalance","Bag of Preparation","Replay:Ringing Soul"],"acts_visited":["Exordium","TheCity"],"potions_floor_usage":[8,13,14,16,27],"damage_taken":[{"damage":0,"enemies":"Small Slimes","floor":1,"turns":3},{"damage":11,"enemies":"Cultist","floor":2,"turns":4},{"damage":5,"enemies":"2 Louse","floor":7,"turns":3},{"damage":16,"enemies":"3 Sentries","floor":8,"turns":5},{"damage":17,"enemies":"Gremlin Nob","floor":10,"turns":4},{"damage":0,"enemies":"Exordium Thugs","floor":13,"turns":1},{"damage":11,"enemies":"3 Sentries","floor":14,"turns":5},{"damage":39,"enemies":"Hexaghost","floor":16,"turns":8},{"damage":24,"enemies":"Chosen","floor":18,"turns":4},{"damage":22,"enemies":"Shell Parasite","floor":21,"turns":5},{"damage":36,"enemies":"Centurion and Healer","floor":24,"turns":4},{"damage":39,"enemies":"Snake Plant","floor":27,"turns":3},{"damage":1,"enemies":"Snecko","floor":28,"turns":3},{"damage":35,"enemies":"Centurion and Healer","floor":29,"turns":5}],"seed_played":"1481847724911311091","potions_obtained":[{"floor":2,"key":"ColorlessPotion"},{"floor":10,"key":"Explosive Potion"},{"floor":13,"key":"BlessingOfTheForge"},{"floor":14,"key":"EssenceOfSteel"},{"floor":24,"key":"DuplicationPotion"},{"floor":28,"key":"Strength Potion"}],"is_trial":false,"path_per_floor":["M","M","$","?","$","R","M","E","T","E","R","?","M","?","R","B",null,"M","$","?","M","T","R","M","R","T","M","M","M"],"character_chosen":"IRONCLAD","items_purchased":["ReplayTheSpireMod:ShopPack","Counterbalance"],"campfire_rested":2,"item_purchase_floors":[3,19],"current_hp_per_floor":[80,75,75,75,75,75,76,66,66,55,79,79,80,75,75,48,80,62,62,62,50,50,50,22,46,46,15,25,0,0],"gold":158,"neow_bonus":"RANDOM_COLORLESS_2","is_daily":false,"chose_seed":false,"campfire_upgraded":3,"win_rate":0.0,"timestamp":1608492678,"path_taken":["M","M","$","?","?","R","M","E","T","E","R","?","?","?","R","BOSS","M","$","?","?","?","R","M","R","T","?","M","M"],"items_purchased_type":["Relic","Relic"],"build_version":"2020-12-13","purchased_purges":1,"victory":false,"max_hp_per_floor":[80,80,80,80,80,80,80,80,80,80,80,80,80,80,80,80,80,80,80,80,80,80,80,80,80,80,80,83,83,83],"card_choices":[{"not_picked":["Crow Ritual","Sadistic Nature"],"picked":"ReplayTheSpireMod:Necrogeddon","floor":0},{"not_picked":["Anger","Shrug It Off","Sword Boomerang"],"picked":"SKIP","floor":1},{"not_picked":["Armaments","Run Through","Spot Weakness"],"picked":"SKIP","floor":2},{"not_picked":["Thinking Ahead","Sadistic Nature"],"picked":"Mayhem","floor":3},{"not_picked":["expansioncontent:Hexaburn","Replay:SS_forest_5"],"picked":"Discovery","floor":3},{"not_picked":["Master of Strategy","expansioncontent:SlimeTackle"],"picked":"expansioncontent:Corrupt","floor":3},{"not_picked":["Flex","True Grit"],"picked":"ReplayTheSpireMod:Muscle Training","floor":7},{"not_picked":["Seeing Red","Shrug It Off"],"picked":"Bludgeon","floor":8},{"not_picked":["Fire Breathing","Run Through"],"picked":"Pummel","floor":10},{"not_picked":["Body Slam","Anger"],"picked":"ReplayTheSpireMod:Stacked","floor":13},{"not_picked":["Sword Boomerang","Thunderclap"],"picked":"Evolve","floor":14},{"not_picked":["Limit Break","Corruption"],"picked":"Immolate","floor":16},{"not_picked":["Massacre+1","Body Slam+1","Perfected Strike"],"picked":"SKIP","floor":18},{"not_picked":["Armaments+1","Metallicize"],"picked":"Feel No Pain","floor":21},{"not_picked":["Pommel Strike","Run Through+1","Clash"],"picked":"SKIP","floor":24},{"not_picked":["ReplayTheSpireMod:Strike From Hell","Twin Strike","Hemokinesis"],"picked":"SKIP","floor":27},{"not_picked":["Iron Wave","Blood for Blood"],"picked":"True Grit+1","floor":28}],"player_experience":178740,"relics_obtained":[{"floor":8,"key":"Nunchaku"},{"floor":9,"key":"Boot"},{"floor":10,"key":"Onion Ring"},{"floor":14,"key":"Snack Pack"},{"floor":22,"key":"Bag of Preparation"},{"floor":26,"key":"Replay:Ringing Soul"}],"event_choices":[{"damage_healed":0,"gold_gain":100,"player_choice":"Pray","damage_taken":0,"max_hp_gain":0,"max_hp_loss":0,"event_name":"Golden Shrine","floor":4,"gold_loss":0},{"damage_healed":0,"gold_gain":0,"player_choice":"Upgraded","damage_taken":0,"max_hp_gain":0,"max_hp_loss":0,"event_name":"Upgrade Shrine","floor":12,"gold_loss":0,"cards_upgraded":["Mayhem"]},{"damage_healed":0,"gold_gain":0,"player_choice":"Searched \u00271\u0027 times","damage_taken":0,"max_hp_gain":0,"max_hp_loss":0,"event_name":"Dead Adventurer","floor":14,"gold_loss":0},{"damage_healed":0,"gold_gain":0,"player_choice":"Upgraded","damage_taken":0,"max_hp_gain":0,"max_hp_loss":0,"event_name":"Upgrade Shrine","floor":20,"gold_loss":0,"cards_upgraded":["Pummel"]}],"is_beta":false,"boss_relics":[{"not_picked":["Ectoplasm","Ring of Chaos"],"picked":"Black Star"}],"items_purged_floors":[19],"is_endless":false,"potions_floor_spawned":[2,10,13,14,24,28],"killed_by":"Centurion and Healer","ascension_level":4}}