{"host":"gs0a38e4jr2axiip","time":1608499453,"event":{"mods":["Abigail Mod","Act Like it!","BaseMod","Bestiary","Better Note","BetterRewards","CCEM","Colored Map","Conspire","Downfall","Exacting","Gensokyo","Hallownest","Highlight Path","Hubris","Infinite Spire","Jedi Mod","Koishi","MarisaÅiñ∂âJÅ@ñÇóùçπÅj","Minty Spire (QoL Compilation)","Permanent Neow","Prisma Mod","Replay The Spire","Shade Mod","Shop Mod","Spire Birthday Party","StSLib","The Dragon Tamer","The Gatherer","The Necromancer","The Servant 0.9.4","Unceasing Turn Reminder","Waifu the Spire","Wandering Minibosses","Yuyuko"],"gold_per_floor":[99,129,159,189,219,231,256,291,291,216,216,216,216,228,244,244,244],"floor_reached":16,"playtime":1247,"items_purged":[],"score":110,"play_id":"03fe1db5-6054-4657-9f44-2315afe13e5b","local_time":"20201220152413","is_ascension_mode":false,"campfire_choices":[{"floor":1,"key":"RECALL"},{"floor":10,"key":"REST"}],"circlet_count":0,"master_deck":["sneckomod:Strike","sneckomod:Strike","sneckomod:Strike","sneckomod:Defend","sneckomod:Defend+1","sneckomod:Defend","sneckomod:TailWhip","sneckomod:SnekBite+1","sneckomod:Unknown","sneckomod:Unknown","sneckomod:UnknownClassRED+1","sneckomod:UnknownClassWHITE+1","sneckomod:UnknownUncommonAttack","sneckomod:UnknownClassUrban Legend","sneckomod:UnknownClassGATHERER_LIME","sneckomod:UnknownClassGATHERER_LIME","sneckomod:Unknown0Cost","sneckomod:UnknownClassHEXA_GHOST_PURPLE","sneckomod:Nope"],"relics":["sneckomod:SneckoSoul","CCEMRelics:OldTooth","hubris:BundleOfHerbs","Bottled Lightning","Gremlin Food","Juzu Bracelet","downfall:HeartBlessingRed"],"acts_visited":["Exordium"],"potions_floor_usage":[3,6],"damage_taken":[{"damage":9,"enemies":"2 Louse","floor":2,"turns":3},{"damage":18,"enemies":"conspire:MimicChest","floor":3,"turns":6},{"damage":4,"enemies":"Gremlin Nob","floor":4,"turns":3},{"damage":19,"enemies":"Jaw Worm","floor":5,"turns":3},{"damage":14,"enemies":"Small Slimes","floor":6,"turns":5},{"damage":25,"enemies":"Lagavulin","floor":8,"turns":6},{"damage":0,"enemies":"Exordium Wildlife","floor":14,"turns":2},{"damage":27,"enemies":"Lots of Slimes","floor":15,"turns":7},{"damage":15,"enemies":"downfall:Silent","floor":16,"turns":1}],"seed_played":"-8161475169871819330","potions_obtained":[{"floor":2,"key":"Energy Potion"},{"floor":3,"key":"BlessingOfTheForge"},{"floor":6,"key":"Reflective Coating"},{"floor":15,"key":"champ:CounterPotion"}],"is_trial":false,"path_per_floor":["R","M","?","E","M","M","T","E","?","R","?","?","?","M","M","B"],"character_chosen":"THE_SNECKO","items_purchased":[],"campfire_rested":1,"item_purchase_floors":[],"current_hp_per_floor":[90,82,65,62,44,31,31,7,10,39,39,39,39,40,14,0,0],"gold":244,"neow_bonus":"ONE_RARE_RELIC","is_daily":false,"chose_seed":false,"campfire_upgraded":0,"win_rate":0.0,"timestamp":1608499453,"path_taken":["R","M","?","E","M","M","T","E","?","R","?","?","?","M","M","BOSS"],"items_purchased_type":[],"build_version":"2020-12-13","purchased_purges":0,"victory":false,"max_hp_per_floor":[90,91,92,93,94,95,95,96,99,99,99,99,99,100,101,101,101],"card_choices":[{"not_picked":["sneckomod:SoulDraw","sneckomod:UnknownStrike"],"picked":"sneckomod:UnknownClassRED","floor":2},{"not_picked":["sneckomod:UnknownBlock","sneckomod:QuickMove"],"picked":"sneckomod:UnknownClassWHITE","floor":3},{"not_picked":["sneckomod:SoulRoll","sneckomod:DiceCrush"],"picked":"sneckomod:UnknownUncommonAttack","floor":4},{"not_picked":["sneckomod:UnknownVulnerable","sneckomod:UnknownClassRED"],"picked":"sneckomod:UnknownClassUrban Legend","floor":5},{"not_picked":["sneckomod:DiceBlock","sneckomod:ImprovisedGuard"],"picked":"sneckomod:UnknownClassGATHERER_LIME","floor":6},{"not_picked":["sneckomod:QuickBite","sneckomod:SlitherStrike"],"picked":"sneckomod:UnknownClassGATHERER_LIME","floor":8},{"not_picked":["sneckomod:ImprovisedAttack","sneckomod:UnknownBlock"],"picked":"sneckomod:Unknown0Cost","floor":14},{"not_picked":["sneckomod:UnknownBlock","sneckomod:UnknownClassSILVER"],"picked":"sneckomod:UnknownClassHEXA_GHOST_PURPLE","floor":15},{"not_picked":["sneckomod:QuickMove","sneckomod:DefensiveFlair"],"picked":"sneckomod:Nope","floor":15}],"player_experience":770695,"relics_obtained":[{"floor":3,"key":"hubris:BundleOfHerbs"},{"floor":4,"key":"Bottled Lightning"},{"floor":7,"key":"Gremlin Food"},{"floor":8,"key":"Juzu Bracelet"}],"event_choices":[{"cards_removed":["ReplayTheSpireMod:Splinters"],"damage_healed":0,"gold_gain":0,"player_choice":"Card Removal","damage_taken":0,"max_hp_gain":0,"max_hp_loss":0,"event_name":"The Cleric","floor":11,"gold_loss":0},{"damage_healed":0,"gold_gain":0,"player_choice":"Grow","damage_taken":0,"max_hp_gain":0,"max_hp_loss":0,"event_name":"Living Wall","floor":12,"gold_loss":0,"cards_upgraded":["sneckomod:UnknownClassWHITE"]}],"is_beta":false,"boss_relics":[],"items_purged_floors":[],"is_endless":false,"potions_floor_spawned":[2,3,6,15],"killed_by":"downfall:Silent","ascension_level":0}}