{"host":"BK","time":1608428366,"event":{"mods":["BaseMod","Highlight Path","Minty Spire (QoL Compilation)","StSLib"],"gold_per_floor":[117,131,141,152,77,77,102,102,127,92,92,92],"floor_reached":11,"playtime":1118,"items_purged":["Strike_R"],"score":146,"play_id":"52a207e6-93e8-402f-b885-c0ac5d9802c4","local_time":"20201219183926","is_ascension_mode":true,"campfire_choices":[{"floor":6,"key":"REST"},{"floor":8,"key":"REST"}],"circlet_count":0,"master_deck":["AscendersBane","Strike_R","Strike_R","Strike_R","Strike_R","Defend_R","Defend_R","Defend_R","Defend_R","Bash","Flame Barrier","Inflame","Twin Strike","Carnage"],"relics":["SacredBark","Oddly Smooth Stone","Tiny Chest"],"acts_visited":["Exordium"],"potions_floor_usage":[7,11],"damage_taken":[{"damage":7,"enemies":"Cultist","floor":1,"turns":4},{"damage":26,"enemies":"Jaw Worm","floor":2,"turns":6},{"damage":17,"enemies":"Small Slimes","floor":3,"turns":4},{"damage":7,"enemies":"Blue Slaver","floor":4,"turns":5},{"damage":28,"enemies":"Lagavulin","floor":7,"turns":6},{"damage":56,"enemies":"Gremlin Nob","floor":11,"turns":5}],"seed_played":"1998323032456490369","potions_obtained":[{"floor":1,"key":"GamblersBrew"},{"floor":4,"key":"Dexterity Potion"}],"is_trial":false,"path_per_floor":["M","M","M","M","$","R","E","R","T","?","E"],"character_chosen":"IRONCLAD","items_purchased":[],"campfire_rested":2,"item_purchase_floors":[],"current_hp_per_floor":[61,35,18,11,11,33,5,27,27,45,0,0],"gold":92,"neow_bonus":"BOSS_RELIC","is_daily":false,"chose_seed":false,"campfire_upgraded":0,"win_rate":0.0,"timestamp":1608428366,"path_taken":["M","?","M","M","$","R","E","R","T","?","E"],"items_purchased_type":[],"build_version":"2020-12-18","purchased_purges":1,"victory":false,"max_hp_per_floor":[75,75,75,75,75,75,75,75,75,75,75,75],"card_choices":[{"not_picked":["Heavy Blade","Shrug It Off"],"picked":"Flame Barrier","floor":1},{"not_picked":["Iron Wave","Shrug It Off"],"picked":"Inflame","floor":2},{"not_picked":["Heavy Blade","Flex"],"picked":"Twin Strike","floor":3},{"not_picked":["Metallicize","Second Wind"],"picked":"Carnage","floor":4},{"not_picked":["Combust","Heavy Blade","Perfected Strike"],"picked":"SKIP","floor":7}],"player_experience":2384316,"relics_obtained":[{"floor":7,"key":"Oddly Smooth Stone"},{"floor":9,"key":"Tiny Chest"}],"event_choices":[{"damage_healed":18,"gold_gain":0,"player_choice":"Healed","damage_taken":0,"max_hp_gain":0,"max_hp_loss":0,"event_name":"The Cleric","floor":10,"gold_loss":35}],"is_beta":true,"boss_relics":[],"items_purged_floors":[5],"is_endless":false,"potions_floor_spawned":[1,4],"killed_by":"Gremlin Nob","ascension_level":20}}