{"host":"sav7uxregyirlf69","time":1608469675,"event":{"mods":["AchievementEnabler","BaseMod","Colored Map","DeckTracker","Keyboard Shortcuts","Minty Spire (QoL Compilation)","READ ME - Guardian Mod","StSLib","SuperFastMode"],"gold_per_floor":[114,114,189,261,281,298,298,223,248,248,262,276,287,304,304,401,401,401],"floor_reached":17,"playtime":250,"items_purged":["Strike_R"],"score":149,"play_id":"e9ce1d92-d3dc-43fb-82fd-27fac84dec07","local_time":"20201220220755","is_ascension_mode":false,"campfire_choices":[{"data":"Inflame","floor":7,"key":"SMITH"},{"data":"Rampage","floor":10,"key":"SMITH"},{"data":"True Grit","floor":15,"key":"SMITH"}],"circlet_count":0,"master_deck":["Strike_R","Strike_R","Defend_R","Defend_R","Defend_R","Bash","Rampage+1","Sentinel","Inflame+1","True Grit+1","Corruption","Shockwave+1","Rampage+1","Barricade+1"],"relics":["Burning Blood","Astrolabe"],"acts_visited":["Exordium","TheCity"],"potions_floor_usage":[16,16],"damage_taken":[{"damage":0,"enemies":"Small Slimes","floor":1,"turns":3},{"damage":7,"enemies":"2 Louse","floor":5,"turns":3},{"damage":6,"enemies":"Jaw Worm","floor":6,"turns":3},{"damage":9,"enemies":"Exordium Thugs","floor":11,"turns":4},{"damage":13,"enemies":"Red Slaver","floor":12,"turns":4},{"damage":0,"enemies":"3 Louse","floor":13,"turns":4},{"damage":6,"enemies":"2 Fungi Beasts","floor":14,"turns":5},{"damage":26,"enemies":"The Guardian","floor":16,"turns":9}],"seed_played":"4303301100140775783","potions_obtained":[{"floor":6,"key":"LiquidBronze"},{"floor":11,"key":"SkillPotion"},{"floor":14,"key":"HeartOfIron"}],"is_trial":false,"path_per_floor":["M","?","?","T","M","M","R","$","T","R","M","M","M","M","R","B",null],"character_chosen":"IRONCLAD","items_purchased":[],"campfire_rested":0,"item_purchase_floors":[],"current_hp_per_floor":[88,93,82,82,81,81,81,81,81,81,78,71,77,77,77,57,93,93],"gold":401,"neow_bonus":"TEN_PERCENT_HP_BONUS","is_daily":false,"chose_seed":false,"campfire_upgraded":3,"win_rate":0.0,"timestamp":1608469675,"path_taken":["M","?","?","?","M","M","R","$","T","R","M","M","M","?","R","BOSS"],"items_purchased_type":[],"build_version":"2020-12-13","purchased_purges":1,"victory":false,"max_hp_per_floor":[88,93,93,93,93,93,93,93,93,93,93,93,93,93,93,93,93,93],"card_choices":[{"not_picked":["Havoc","Sever Soul"],"picked":"Rampage","floor":1},{"not_picked":["Flame Barrier","Sword Boomerang"],"picked":"Sentinel","floor":5},{"not_picked":["Clothesline","Feel No Pain"],"picked":"Inflame","floor":6},{"not_picked":["Iron Wave","Cleave","Thunderclap"],"picked":"SKIP","floor":11},{"not_picked":["Berserk","Combust","Sentinel"],"picked":"SKIP","floor":12},{"not_picked":["Thunderclap","Iron Wave"],"picked":"True Grit","floor":13},{"not_picked":["Perfected Strike","Body Slam","Cleave"],"picked":"SKIP","floor":14},{"not_picked":["Immolate","Bludgeon"],"picked":"Corruption","floor":16}],"player_experience":970097,"relics_obtained":[],"event_choices":[{"damage_healed":0,"gold_gain":0,"player_choice":"Donut","damage_taken":0,"max_hp_gain":5,"max_hp_loss":0,"event_name":"Big Fish","floor":2,"gold_loss":0},{"damage_healed":0,"gold_gain":75,"player_choice":"Gather Gold","damage_taken":11,"max_hp_gain":0,"max_hp_loss":0,"event_name":"World of Goop","floor":3,"gold_loss":0}],"is_beta":false,"boss_relics":[{"not_picked":["Calling Bell","Coffee Dripper"],"picked":"Astrolabe"}],"items_purged_floors":[8],"is_endless":false,"potions_floor_spawned":[6,11,14],"ascension_level":0}}