{"host":"6txiqg4kpf6cux77","time":1608494773,"event":{"mods":["AchievementEnabler","Act Like it!","BaseMod","Better Third Choice","BetterRewards","Colored Map","Colored Powertips","Friendly Minions","GifTheSpireLib","Infinite Spire","Minty Spire (QoL Compilation)","Permanent Neow","Shop Mod","StSLib","Stuff the Spire","The Servant 0.9.4","vexMod"],"gold_per_floor":[115,131,56,74,87,87,119,69,69,100,50,64,64,75,75,177,177,189,200,125,125,140,174,174,205,231,231,241,191,206,225,225,327,327,338,338,350,57,32,32,52,52,78,103,121,121,121,140,140,140],"floor_reached":51,"playtime":2955,"items_purged":["Shame","Defend_R","Strike_R","Strike_R","Defend_R"],"score":889,"play_id":"77460a3a-551a-4317-ab99-2de1ab20fe5d","local_time":"20201220220613","is_ascension_mode":true,"campfire_choices":[{"data":"Armaments","floor":6,"key":"SMITH"},{"floor":13,"key":"REST"},{"data":"Demon Form","floor":15,"key":"SMITH"},{"floor":24,"key":"REST"},{"floor":27,"key":"REST"},{"floor":32,"key":"REST"},{"data":"Berserk","floor":40,"key":"SMITH"},{"data":"Limit Break","floor":42,"key":"SMITH"},{"floor":46,"key":"REST"},{"data":"Shrug It Off","floor":49,"key":"SMITH"}],"circlet_count":0,"master_deck":["Defend_R","Defend_R","Bash","Armaments+1","infinitespire:OneForAll","Demon Form+1","Rampage","Shrug It Off+1","Juggernaut","Sword Boomerang+1","Berserk+1","Intimidate+1","Limit Break+1","Spot Weakness+1"],"relics":["Burning Blood","Smiling Mask","StuffTheSpire:RubySignet","Mango","Empty Cage","Nilry\u0027s Codex","StoneCalendar","PreservedInsect","StuffTheSpire:GrapeVine","StuffTheSpire:Kangaroo","vexMod:Dragonfruit","Blood Vial","StuffTheSpire:Gunfinga"],"acts_visited":["Exordium","TheCity","TheBeyond"],"potions_floor_usage":[10,10,16,19,22,22,22,23,25,28,30,33,41,48],"damage_taken":[{"damage":6,"enemies":"Cultist","floor":1,"turns":3},{"damage":8,"enemies":"Jaw Worm","floor":2,"turns":4},{"damage":7,"enemies":"Small Slimes","floor":4,"turns":4},{"damage":16,"enemies":"3 Louse","floor":5,"turns":4},{"damage":38,"enemies":"Lagavulin","floor":7,"turns":10},{"damage":41,"enemies":"Gremlin Nob","floor":10,"turns":5},{"damage":4,"enemies":"Blue Slaver","floor":12,"turns":4},{"damage":13,"enemies":"Large Slime","floor":14,"turns":4},{"damage":27,"enemies":"The Guardian","floor":16,"turns":9},{"damage":28,"enemies":"Chosen","floor":18,"turns":6},{"damage":17,"enemies":"Spheric Guardian","floor":19,"turns":5},{"damage":15,"enemies":"Chosen and Byrds","floor":22,"turns":7},{"damage":26,"enemies":"Book of Stabbing","floor":23,"turns":6},{"damage":49,"enemies":"Gremlin Leader","floor":25,"turns":6},{"damage":29,"enemies":"Shelled Parasite and Fungi","floor":28,"turns":4},{"damage":5,"enemies":"Snake Plant","floor":30,"turns":4},{"damage":32,"enemies":"Chosen and Byrds","floor":31,"turns":7},{"damage":26,"enemies":"Automaton","floor":33,"turns":5},{"damage":20,"enemies":"Orb Walker","floor":35,"turns":4},{"damage":12,"enemies":"3 Shapes","floor":37,"turns":5},{"damage":49,"enemies":"Sphere and 2 Shapes","floor":41,"turns":4},{"damage":36,"enemies":"Nemesis","floor":44,"turns":5},{"damage":46,"enemies":"Maw","floor":45,"turns":5},{"damage":17,"enemies":"Jaw Worm Horde","floor":48,"turns":3},{"damage":57,"enemies":"Awakened One","floor":50,"turns":6}],"seed_played":"7602237275452485606","potions_obtained":[{"floor":5,"key":"Dexterity Potion"},{"floor":7,"key":"SteroidPotion"},{"floor":10,"key":"Fruit Juice"},{"floor":14,"key":"PowerPotion"},{"floor":16,"key":"EntropicBrew"},{"floor":18,"key":"ColorlessPotion"},{"floor":22,"key":"Weak Potion"},{"floor":23,"key":"infinitespire:BlackPotion"},{"floor":25,"key":"Energy Potion"},{"floor":35,"key":"Regen Potion"},{"floor":45,"key":"LiquidMemories"},{"floor":48,"key":"Explosive Potion"}],"is_trial":false,"path_per_floor":["M","M","$","M","M","R","E","$","T","E","$","M","R","M","R","B",null,"M","M","?","?","M","E","R","E","T","R","M","$","M","M","R","B",null,"M","?","M","$","?","R","M","R","T","E","M","R","?","M","R","B",null],"character_chosen":"IRONCLAD","items_purchased":["vexMod:Dragonfruit"],"campfire_rested":5,"item_purchase_floors":[38],"current_hp_per_floor":[96,94,94,93,83,83,51,51,51,37,37,39,73,66,66,45,115,97,86,86,70,63,43,77,34,34,68,49,49,50,30,64,46,115,101,101,97,102,102,102,76,76,76,48,10,46,105,94,94,47],"gold":140,"neow_bonus":"TWENTY_PERCENT_HP_BONUS","is_daily":false,"chose_seed":false,"campfire_upgraded":5,"win_rate":0.0,"timestamp":1608494773,"path_taken":["M","?","$","?","M","R","E","?","T","E","$","M","R","M","R","BOSS","M","M","?","?","M","E","R","E","T","R","M","$","M","M","R","BOSS","M","?","M","$","?","R","M","R","T","E","M","R","?","M","R","BOSS"],"items_purchased_type":["Relic"],"build_version":"2020-12-13","purchased_purges":5,"victory":true,"max_hp_per_floor":[96,96,96,96,96,96,96,96,96,115,115,115,115,115,115,115,115,115,115,115,115,115,115,115,115,115,115,115,115,115,115,115,115,115,115,115,115,120,120,120,120,120,120,120,120,120,105,105,105,105],"card_choices":[{"not_picked":["Sentinel","Cleave"],"picked":"Armaments","floor":1},{"not_picked":["Headbutt","True Grit","Entrench"],"picked":"SKIP","floor":2},{"not_picked":["Clothesline","StuffTheSpire:Slingshot"],"picked":"infinitespire:OneForAll","floor":4},{"not_picked":["Body Slam","Armaments","Reckless Charge"],"picked":"SKIP","floor":5},{"not_picked":["True Grit","Havoc"],"picked":"Demon Form","floor":7},{"not_picked":["Wild Strike","Shrug It Off"],"picked":"Rampage","floor":10},{"not_picked":["Flex","Sentinel","Ghostly Armor"],"picked":"SKIP","floor":12},{"not_picked":["Evolve","Headbutt"],"picked":"Shrug It Off","floor":14},{"not_picked":["Feed","Exhume"],"picked":"Juggernaut","floor":16},{"not_picked":["Rupture","StuffTheSpire:Slingshot","Iron Wave"],"picked":"SKIP","floor":18},{"not_picked":["Havoc","Sentinel","Clash"],"picked":"SKIP","floor":19},{"not_picked":["Armaments+1","Body Slam"],"picked":"Sword Boomerang+1","floor":22},{"not_picked":["Barricade","Power Through","StuffTheSpire:Incineration"],"picked":"SKIP","floor":23},{"not_picked":["Flex","Second Wind"],"picked":"Berserk","floor":25},{"not_picked":["Headbutt","Shrug It Off"],"picked":"Intimidate+1","floor":28},{"not_picked":["Rupture+1","Thunderclap","Twin Strike"],"picked":"SKIP","floor":30},{"not_picked":["Perfected Strike+1","StuffTheSpire:RagingBull+1","Flex+1"],"picked":"SKIP","floor":31},{"not_picked":["StuffTheSpire:TitanForm","Reaper"],"picked":"Limit Break","floor":33},{"not_picked":["Hemokinesis","Body Slam","StuffTheSpire:RagingBull+1"],"picked":"SKIP","floor":35},{"not_picked":["Wild Strike+1","Sword Boomerang"],"picked":"Spot Weakness+1","floor":37},{"not_picked":["Wild Strike","StuffTheSpire:Incineration","Seeing Red"],"picked":"SKIP","floor":41},{"not_picked":["Reckless Charge+1","Burning Pact","Juggernaut"],"picked":"SKIP","floor":44},{"not_picked":["Havoc+1","StuffTheSpire:RockThrow+1","Combust"],"picked":"SKIP","floor":45},{"not_picked":["Inflame","Body Slam+1","Sword Boomerang+1"],"picked":"SKIP","floor":48}],"player_experience":176955,"relics_obtained":[{"floor":7,"key":"Smiling Mask"},{"floor":9,"key":"StuffTheSpire:RubySignet"},{"floor":10,"key":"Mango"},{"floor":21,"key":"Nilry\u0027s Codex"},{"floor":23,"key":"StoneCalendar"},{"floor":25,"key":"PreservedInsect"},{"floor":26,"key":"StuffTheSpire:GrapeVine"},{"floor":43,"key":"Blood Vial"},{"floor":44,"key":"StuffTheSpire:Gunfinga"}],"event_choices":[{"cards_removed":["Strike_R"],"damage_healed":0,"gold_gain":0,"player_choice":"Gave Gold","damage_taken":0,"max_hp_gain":0,"max_hp_loss":0,"event_name":"Beggar","floor":20,"gold_loss":75},{"damage_healed":0,"gold_gain":0,"player_choice":"Obtained Book","damage_taken":16,"max_hp_gain":0,"max_hp_loss":0,"event_name":"Cursed Tome","floor":21,"gold_loss":0},{"damage_healed":105,"gold_gain":0,"player_choice":"Heal","damage_taken":0,"max_hp_gain":0,"max_hp_loss":15,"event_name":"The Moai Head","floor":47,"gold_loss":0}],"is_beta":false,"boss_relics":[{"not_picked":["vexMod:BigBerry","Cursed Key"],"picked":"Empty Cage"},{"not_picked":["vexMod:RockOfEvil","Pandora\u0027s Box"],"picked":"StuffTheSpire:Kangaroo"}],"items_purged_floors":[3,8,11,29,38],"is_endless":false,"potions_floor_spawned":[5,7,10,14,16,18,22,23,25,35,45,48],"ascension_level":1}}