{"host":"xejbe68h77vtqdeb","time":1608470868,"event":{"mods":["2.2 Compatiblity","AchievementEnabler","BaseMod","Better Altar","Better Match","Better Note","Better Sensory Stone","Better Skull","Better Third Choice","BetterRewards","Block Reminder","Curses Come First","Displayed Cursed Tome","Friendly Minions","Hubris","Ironclad Rager","Minty Spire (QoL Compilation)","Rare Cards Sparkle","Relic Filter","Replay The Spire","Spicy Shops","StSLib","The Construct","The Dragon Tamer","The Mystic"],"gold_per_floor":[111,99,99,99,118,118,136,170,240,274,287,305,305,480,480,578,578,595,595,606,606,606,631,651,651,651,679,689,702,727,727,727,831,831,846,864,13,26,0,0,32,77,77,77,112,0,16,16,16,41,41,41,54,54,54,54,54,104,104,104,117,117,117,117,117,345,377,377],"floor_reached":74,"playtime":10805,"items_purged":["DTMod:Strike","DTMod:Strike","Doubt"],"score":2172,"play_id":"06dff92d-97ef-4ad3-9755-59cc43431a26","local_time":"20201220132748","is_ascension_mode":false,"metric_token":1619,"campfire_choices":[{"data":"DTMod:Observe","floor":6.0,"key":"SMITH"},{"data":"DTMod:Threaten","floor":6.0,"key":"SMITH"},{"data":"DTMod:SealedStrike","floor":13.0,"key":"SMITH"},{"data":"DTMod:SealedStrike+1","floor":13.0,"key":"SMITH"},{"data":"DTMod:SealedStrike+2","floor":15.0,"key":"SMITH"},{"data":"DTMod:SealedStrike+3","floor":15.0,"key":"SMITH"},{"floor":25,"key":"REST"},{"data":"DTMod:SealedStrike+4","floor":32,"key":"SMITH"},{"data":"DTMod:SneakAttack+1","floor":32,"key":"SMITH"},{"floor":40,"key":"REST"},{"floor":58,"key":"RECALL"},{"floor":60,"key":"REST"}],"dtmod_dragon_data":[50,50,3,2,6,7],"circlet_count":0,"master_deck":["DTMod:Strike+1","DTMod:DoubleHit+1","DTMod:TargetDefense+1","DTMod:TargetDefense+1","DTMod:TargetDefense+1","DTMod:TargetDefense+1","DTMod:SwitchingTactic+1","DTMod:HeatWave+1","DTMod:Training+1","Madness+1","DTMod:Dissolve+1","DTMod:Observe+1","DTMod:Threaten+1","DTMod:Cover+1","DTMod:SealedStrike+5","DTMod:CrossStep+1","DTMod:Training+1","DTMod:LightShield+1","CurseOfTheBell","Pot Of Greed+1","Pot Of Greed+1","DTMod:ComboAttack+1","DTMod:BurningEnergy+1","DTMod:SneakAttack+1","DTMod:Coolant+1","Pot Of Greed+1","DTMod:InvisibleFlame+1","DTMod:MagiciansMark+1","DTMod:Astonish+1","DTMod:ComboAttack+1","DTMod:Harmonize+1","DTMod:HeatWave+1","DTMod:FlameSlash+1","DTMod:StarRain","DTMod:StarRain+1","DTMod:DarkBreath+1","DTMod:TagTeam+1","DTMod:Dissolve+1","Pot Of Greed+1","DTMod:ForkedFire+1","DTMod:CalculatedDefense+1","DTMod:StarRain+1","DTMod:MagiciansMark+1","DTMod:LastStand+1"],"relics":["DTMod:PactStone","BargainBundle","hubris:EmptyBottle","Replay:Arrowhead","Gremlin Food","Replay:Ringing Soul","Lantern","Calling Bell","Grinning Jar","construct:FoamFinger","Replay:Towering Pillar of Hats","DTMod:BasicTextbook","Centennial Puzzle","Bag of Preparation","Potion Belt","Orichalcum","Gremlin Horn","hubris:ToyBattleship","hubris:BottledHeart","ChewingGum","DTMod:AncientBone","Vajra","Bag of Marbles","ReplayTheSpireMod:Lightbulb","Whetstone","Chameleon Ring","hubris:Teleporter","Ornamental Fan","hubris:DisguiseKit","Frozen Egg 2","Red Mask","Torii","Dead Branch","hubris:Potato","hubris:CrystalStatue","hubris:Metronome","hubris:TinFlute","Art of War"],"acts_visited":[],"potions_floor_usage":[16,16,16,23,23,23,23,23,23,24,24,24,27,27,27,27,27,28,30,33,35,36,52,52,52,52,52,52,52,52,73,73,73],"damage_taken":[{"damage":0.0,"enemies":"Jaw Worm","floor":1.0,"turns":4.0},{"damage":1.0,"enemies":"Cultist","floor":5.0,"turns":4.0},{"damage":0.0,"enemies":"2 Louse","floor":7.0,"turns":4.0},{"damage":0.0,"enemies":"Gremlin Nob","floor":8.0,"turns":5.0},{"damage":14.0,"enemies":"Lagavulin","floor":10.0,"turns":9.0},{"damage":0.0,"enemies":"Looter","floor":11.0,"turns":4.0},{"damage":0.0,"enemies":"Red Slaver","floor":12.0,"turns":4.0},{"damage":30,"enemies":"The Guardian","floor":16,"turns":13},{"damage":17,"enemies":"Spheric Guardian","floor":18,"turns":5},{"damage":0,"enemies":"Chosen","floor":20,"turns":7},{"damage":0,"enemies":"Slavers","floor":23,"turns":8},{"damage":0,"enemies":"Snake Plant","floor":24,"turns":3},{"damage":1,"enemies":"Gremlin Leader","floor":27,"turns":7},{"damage":0,"enemies":"Centurion and Healer","floor":28,"turns":6},{"damage":0,"enemies":"3 Cultists","floor":29,"turns":6},{"damage":0,"enemies":"Slavers","floor":30,"turns":6},{"damage":0,"enemies":"Automaton","floor":33,"turns":6},{"damage":0,"enemies":"Orb Walker","floor":35,"turns":2},{"damage":0,"enemies":"3 Darklings","floor":36,"turns":3},{"damage":0,"enemies":"Maw","floor":38,"turns":4},{"damage":0,"enemies":"Nemesis","floor":41,"turns":3},{"damage":0,"enemies":"Reptomancer","floor":45,"turns":1},{"damage":0,"enemies":"Jaw Worm Horde","floor":47,"turns":1},{"damage":0,"enemies":"R_Hoarder","floor":50,"turns":6},{"damage":0,"enemies":"hubris:GrandSnecko","floor":52,"turns":4},{"damage":0,"enemies":"Orb Walker","floor":53,"turns":1},{"damage":0,"enemies":"Mind Bloom Boss Battle","floor":62,"turns":2},{"damage":0,"enemies":"Writhing Mass","floor":66,"turns":1},{"damage":0,"enemies":"Time Eater","floor":68,"turns":1},{"damage":0,"enemies":"Shield and Spear","floor":72,"turns":2},{"damage":0,"enemies":"The Heart","floor":73,"turns":5}],"seed_played":"-5309977266048363540","potions_obtained":[{"floor":1.0,"key":"FearPotion"},{"floor":10.0,"key":"SpeedPotion"},{"floor":18,"key":"SmokeBomb"},{"floor":20,"key":"Adrenaline Potion"},{"floor":22,"key":"EntropicBrew"},{"floor":22,"key":"Ancient Potion"},{"floor":22,"key":"EntropicBrew"},{"floor":24,"key":"Weak Potion"},{"floor":33,"key":"AttackPotion"},{"floor":35,"key":"Explosive Potion"},{"floor":45,"key":"PowerPotion"},{"floor":51,"key":"Venom Potion"},{"floor":65,"key":"SteroidPotion"},{"floor":65,"key":"LifebloodPotion"},{"floor":66,"key":"LifebloodPotion"},{"floor":67,"key":"DuplicationPotion"},{"floor":67,"key":"SteroidPotion"},{"floor":70,"key":"Energy Potion"}],"is_trial":false,"path_per_floor":["M","$","?","?","M","R","M","E","T","E","M","M","R","?","R","B",null,"M","?","M","?","?","E","M","R","T","E","M","M","E","?","R","B",null,"M","M","$","M","$","R","E","?","T","T","E","?","M","PTL","PTL","E","R","B","M","$","$","R","R","?","?","R","M","R","B",null,"R","$","E","B",null],"character_chosen":"THE_DT","items_purchased":["BargainBundle","hubris:EmptyBottle","Replay:Arrowhead","DTMod:Training","AttackPotion","Madness","DTMod:Dissolve","DTMod:AncientBone","Vajra","Bag of Marbles","ReplayTheSpireMod:Lightbulb","DTMod:StarRain","Whetstone","Chameleon Ring","Fire Potion","hubris:CrystalStatue","hubris:Metronome","hubris:TinFlute"],"campfire_rested":3,"item_purchase_floors":[2,2,2,2,2,2,2,37,37,37,37,37,39,39,39,71,71,71],"current_hp_per_floor":[49,49,49,49,48,48,48,48,48,37,40,43,43,46,46,19,67,53,4,7,7,7,10,13,36,36,38,41,44,47,1,1,1,1,1,1,1,1,1,1,1,1,1,1,1,1,1,1,1,1,1,1,1,1,1,1,1,1,1,1,1,1,1,1,1,1,1,1],"gold":377,"neow_bonus":"TEN_PERCENT_HP_BONUS","is_daily":false,"chose_seed":false,"campfire_upgraded":8,"win_rate":0.0,"timestamp":1608470868,"path_taken":["M","$","?","?","M","R","M","E","T","E","M","?","R","?","R","BOSS","M","?","?","?","?","E","M","R","T","E","?","M","E","?","R","BOSS","M","M","$","M","$","R","E","?","T","?","E","?","M","PTL","PTL","E","R","BOSS","M","$","$","R","R","?","?","R","M","R","BOSS","R","$","E","BOSS"],"items_purchased_type":["Relic","Relic","Relic","Card","Potion","Card","Card","Relic","Relic","Relic","Relic","Card","Relic","Relic","Potion","Relic","Relic","Relic"],"build_version":"2020-12-13","purchased_purges":3,"victory":true,"max_hp_per_floor":[49,49,49,49,49,49,49,49,49,52,55,58,58,61,61,64,67,70,70,73,73,73,76,79,79,79,82,85,88,91,1,1,1,1,1,1,1,1,1,1,1,1,1,1,1,1,1,1,1,1,1,1,1,1,1,1,1,1,1,1,1,1,1,1,1,1,1,1],"card_choices":[{"not_picked":["DTMod:BreakAttack","DTMod:Observe"],"picked":"DTMod:HeatWave","floor":1.0},{"not_picked":["DTMod:BurningEnergy","DTMod:BlazingStrike"],"picked":"DTMod:Threaten","floor":5.0},{"not_picked":["DTMod:ForkedFire","DTMod:FierySynthesis"],"picked":"DTMod:Cover","floor":7.0},{"not_picked":["DTMod:BurningEnergy","DTMod:Punisher","DTMod:StunTrap"],"picked":"SKIP","floor":8.0},{"not_picked":["DTMod:QuickFly","DTMod:MaximumCharge"],"picked":"DTMod:SealedStrike","floor":10.0},{"not_picked":["DTMod:BlazingStrike","DTMod:HeatWave"],"picked":"DTMod:CrossStep","floor":11.0},{"not_picked":["DTMod:BlazingStrike","DTMod:ComboAttack"],"picked":"DTMod:Training","floor":12.0},{"not_picked":["DTMod:ExcessFootwork","DTMod:Multitask"],"picked":"DTMod:LightShield","floor":16},{"not_picked":["DTMod:BalancedStrike","DTMod:Threaten+1"],"picked":"DTMod:ComboAttack+1","floor":18},{"not_picked":["DTMod:Hide","DTMod:BalancedStrike"],"picked":"DTMod:BurningEnergy","floor":20},{"not_picked":["DTMod:Hide","DTMod:Feint"],"picked":"DTMod:SneakAttack","floor":23},{"not_picked":["DTMod:LightShield","DTMod:Threaten"],"picked":"DTMod:Coolant","floor":24},{"not_picked":["DTMod:LastStand+1","DTMod:PurifyingFlame"],"picked":"DTMod:InvisibleFlame","floor":27},{"not_picked":["DTMod:CleansingStrike","DTMod:GhostSkin"],"picked":"DTMod:MagiciansMark","floor":28},{"not_picked":["DTMod:BlazingStrike","DTMod:Feint"],"picked":"DTMod:Astonish+1","floor":29},{"not_picked":["DTMod:QuickFly","DTMod:WarmUp"],"picked":"DTMod:ComboAttack","floor":30},{"not_picked":["DTMod:Prediction","DTMod:HeadStart"],"picked":"DTMod:Harmonize","floor":33},{"not_picked":["DTMod:DeepFocus+1","DTMod:BalancedStrike+1"],"picked":"DTMod:HeatWave+1","floor":35},{"not_picked":["DTMod:Hide","DTMod:BizarreTactic"],"picked":"DTMod:FlameSlash","floor":36},{"not_picked":["DTMod:Threaten","DTMod:HeatWave+1"],"picked":"DTMod:DarkBreath+1","floor":38},{"not_picked":["DTMod:BizarreTactic","DTMod:Multitask"],"picked":"DTMod:TagTeam+1","floor":41},{"not_picked":["DTMod:BlazingStrike","DTMod:BuildUp"],"picked":"DTMod:Dissolve+1","floor":42},{"not_picked":["DTMod:Threaten","DTMod:BuildUp","Impervious"],"picked":"DTMod:ForkedFire+1","floor":45},{"not_picked":["DTMod:Hide","DTMod:Punisher","Twin Strike"],"picked":"DTMod:CalculatedDefense+1","floor":47},{"not_picked":["DTMod:QuickFly","DTMod:GearUp","Perfected Strike"],"picked":"DTMod:StarRain+1","floor":50},{"not_picked":["DTMod:ComboAttack","DTMod:Weaken+1","DTMod:Hide","Anger"],"picked":"SKIP","floor":53},{"not_picked":["DTMod:MasterPlan+1","DTMod:Threaten","Thunderclap"],"picked":"DTMod:MagiciansMark+1","floor":62},{"not_picked":["DTMod:Training+1","DTMod:Threaten+1","DTMod:FlameSlash+1","Cleave"],"picked":"SKIP","floor":66},{"not_picked":["DTMod:TriAttack","DTMod:Hide+1","ReplayTheSpireMod:Strike From Hell"],"picked":"DTMod:LastStand+1","floor":72}],"player_experience":275456,"relics_obtained":[{"floor":8.0,"key":"Gremlin Food"},{"floor":9.0,"key":"Replay:Ringing Soul"},{"floor":10.0,"key":"Lantern"},{"floor":17,"key":"Grinning Jar"},{"floor":17,"key":"construct:FoamFinger"},{"floor":17,"key":"Replay:Towering Pillar of Hats"},{"floor":23,"key":"Orichalcum"},{"floor":27,"key":"Gremlin Horn"},{"floor":30,"key":"hubris:ToyBattleship"},{"floor":41,"key":"Dead Branch"},{"floor":42,"key":"hubris:Teleporter"},{"floor":43,"key":"Ornamental Fan"},{"floor":44,"key":"hubris:DisguiseKit"},{"floor":45,"key":"Frozen Egg 2"},{"floor":50,"key":"Torii"},{"floor":62,"key":"hubris:Potato"},{"floor":72,"key":"Art of War"}],"event_choices":[{"damage_healed":0.0,"max_hp_gain":0.0,"max_hp_loss":0.0,"gold_gain":0.0,"cards_transformed":["DTMod:Strike"],"event_name":"Transmorgrifier","player_choice":"Transformed","floor":4.0,"gold_loss":0.0,"damage_taken":0.0,"cards_obtained":["DTMod:Observe"]},{"damage_healed":0.0,"max_hp_gain":0.0,"max_hp_loss":0.0,"gold_gain":175.0,"event_name":"betterThird:BetterSerpent","player_choice":"AGREE","floor":14.0,"gold_loss":0.0,"damage_taken":305.0},{"damage_healed":0,"gold_gain":0,"player_choice":"RE RE RE ","damage_taken":55,"relics_obtained":["DTMod:BasicTextbook","Centennial Puzzle","Bag of Preparation"],"max_hp_gain":0,"max_hp_loss":0,"event_name":"betterSkull:BetterSkull","floor":19,"gold_loss":0,"cards_upgraded":[]},{"cards_removed":["DTMod:BurningEnergy"],"damage_healed":0,"gold_gain":0,"player_choice":"Give","damage_taken":0,"max_hp_gain":0,"max_hp_loss":0,"event_name":"betterNote:BetterNote","floor":21,"gold_loss":0,"cards_obtained":["None"]},{"damage_healed":0,"gold_gain":0,"player_choice":"Got Potions","damage_taken":0,"max_hp_gain":0,"max_hp_loss":0,"event_name":"Lab","floor":22,"gold_loss":0},{"damage_healed":0,"gold_gain":0,"player_choice":"Paid","damage_taken":0,"relics_obtained":["Red Mask"],"max_hp_gain":0,"max_hp_loss":0,"event_name":"Tomb of Lord Red Mask","floor":46,"gold_loss":112},{"damage_healed":0,"gold_gain":0,"player_choice":"Fight","damage_taken":0,"max_hp_gain":0,"max_hp_loss":0,"event_name":"MindBloom","floor":62,"gold_loss":0}],"is_beta":false,"boss_relics":[{"not_picked":["Cursed Key","hubris:HollowSoul"],"picked":"Calling Bell"},{"not_picked":["Ring of Chaos","Busted Crown"],"picked":"ChewingGum"}],"items_purged_floors":[2,2,37],"is_endless":false,"potions_floor_spawned":[1,10,12,18,20,24,33,35,45,47,50,66],"ascension_level":0}}