{"host":"m6aaltr68g9tvoay","time":1608436568,"event":{"mods":["AchievementEnabler","BaseMod","Colored Map","Minty Spire (QoL Compilation)","StSLib"],"gold_per_floor":[110,24,24,24,37,62,62,72,95,95,111,111,146,157,157,234,234,251,263,263,17,32,32,32],"floor_reached":23,"playtime":891,"items_purged":[],"score":417,"play_id":"eb3162da-c31f-43e6-9c98-8b64a42bde15","local_time":"20201219195608","is_ascension_mode":true,"campfire_choices":[{"floor":7,"key":"REST"},{"data":"Accuracy","floor":10,"key":"SMITH"},{"data":"Cloak And Dagger","floor":12,"key":"SMITH"},{"data":"Skewer","floor":15,"key":"SMITH"}],"circlet_count":0,"master_deck":["AscendersBane","Defend_G","Defend_G","Defend_G","Survivor+1","Neutralize","Blur+1","Backstab","Bane","Poisoned Stab","Dagger Spray","Bullet Time","Accuracy+1","Cloak And Dagger+1","Skewer+1","Slice","Adrenaline","Bouncing Flask","Bite","Bite","Bite","Bite","Bite"],"relics":["Ring of the Snake","Toy Ornithopter","War Paint","Empty Cage","OrangePellets"],"acts_visited":["Exordium","TheCity"],"potions_floor_usage":[1,6,13,14,16,18,22],"damage_taken":[{"damage":0,"enemies":"Jaw Worm","floor":1,"turns":5},{"damage":0,"enemies":"2 Louse","floor":5,"turns":3},{"damage":24,"enemies":"Gremlin Nob","floor":6,"turns":4},{"damage":0,"enemies":"Cultist","floor":8,"turns":3},{"damage":3,"enemies":"Blue Slaver","floor":11,"turns":4},{"damage":18,"enemies":"3 Sentries","floor":13,"turns":7},{"damage":7,"enemies":"Exordium Wildlife","floor":14,"turns":6},{"damage":25,"enemies":"Hexaghost","floor":16,"turns":9},{"damage":7,"enemies":"Spheric Guardian","floor":18,"turns":4},{"damage":12,"enemies":"Chosen","floor":19,"turns":6},{"damage":41,"enemies":"Snecko","floor":22,"turns":6},{"damage":36,"enemies":"Gremlin Leader","floor":23,"turns":4}],"seed_played":"-7193018637049389994","potions_obtained":[{"floor":0,"key":"AttackPotion"},{"floor":0,"key":"DistilledChaos"},{"floor":1,"key":"SpeedPotion"},{"floor":11,"key":"PowerPotion"},{"floor":13,"key":"SneckoOil"},{"floor":14,"key":"PowerPotion"}],"is_trial":false,"path_per_floor":["M","$","?","?","M","E","R","M","T","R","M","R","E","M","R","B",null,"M","M","?","$","M","E"],"character_chosen":"THE_SILENT","items_purchased":["Backstab","OrangePellets","CunningPotion"],"campfire_rested":1,"item_purchase_floors":[2,21,21],"current_hp_per_floor":[59,59,59,59,59,35,54,56,56,56,55,55,44,44,44,26,56,56,46,46,46,22,0,0],"gold":32,"neow_bonus":"THREE_SMALL_POTIONS","is_daily":false,"chose_seed":false,"campfire_upgraded":3,"win_rate":0.0,"timestamp":1608436568,"path_taken":["M","$","?","?","M","E","R","M","T","R","?","R","E","M","R","BOSS","M","M","?","$","M","E"],"items_purchased_type":["Card","Relic","Potion"],"build_version":"2020-12-13","purchased_purges":0,"victory":false,"max_hp_per_floor":[66,66,66,66,66,66,66,66,66,66,66,66,66,66,66,66,66,66,66,66,66,66,66,66],"card_choices":[{"not_picked":["Dodge and Roll","Dagger Throw"],"picked":"Blur","floor":1},{"not_picked":["Deflect","Sucker Punch"],"picked":"Dagger Spray","floor":5},{"not_picked":["Poisoned Stab","Prepared"],"picked":"Bullet Time","floor":6},{"not_picked":["Choke","Deflect"],"picked":"Accuracy","floor":8},{"not_picked":["Poisoned Stab","Terror"],"picked":"Cloak And Dagger","floor":11},{"not_picked":["Dagger Throw","Leg Sweep"],"picked":"Skewer","floor":13},{"not_picked":["Endless Agony","Well Laid Plans"],"picked":"Slice","floor":14},{"not_picked":["Glass Knife","Bullet Time"],"picked":"Adrenaline","floor":16},{"not_picked":["Sucker Punch","Bane","Predator"],"picked":"SKIP","floor":18},{"not_picked":["Slice","Bane"],"picked":"Bouncing Flask","floor":19},{"not_picked":["Underhanded Strike","Dagger Spray","Riddle With Holes"],"picked":"SKIP","floor":22}],"player_experience":1266015,"relics_obtained":[{"floor":6,"key":"Blood Vial"},{"floor":9,"key":"Toy Ornithopter"},{"floor":13,"key":"War Paint"}],"event_choices":[{"damage_healed":0,"gold_gain":0,"cards_transformed":["Defend_G"],"player_choice":"Change","damage_taken":0,"max_hp_gain":0,"max_hp_loss":0,"event_name":"Living Wall","floor":3,"gold_loss":0,"cards_obtained":["Bane"]},{"damage_healed":0,"gold_gain":0,"player_choice":"1 cards matched","damage_taken":0,"max_hp_gain":0,"max_hp_loss":0,"event_name":"Match and Keep!","floor":4,"gold_loss":0,"cards_obtained":["Poisoned Stab"]},{"damage_healed":0,"gold_gain":0,"player_choice":"Became a vampire (Vial)","damage_taken":0,"max_hp_gain":0,"max_hp_loss":0,"event_name":"Vampires","floor":20,"relics_lost":["Blood Vial"],"gold_loss":0,"cards_obtained":["Bite","Bite","Bite","Bite","Bite"]}],"is_beta":false,"boss_relics":[{"not_picked":["Ectoplasm","Philosopher\u0027s Stone"],"picked":"Empty Cage"}],"items_purged_floors":[],"is_endless":false,"potions_floor_spawned":[1,11,13,14],"killed_by":"Gremlin Leader","ascension_level":19}}