{"host":"cjmwurvrz00ml9vd","time":1608493166,"event":{"mods":["2.2 Compatiblity","AchievementEnabler","Act Like it!","Aspiration","BaseMod","Beaked The Cultist","Better Third Choice","BetterRewards","Colored Powertips","Conspire","Downfall","Hermit","Hubris","Infinite Spire","Marisa????????","Marked Mod","Minty Spire (QoL Compilation)","Robot Space Explorer","StSLib","The Blackbeard","The Cursed","The Disciple","The Jungle","The Necromancer","The Servant 0.9.4","TheFirefly"],"gold_per_floor":[114,125,144,155,167,167,192,192,217,217,217],"floor_reached":10,"playtime":281,"items_purged":[],"score":95,"play_id":"1c350b40-bdb6-4775-84c9-1b1082b6c4df","local_time":"20201220203926","is_ascension_mode":true,"campfire_choices":[{"floor":6,"key":"REST"}],"circlet_count":0,"master_deck":["Strike_B","Strike_B","Strike_B","Strike_B","Defend_B","Defend_B","Defend_B","Defend_B","Zap","Dualcast","Streamline","Cold Snap","Ball Lightning"],"relics":["Cracked Core","Runic Capacitor","aspiration:EnhancedActuators","infinitespire:Satchel","Art of War","Regal Pillow"],"acts_visited":["Exordium"],"potions_floor_usage":[7,10,10],"damage_taken":[{"damage":2,"enemies":"Jaw Worm","floor":1,"turns":3},{"damage":5,"enemies":"Small Slimes","floor":2,"turns":3},{"damage":1,"enemies":"Cultist","floor":3,"turns":3},{"damage":6,"enemies":"Looter","floor":4,"turns":3},{"damage":13,"enemies":"Large Slime","floor":5,"turns":4},{"damage":1,"enemies":"Gremlin Nob","floor":7,"turns":3},{"damage":36,"enemies":"Lagavulin","floor":10,"turns":3}],"seed_played":"8572021210655235834","potions_obtained":[{"floor":3,"key":"BlessingOfTheForge"},{"floor":5,"key":"FocusPotion"}],"is_trial":false,"path_per_floor":["M","M","M","M","M","R","E","?","T","E"],"character_chosen":"DEFECT","items_purchased":["Runic Capacitor","aspiration:EnhancedActuators","Streamline","PotionOfCapacity"],"campfire_rested":1,"item_purchase_floors":[0,0,0,0],"current_hp_per_floor":[46,41,40,34,21,43,42,24,24,0,0],"gold":217,"neow_bonus":"","is_daily":false,"chose_seed":false,"campfire_upgraded":0,"win_rate":0.0,"timestamp":1608493166,"path_taken":["M","M","M","M","M","R","E","?","T","E"],"items_purchased_type":["Relic","Relic","Card","Potion"],"build_version":"2020-12-13","purchased_purges":0,"victory":false,"max_hp_per_floor":[75,75,75,75,75,75,75,75,75,75,75],"card_choices":[{"not_picked":["Compile Driver","Consume","Barrage"],"picked":"SKIP","floor":1},{"not_picked":["Streamline","Cold Snap","Rebound"],"picked":"SKIP","floor":2},{"not_picked":["Streamline","Cold Snap","Rebound"],"picked":"SKIP","floor":2},{"not_picked":["Stack","Genetic Algorithm"],"picked":"Cold Snap","floor":3},{"not_picked":["Meteor Strike","Rebound","hubris:Ukulele"],"picked":"SKIP","floor":4},{"not_picked":["Auto Shields","Go for the Eyes"],"picked":"Ball Lightning","floor":5},{"not_picked":["Beam Cell","Sweeping Beam","Multi-Cast"],"picked":"SKIP","floor":7}],"player_experience":625815,"relics_obtained":[{"floor":7,"key":"infinitespire:Satchel"},{"floor":9,"key":"Regal Pillow"}],"event_choices":[{"damage_healed":0,"gold_gain":0,"player_choice":"Relic ","damage_taken":18,"max_hp_gain":0,"max_hp_loss":0,"event_name":"betterThird:BetterScrap","floor":8,"gold_loss":0,"cards_obtained":["Concentrate"]}],"is_beta":false,"boss_relics":[],"items_purged_floors":[],"is_endless":false,"potions_floor_spawned":[3,5],"killed_by":"Lagavulin","ascension_level":7}}