{"host":"bux1pdxjwq4dkad9","time":1608448645,"event":{"mods":["BaseMod","Colored Map","Minty Spire (QoL Compilation)","Quick Restart","Robot Space Explorer","StSLib","SuperFastMode","°æ“≈ŒÔMod°øºÚµ•”Œœ∑"],"gold_per_floor":[117,72,87,102,27,61,79,110,110,126,155,165,192,192,192,266,266,285,285,314,314,314,344,344,369,443,477,377,394,230,258,258,334,334,351,351,201,211,222,252,252,252,277,324,357,375,386,417,417,417,417,417,417,60,87,87],"floor_reached":57,"playtime":2101,"items_purged":["Strike_B","Pain","Defend_B","Defend_B"],"score":3892,"play_id":"a7cfa39a-f237-4fb2-8015-afde8d6f22cd","local_time":"20201220151725","is_ascension_mode":true,"campfire_choices":[{"data":"Zap","floor":15.0,"key":"SMITH"},{"data":"Loop","floor":24.0,"key":"SMITH"},{"data":"Defragment","floor":32.0,"key":"SMITH"},{"floor":41.0,"key":"RECALL"},{"data":"Defragment","floor":49.0,"key":"SMITH"},{"data":"Defend_B","floor":53.0,"key":"PURGE"}],"circlet_count":0,"master_deck":["AscendersBane","Defend_B","Zap+1","Dualcast","Capacitor","Capacitor","Barrage+1","Turbo","Core Surge+1","Echo Form","Hologram","Doom and Gloom","Loop+1","Reboot","Defragment+1","Defragment+1","Seek","Finesse","Steam","Loop+1","Chaos+1","Madness","Madness","Master of Strategy","Amplify"],"relics":["FrozenCore","ImprovedEquipment","PreservedInsect","Symbiotic Virus","Blue Candle","Pantograph","Shuriken","WarpedTongs","Red Mask","Mummified Hand","Nunchaku","Omamori","Ginger","Sozu","Unceasing Top","Whetstone","Peace Pipe","Juzu Bracelet","Bird Faced Urn","ClockworkSouvenir","Oddly Smooth Stone"],"acts_visited":["Exordium","TheCity","TheBeyond","TheEnding"],"potions_floor_usage":[],"damage_taken":[{"damage":0.0,"enemies":"Cultist","floor":1.0,"turns":3.0},{"damage":0.0,"enemies":"Jaw Worm","floor":3.0,"turns":3.0},{"damage":0.0,"enemies":"2 Louse","floor":4.0,"turns":3.0},{"damage":0.0,"enemies":"3 Sentries","floor":6.0,"turns":5.0},{"damage":0.0,"enemies":"2 Fungi Beasts","floor":7.0,"turns":3.0},{"damage":0.0,"enemies":"Lagavulin","floor":8.0,"turns":4.0},{"damage":0.0,"enemies":"Large Slime","floor":10.0,"turns":4.0},{"damage":0.0,"enemies":"Gremlin Nob","floor":11.0,"turns":2.0},{"damage":0.0,"enemies":"Blue Slaver","floor":12.0,"turns":2.0},{"damage":0.0,"enemies":"3 Sentries","floor":13.0,"turns":5.0},{"damage":1.0,"enemies":"Slime Boss","floor":16.0,"turns":5.0},{"damage":1.0,"enemies":"Chosen","floor":18.0,"turns":3.0},{"damage":1.0,"enemies":"Masked Bandits","floor":20.0,"turns":3.0},{"damage":1.0,"enemies":"Slavers","floor":23.0,"turns":3.0},{"damage":1.0,"enemies":"Gremlin Leader","floor":25.0,"turns":3.0},{"damage":1.0,"enemies":"Slavers","floor":27.0,"turns":2.0},{"damage":0.0,"enemies":"Spheric Guardian","floor":29.0,"turns":3.0},{"damage":0.0,"enemies":"Book of Stabbing","floor":31.0,"turns":2.0},{"damage":0.0,"enemies":"Collector","floor":33.0,"turns":4.0},{"damage":0.0,"enemies":"3 Darklings","floor":35.0,"turns":2.0},{"damage":0.0,"enemies":"3 Shapes","floor":38.0,"turns":1.0},{"damage":0.0,"enemies":"3 Darklings","floor":39.0,"turns":2.0},{"damage":0.0,"enemies":"Reptomancer","floor":40.0,"turns":2.0},{"damage":0.0,"enemies":"2 Orb Walkers","floor":44.0,"turns":1.0},{"damage":0.0,"enemies":"Giant Head","floor":45.0,"turns":1.0},{"damage":1.0,"enemies":"Maw","floor":46.0,"turns":2.0},{"damage":0.0,"enemies":"Jaw Worm Horde","floor":47.0,"turns":2.0},{"damage":0.0,"enemies":"Reptomancer","floor":48.0,"turns":3.0},{"damage":0.0,"enemies":"Awakened One","floor":50.0,"turns":5.0},{"damage":0.0,"enemies":"Donu and Deca","floor":51.0,"turns":4.0},{"damage":0.0,"enemies":"Shield and Spear","floor":55.0,"turns":2.0},{"damage":0,"enemies":"The Heart","floor":56,"turns":5}],"seed_played":"638322969630652225","potions_obtained":[{"floor":1.0,"key":"SteroidPotion"},{"floor":6.0,"key":"SmokeBomb"},{"floor":10.0,"key":"Regen Potion"}],"is_trial":false,"path_per_floor":["M","$","M","M","$","E","M","E","T","M","E","M","E","?","R","B",null,"M","?","?","?","?","E","R","E","T","E","$","M","$","E","R","B",null,"M","?","$","M","M","E","R","?","T","?","E","M","M","E","R","B","B",null,"R","$","E","B",null],"character_chosen":"DEFECT","items_purchased":["Capacitor","Defragment","ClockworkSouvenir","Master of Strategy"],"campfire_rested":0,"item_purchase_floors":[2,30,54,54],"current_hp_per_floor":[64,64,64,64,64,64,64,64,64,64,64,64,64,64,64,70,71,70,70,69,69,69,68,68,67,67,66,66,66,66,66,66,71,71,71,61,61,61,61,61,61,48,48,48,48,47,47,47,47,71,71,71,71,71,71,71],"gold":87,"neow_bonus":"REMOVE_CARD","is_daily":false,"chose_seed":false,"campfire_upgraded":4,"win_rate":0.0,"timestamp":1608448645,"path_taken":["M","$","?","M","$","E","M","E","T","M","E","M","E","?","R","BOSS","M","?","?","?","?","E","R","E","T","E","$","M","?","E","R","BOSS","M","?","$","M","M","E","R","?","T","?","E","M","M","E","R","BOSS","BOSS","R","$","E","BOSS"],"items_purchased_type":["Card","Card","Relic","Card"],"build_version":"2020-12-13","purchased_purges":4,"victory":true,"max_hp_per_floor":[71,71,71,71,71,71,71,71,71,71,71,71,71,71,71,71,71,71,71,71,71,71,71,71,71,71,71,71,71,71,71,71,71,71,71,71,71,71,71,71,71,71,71,71,71,71,71,71,71,71,71,71,71,71,71,71],"card_choices":[{"not_picked":["Hello World","Compile Driver"],"picked":"Capacitor","floor":1.0},{"not_picked":["Barrage","Tempest","Streamline"],"picked":"SKIP","floor":3.0},{"not_picked":["Tempest","Streamline"],"picked":"Barrage","floor":3.0},{"not_picked":["Streamline","Beam Cell","Hologram"],"picked":"SKIP","floor":4.0},{"not_picked":["Undo","Steam","Leap"],"picked":"SKIP","floor":6.0},{"not_picked":["Cold Snap","Heatsinks","Sweeping Beam"],"picked":"SKIP","floor":7.0},{"not_picked":["Conserve Battery","Stack","Barrage"],"picked":"SKIP","floor":8.0},{"not_picked":["Leap","Go for the Eyes"],"picked":"Turbo","floor":10.0},{"not_picked":["Barrage","Core Surge","Sunder"],"picked":"SKIP","floor":11.0},{"not_picked":["Barrage","Sunder"],"picked":"Core Surge","floor":11.0},{"not_picked":["FTL","Heatsinks","Beam Cell"],"picked":"SKIP","floor":12.0},{"not_picked":["Cold Snap","Stack","Barrage"],"picked":"SKIP","floor":13.0},{"not_picked":["Rainbow","Amplify"],"picked":"Echo Form","floor":16.0},{"not_picked":["Leap","Gash","Ball Lightning"],"picked":"SKIP","floor":18.0},{"not_picked":["Redo+1","Self Repair"],"picked":"Loop","floor":23.0},{"not_picked":["Leap","Skim","Barrage"],"picked":"SKIP","floor":25.0},{"not_picked":["Rebound+1","Steam Power"],"picked":"Reboot","floor":27.0},{"not_picked":["Beam Cell","Darkness","Fusion"],"picked":"SKIP","floor":29.0},{"not_picked":["Hologram","Leap+1"],"picked":"Defragment","floor":31.0},{"not_picked":["All For One","Echo Form"],"picked":"Seek","floor":33.0},{"not_picked":["Stack+1","Go for the Eyes","Undo"],"picked":"SKIP","floor":35.0},{"not_picked":["The Bomb","Blind"],"picked":"Finesse","floor":36.0},{"not_picked":["Hologram","Leap"],"picked":"Steam","floor":38.0},{"not_picked":["Go for the Eyes","Stack"],"picked":"Loop+1","floor":39.0},{"not_picked":["Stack","Cold Snap+1"],"picked":"Chaos+1","floor":40.0},{"not_picked":["Self Repair","Barrage","Chaos"],"picked":"SKIP","floor":45.0},{"not_picked":["Beam Cell","Go for the Eyes+1","Aggregate"],"picked":"SKIP","floor":46.0},{"not_picked":["Stack","Barrage+1","Redo"],"picked":"SKIP","floor":47.0},{"not_picked":["Skim","Gash","Chaos"],"picked":"SKIP","floor":48.0},{"not_picked":["Sunder+1","Chaos"],"picked":"Amplify","floor":55.0}],"player_experience":2351522,"relics_obtained":[{"floor":6.0,"key":"PreservedInsect"},{"floor":8.0,"key":"Symbiotic Virus"},{"floor":9.0,"key":"Blue Candle"},{"floor":11.0,"key":"Pantograph"},{"floor":13.0,"key":"Shuriken"},{"floor":20.0,"key":"Red Mask"},{"floor":23.0,"key":"Mummified Hand"},{"floor":25.0,"key":"Nunchaku"},{"floor":27.0,"key":"Omamori"},{"floor":31.0,"key":"Ginger"},{"floor":40.0,"key":"Unceasing Top"},{"floor":43.0,"key":"Whetstone"},{"floor":44.0,"key":"Peace Pipe"},{"floor":45.0,"key":"Juzu Bracelet"},{"floor":48.0,"key":"Bird Faced Urn"},{"floor":55.0,"key":"Oddly Smooth Stone"}],"event_choices":[{"damage_healed":0.0,"max_hp_gain":0.0,"max_hp_loss":0.0,"gold_gain":0.0,"event_name":"Accursed Blacksmith","player_choice":"Rummage","floor":14.0,"gold_loss":0.0,"damage_taken":0.0,"relics_obtained":["WarpedTongs"],"cards_obtained":["Pain"]},{"damage_healed":0.0,"max_hp_gain":0.0,"max_hp_loss":0.0,"gold_gain":0.0,"cards_transformed":["Strike_B","Strike_B"],"event_name":"Drug Dealer","player_choice":"Became Test Subject","floor":19.0,"gold_loss":0.0,"damage_taken":0.0,"cards_obtained":["Hologram","Doom and Gloom"]},{"damage_healed":0.0,"max_hp_gain":0.0,"max_hp_loss":0.0,"gold_gain":0.0,"event_name":"Masked Bandits","player_choice":"Fought Bandits","floor":20.0,"gold_loss":0.0,"damage_taken":0.0},{"damage_healed":0.0,"max_hp_gain":0.0,"max_hp_loss":0.0,"gold_gain":0.0,"event_name":"Vampires","player_choice":"Ignored","floor":21.0,"gold_loss":0.0,"damage_taken":0.0},{"damage_healed":0.0,"max_hp_gain":0.0,"max_hp_loss":0.0,"gold_gain":0.0,"event_name":"Ghosts","player_choice":"Ignored","floor":22.0,"gold_loss":0.0,"damage_taken":0.0},{"damage_healed":0.0,"max_hp_gain":0.0,"max_hp_loss":0.0,"gold_gain":0.0,"event_name":"SensoryStone","player_choice":"Memory 3","floor":36.0,"gold_loss":0.0,"damage_taken":10.0},{"damage_healed":0.0,"max_hp_gain":0.0,"max_hp_loss":0.0,"gold_gain":0.0,"event_name":"Winding Halls","player_choice":"Embrace Madness","floor":42.0,"gold_loss":0.0,"damage_taken":13.0,"cards_obtained":["Madness","Madness"]},{"damage_healed":0.0,"max_hp_gain":0.0,"max_hp_loss":0.0,"gold_gain":0.0,"event_name":"Mysterious Sphere","player_choice":"Fight","floor":44.0,"gold_loss":0.0,"damage_taken":0.0}],"is_beta":false,"boss_relics":[{"not_picked":["Nuclear Battery","Snecko Eye"],"picked":"FrozenCore"},{"not_picked":["SacredBark","Runic Pyramid"],"picked":"Sozu"}],"items_purged_floors":[5,28,30,37],"is_endless":false,"potions_floor_spawned":[1,6,10,12,16,23,25,29,33,35,38,39,46,48],"ascension_level":20}}