{"host":"bq4pt811tk9yrmjl","time":1608472204,"event":{"mods":["AchievementEnabler","BaseMod","Colored Map","Colored Powertips","Defuse TimeMaze Blight","Minty Spire (QoL Compilation)","StSLib","SuperFastMode","UnlockEverythingMod"],"gold_per_floor":[118,118,118,293,65,65,65,93,93,134,152,152,176,202,202,328,328,349,7,31,31,31,31,65,65,65,65,104,104,53,117,117,237,237,255,318,318,651,131,131,143,11,11,28,28,47,47,47,47,47,47,47,47,80,80,80],"floor_reached":55,"playtime":1704,"items_purged":["Doubt"],"score":804,"play_id":"9ec2288e-8974-4cec-aa44-0fc90b10f249","local_time":"20201220115004","is_ascension_mode":true,"campfire_choices":[{"floor":6,"key":"RECALL"},{"data":"WindmillStrike","floor":12,"key":"SMITH"},{"data":"Eruption","floor":15,"key":"SMITH"},{"floor":23,"key":"REST"},{"data":"Apotheosis","floor":25,"key":"SMITH"},{"floor":29,"key":"REST"},{"data":"Wireheading","floor":32,"key":"SMITH"},{"floor":40,"key":"REST"},{"floor":45,"key":"REST"},{"floor":47,"key":"REST"},{"floor":49,"key":"REST"},{"floor":52,"key":"REST"}],"circlet_count":0,"master_deck":["Strike_P","Strike_P","Strike_P","Strike_P","Defend_P+1","Defend_P","Defend_P","Defend_P","Eruption+1","Vigilance+1","WindmillStrike+1","Wireheading+1","Evaluate","Vault","Prostrate","Apotheosis+1","FollowUp+1","Scrawl","WaveOfTheHand+1","Dramatic Entrance+1","BowlingBash+1","Bandage Up","CutThroughFate+1","ReachHeaven+1"],"relics":["PureWater","NeowsBlessing","War Paint","Odd Mushroom","Meat on the Bone","Damaru","Busted Crown","Regal Pillow","Blood Vial","Strawberry","Molten Egg 2","Prayer Wheel","Red Mask","Fusion Hammer","StoneCalendar","Torii","OrangePellets","InkBottle","Bottled Tornado"],"acts_visited":["Exordium","TheCity","TheBeyond","TheEnding"],"potions_floor_usage":[16,16,24,28,31,33,50,50,55],"damage_taken":[{"damage":0,"enemies":"2 Louse","floor":1,"turns":1},{"damage":0,"enemies":"The Mushroom Lair","floor":8,"turns":1},{"damage":0,"enemies":"3 Sentries","floor":10,"turns":1},{"damage":5,"enemies":"Jaw Worm","floor":11,"turns":4},{"damage":0,"enemies":"Small Slimes","floor":13,"turns":5},{"damage":31,"enemies":"Hexaghost","floor":16,"turns":10},{"damage":4,"enemies":"Chosen","floor":18,"turns":6},{"damage":22,"enemies":"2 Thieves","floor":20,"turns":5},{"damage":0,"enemies":"Book of Stabbing","floor":24,"turns":5},{"damage":24,"enemies":"Slavers","floor":28,"turns":8},{"damage":4,"enemies":"Masked Bandits","floor":31,"turns":4},{"damage":41,"enemies":"Automaton","floor":33,"turns":10},{"damage":22,"enemies":"3 Darklings","floor":35,"turns":10},{"damage":10,"enemies":"Mind Bloom Boss Battle","floor":36,"turns":10},{"damage":7,"enemies":"3 Shapes","floor":41,"turns":5},{"damage":0,"enemies":"Spire Growth","floor":44,"turns":5},{"damage":0,"enemies":"Sphere and 2 Shapes","floor":46,"turns":5},{"damage":59,"enemies":"Donu and Deca","floor":50,"turns":10},{"damage":29,"enemies":"Shield and Spear","floor":54,"turns":11},{"damage":51,"enemies":"The Heart","floor":55,"turns":9}],"seed_played":"-18711497339824789","potions_obtained":[{"floor":10,"key":"AttackPotion"},{"floor":13,"key":"Regen Potion"},{"floor":16,"key":"SpeedPotion"},{"floor":18,"key":"Strength Potion"},{"floor":20,"key":"DuplicationPotion"},{"floor":33,"key":"Fruit Juice"}],"is_trial":false,"path_per_floor":["M","$","?","?","$","R","$","?","T","E","M","R","M","T","R","B",null,"M","$","M","$","?","R","E","R","T","?","E","R","$","?","R","B",null,"M","?","?","?","$","R","M","$","T","M","R","M","R","?","R","B",null,"R","$","E","B"],"character_chosen":"WATCHER","items_purchased":["War Paint","Apotheosis","Regal Pillow","ColorlessPotion","Torii","OrangePellets","LiquidBronze","PowerPotion","Bandage Up"],"campfire_rested":7,"item_purchase_floors":[5,19,19,30,39,39,39,42,42],"current_hp_per_floor":[72,72,54,54,54,54,54,54,54,54,49,49,49,49,49,45,72,68,68,46,46,46,72,79,79,79,79,55,79,79,75,75,53,84,62,54,54,54,54,84,77,77,77,84,84,84,84,84,84,43,84,84,84,61,16,16],"gold":80,"neow_bonus":"THREE_ENEMY_KILL","is_daily":false,"chose_seed":false,"campfire_upgraded":4,"win_rate":0.0,"timestamp":1608472204,"path_taken":["M","$","?","?","$","R","$","?","T","E","?","R","M","?","R","BOSS","M","$","M","$","?","R","E","R","T","?","E","R","?","?","R","BOSS","M","?","?","?","?","R","M","?","T","M","R","M","R","?","R","BOSS","R","$","E","BOSS"],"items_purchased_type":["Relic","Card","Relic","Potion","Relic","Relic","Potion","Potion","Card"],"build_version":"2020-12-13","purchased_purges":1,"victory":false,"max_hp_per_floor":[72,72,72,72,72,72,72,72,72,72,72,72,72,72,72,72,72,72,72,72,72,72,72,79,79,79,79,79,79,79,79,79,84,84,84,84,84,84,84,84,84,84,84,84,84,84,84,84,84,84,84,84,84,84,84,84],"card_choices":[{"not_picked":["Crescendo","Halt"],"picked":"Weave","floor":1},{"not_picked":["SignatureMove","Crescendo"],"picked":"WindmillStrike","floor":8},{"not_picked":["SashWhip","Swivel","WindmillStrike"],"picked":"SKIP","floor":10},{"not_picked":["CarveReality","WreathOfFlame"],"picked":"Wireheading","floor":11},{"not_picked":["Sanctity","InnerPeace"],"picked":"Evaluate","floor":13},{"not_picked":["Scrawl","Brilliance"],"picked":"Vault","floor":16},{"not_picked":[],"picked":"Prostrate","floor":18},{"not_picked":["CrushJoints+1"],"picked":"SKIP","floor":20},{"not_picked":["Evaluate"],"picked":"SKIP","floor":24},{"not_picked":[],"picked":"FollowUp+1","floor":28},{"not_picked":[],"picked":"Scrawl","floor":33},{"not_picked":[],"picked":"WaveOfTheHand+1","floor":35},{"not_picked":["Crescendo+1"],"picked":"SKIP","floor":35},{"not_picked":[],"picked":"Dramatic Entrance+1","floor":37},{"not_picked":[],"picked":"BowlingBash+1","floor":41},{"not_picked":["Tantrum+1"],"picked":"SKIP","floor":41},{"not_picked":[],"picked":"CutThroughFate+1","floor":44},{"not_picked":["Worship+1"],"picked":"SKIP","floor":44},{"not_picked":[],"picked":"ReachHeaven+1","floor":46},{"not_picked":["FlurryOfBlows+1"],"picked":"SKIP","floor":46},{"not_picked":["Evaluate+1"],"picked":"SKIP","floor":54}],"player_experience":83659,"relics_obtained":[{"floor":8,"key":"Odd Mushroom"},{"floor":10,"key":"Meat on the Bone"},{"floor":14,"key":"Damaru"},{"floor":24,"key":"Strawberry"},{"floor":26,"key":"Molten Egg 2"},{"floor":28,"key":"Prayer Wheel"},{"floor":31,"key":"Red Mask"},{"floor":36,"key":"StoneCalendar"},{"floor":43,"key":"InkBottle"},{"floor":54,"key":"Bottled Tornado"}],"event_choices":[{"damage_healed":0,"gold_gain":0,"player_choice":"Take Damage","damage_taken":18,"relics_obtained":["Golden Idol"],"max_hp_gain":0,"max_hp_loss":0,"event_name":"Golden Idol","floor":3,"gold_loss":0},{"damage_healed":0,"gold_gain":175,"player_choice":"AGREE","damage_taken":0,"max_hp_gain":0,"max_hp_loss":0,"event_name":"Liars Game","floor":4,"gold_loss":0,"cards_obtained":["Doubt"]},{"damage_healed":0,"gold_gain":0,"player_choice":"Fought Mushrooms","damage_taken":0,"max_hp_gain":0,"max_hp_loss":0,"event_name":"Mushrooms","floor":8,"gold_loss":0},{"damage_healed":0,"gold_gain":0,"player_choice":"Opened","damage_taken":0,"relics_obtained":["Blood Vial"],"max_hp_gain":0,"max_hp_loss":0,"event_name":"The Mausoleum","floor":22,"gold_loss":0},{"damage_healed":0,"gold_gain":0,"player_choice":"Fought Bandits","damage_taken":0,"max_hp_gain":0,"max_hp_loss":0,"event_name":"Masked Bandits","floor":31,"gold_loss":0},{"damage_healed":0,"gold_gain":0,"player_choice":"Fight","damage_taken":0,"max_hp_gain":0,"max_hp_loss":0,"event_name":"MindBloom","floor":36,"gold_loss":0},{"damage_healed":0,"gold_gain":0,"player_choice":"Memory 1","damage_taken":0,"max_hp_gain":0,"max_hp_loss":0,"event_name":"SensoryStone","floor":37,"gold_loss":0},{"damage_healed":0,"gold_gain":333,"player_choice":"Gave Idol","damage_taken":0,"max_hp_gain":0,"max_hp_loss":0,"event_name":"The Moai Head","floor":38,"relics_lost":["Golden Idol"],"gold_loss":0},{"cards_removed":["Weave"],"damage_healed":0,"gold_gain":0,"player_choice":"Offered Uncommon","damage_taken":0,"max_hp_gain":0,"max_hp_loss":0,"event_name":"Bonfire Elementals","floor":48,"gold_loss":0}],"is_beta":false,"boss_relics":[{"not_picked":["Pandora\u0027s Box","Astrolabe"],"picked":"Busted Crown"},{"not_picked":["Black Star","Sozu"],"picked":"Fusion Hammer"}],"items_purged_floors":[5],"is_endless":false,"potions_floor_spawned":[10,13,16,18,20,33,44,46],"killed_by":"The Heart","ascension_level":1}}