{"host":"ho59mfosqnmja9sv","time":1608477339,"event":{"mods":["AchievementEnabler","BaseMod","Card Forge","Friendly Minions","Minty Spire (QoL Compilation)","StSLib"],"gold_per_floor":[114,134,211,211,226,262,262,281,281,281,325,345,389,389,389,509,509,532,386,386,402,402,443,464,500,500,500,519,552,552,576,576,699,699,715,411,434,434,450,485,521,521,521,537,555,575,500,500,500,500,500,500,380,423,423],"floor_reached":56,"playtime":1265,"items_purged":[],"score":2024,"play_id":"bd044449-c4f4-4ec4-9627-37d8567a51a4","local_time":"20201220171539","is_ascension_mode":true,"campfire_choices":[{"floor":7,"key":"RECALL"},{"floor":15,"key":"REST"},{"floor":32,"key":"REST"},{"floor":42,"key":"REST"},{"floor":49,"key":"REST"},{"floor":52,"key":"REST"}],"circlet_count":0,"master_deck":["Rampage+1","Shrug It Off+1","Pommel Strike+1","Shrug It Off+1","Pommel Strike+1"],"relics":["Burning Blood","Hammer of Thor","Seething Fire","Anvil of the Gods","Nunchaku","Golden Idol","Gremlin Horn","Vajra","Sundial","Philosopher\u0027s Stone","Sling","MutagenicStrength","Mercury Hourglass","Lizard Tail","WingedGreaves","Meat on the Bone","Busted Crown","Lantern","Membership Card","PreservedInsect","MealTicket","Self Forming Clay","Pen Nib","Pantograph","Toy Ornithopter"],"acts_visited":["Exordium","TheCity","TheBeyond","TheEnding"],"potions_floor_usage":[55,55],"damage_taken":[{"damage":0,"enemies":"Small Slimes","floor":1,"turns":2},{"damage":1,"enemies":"Jaw Worm","floor":2,"turns":2},{"damage":0,"enemies":"2 Louse","floor":5,"turns":2},{"damage":0,"enemies":"Gremlin Nob","floor":6,"turns":2},{"damage":0,"enemies":"Large Slime","floor":8,"turns":2},{"damage":0,"enemies":"3 Sentries","floor":11,"turns":3},{"damage":0,"enemies":"Looter","floor":12,"turns":2},{"damage":0,"enemies":"Gremlin Nob","floor":13,"turns":2},{"damage":0,"enemies":"Slime Boss","floor":16,"turns":2},{"damage":0,"enemies":"2 Thieves","floor":18,"turns":1},{"damage":0,"enemies":"Shell Parasite","floor":21,"turns":1},{"damage":0,"enemies":"Book of Stabbing","floor":23,"turns":1},{"damage":0,"enemies":"Shelled Parasite and Fungi","floor":24,"turns":1},{"damage":0,"enemies":"Slavers","floor":25,"turns":1},{"damage":0,"enemies":"Centurion and Healer","floor":28,"turns":1},{"damage":0,"enemies":"Gremlin Leader","floor":29,"turns":1},{"damage":0,"enemies":"Sentry and Sphere","floor":31,"turns":1},{"damage":0,"enemies":"Automaton","floor":33,"turns":2},{"damage":0,"enemies":"3 Darklings","floor":35,"turns":1},{"damage":0,"enemies":"Orb Walker","floor":37,"turns":1},{"damage":0,"enemies":"Spire Growth","floor":39,"turns":2},{"damage":0,"enemies":"Reptomancer","floor":40,"turns":1},{"damage":0,"enemies":"Giant Head","floor":41,"turns":1},{"damage":0,"enemies":"4 Shapes","floor":44,"turns":1},{"damage":0,"enemies":"Transient","floor":45,"turns":3},{"damage":0,"enemies":"Sphere and 2 Shapes","floor":46,"turns":1},{"damage":0,"enemies":"Donu and Deca","floor":50,"turns":2},{"damage":0,"enemies":"Shield and Spear","floor":54,"turns":1},{"damage":83,"enemies":"The Heart","floor":55,"turns":5}],"seed_played":"962290318194339590","potions_obtained":[{"floor":6,"key":"Weak Potion"},{"floor":12,"key":"Fire Potion"},{"floor":13,"key":"LiquidMemories"},{"floor":28,"key":"CultistPotion"}],"is_trial":false,"path_per_floor":["M","M","?","?","M","E","R","M","T","?","E","M","E","?","R","B",null,"M","$","?","M","?","E","M","E","T","$","M","E","?","M","R","B",null,"M","$","M","$","M","E","E","R","T","M","M","M","$","?","R","B",null,"R","$","E","B",null],"character_chosen":"IRONCLAD","items_purchased":["Sling","Lantern","Membership Card","Pen Nib","Pantograph"],"campfire_rested":5,"item_purchase_floors":[19,36,36,47,53],"current_hp_per_floor":[80,80,80,60,66,72,72,78,78,78,80,80,80,85,85,85,85,85,85,85,85,85,85,85,85,85,85,85,85,85,85,85,85,85,85,85,85,85,85,85,85,85,85,85,85,85,85,81,81,81,81,81,81,81,57],"gold":423,"neow_bonus":"RANDOM_COMMON_RELIC","is_daily":false,"chose_seed":false,"campfire_upgraded":0,"win_rate":0.0,"timestamp":1608477339,"path_taken":["M","M","?","?","M","E","R","M","T","?","E","M","E","?","R","BOSS","M","$","?","M","?","E","M","E","T","$","M","E","?","M","R","BOSS","M","$","M","$","?","E","E","R","T","?","M","M","$","?","R","BOSS","R","$","E","BOSS"],"items_purchased_type":["Relic","Relic","Relic","Relic","Relic"],"build_version":"2020-12-13","purchased_purges":0,"victory":true,"max_hp_per_floor":[80,80,80,80,80,80,80,80,80,80,80,80,80,85,85,85,85,85,85,85,85,85,85,85,85,85,85,85,85,85,85,85,85,85,85,85,85,85,85,85,85,85,85,85,85,85,85,81,81,81,81,81,81,81,81],"card_choices":[{"not_picked":["Cleave","Pommel Strike","Sentinel"],"picked":"SKIP","floor":1},{"not_picked":["Shrug It Off","Dropkick","Bloodletting"],"picked":"SKIP","floor":2},{"not_picked":["Shrug It Off","Dropkick","Bloodletting"],"picked":"SKIP","floor":2},{"not_picked":["Body Slam","Sword Boomerang","Searing Blow"],"picked":"SKIP","floor":5},{"not_picked":["True Grit","Combust","Fire Breathing"],"picked":"SKIP","floor":6},{"not_picked":["Iron Wave","Shrug It Off","Pommel Strike"],"picked":"SKIP","floor":8},{"not_picked":["Disarm","Exhume","Shrug It Off"],"picked":"SKIP","floor":11},{"not_picked":["Uppercut","Anger","Searing Blow"],"picked":"SKIP","floor":12},{"not_picked":["Dual Wield","Cleave","Carnage"],"picked":"SKIP","floor":13},{"not_picked":["Armaments","Sword Boomerang","Sever Soul+1"],"picked":"SKIP","floor":18},{"not_picked":["Dark Embrace","Dual Wield","Clothesline"],"picked":"SKIP","floor":21},{"not_picked":["Rupture","Cleave","Metallicize"],"picked":"SKIP","floor":23},{"not_picked":["Armaments","Cleave","Burning Pact"],"picked":"SKIP","floor":24},{"not_picked":["Body Slam+1","Bludgeon","Shrug It Off"],"picked":"SKIP","floor":25},{"not_picked":["Headbutt","Twin Strike","Clash+1"],"picked":"SKIP","floor":28},{"not_picked":["Cleave","Entrench+1","Iron Wave"],"picked":"SKIP","floor":29},{"not_picked":["Headbutt+1","Body Slam","Power Through"],"picked":"SKIP","floor":31},{"not_picked":["Clothesline+1"],"picked":"SKIP","floor":35},{"not_picked":["Whirlwind+1"],"picked":"SKIP","floor":37},{"not_picked":["Armaments"],"picked":"SKIP","floor":39},{"not_picked":["Pommel Strike"],"picked":"SKIP","floor":40},{"not_picked":["Warcry+1"],"picked":"SKIP","floor":41},{"not_picked":["Heavy Blade+1"],"picked":"SKIP","floor":44},{"not_picked":["Anger"],"picked":"SKIP","floor":45},{"not_picked":["Combust"],"picked":"SKIP","floor":46},{"not_picked":["Blood for Blood"],"picked":"SKIP","floor":54}],"player_experience":45917,"relics_obtained":[{"floor":6,"key":"Gremlin Horn"},{"floor":11,"key":"Vajra"},{"floor":13,"key":"Sundial"},{"floor":23,"key":"Mercury Hourglass"},{"floor":25,"key":"Lizard Tail"},{"floor":26,"key":"WingedGreaves"},{"floor":29,"key":"Meat on the Bone"},{"floor":40,"key":"PreservedInsect"},{"floor":41,"key":"MealTicket"},{"floor":43,"key":"Self Forming Clay"},{"floor":54,"key":"Toy Ornithopter"}],"event_choices":[{"damage_healed":0,"gold_gain":77,"player_choice":"Gained Gold","damage_taken":0,"max_hp_gain":0,"max_hp_loss":0,"event_name":"Golden Wing","floor":3,"gold_loss":0},{"damage_healed":0,"gold_gain":0,"player_choice":"Take Damage","damage_taken":20,"relics_obtained":["Golden Idol"],"max_hp_gain":0,"max_hp_loss":0,"event_name":"Golden Idol","floor":4,"gold_loss":0},{"damage_healed":0,"gold_gain":0,"player_choice":"Ignored","damage_taken":0,"max_hp_gain":0,"max_hp_loss":0,"event_name":"Shining Light","floor":10,"gold_loss":0},{"damage_healed":0,"gold_gain":0,"player_choice":"Donut","damage_taken":0,"max_hp_gain":5,"max_hp_loss":0,"event_name":"Big Fish","floor":14,"gold_loss":0},{"damage_healed":0,"gold_gain":0,"player_choice":"Inject Mutagens","damage_taken":0,"relics_obtained":["MutagenicStrength"],"max_hp_gain":0,"max_hp_loss":0,"event_name":"Drug Dealer","floor":20,"gold_loss":0},{"damage_healed":0,"gold_gain":0,"player_choice":"Ignored","damage_taken":0,"max_hp_gain":0,"max_hp_loss":0,"event_name":"Vampires","floor":22,"gold_loss":0},{"damage_healed":0,"gold_gain":0,"player_choice":"Ignored","damage_taken":0,"max_hp_gain":0,"max_hp_loss":0,"event_name":"Duplicator","floor":30,"gold_loss":0},{"damage_healed":0,"gold_gain":0,"player_choice":"Max HP","damage_taken":0,"max_hp_gain":0,"max_hp_loss":4,"event_name":"Winding Halls","floor":48,"gold_loss":0}],"is_beta":false,"boss_relics":[{"not_picked":["Runic Dome","Snecko Eye"],"picked":"Philosopher\u0027s Stone"},{"not_picked":["Tiny House","Cursed Key"],"picked":"Busted Crown"}],"items_purged_floors":[],"is_endless":false,"potions_floor_spawned":[6,12,13,24,25,28,31,33,37,40,44],"ascension_level":3}}