{"host":"2e3z4r48quhw80cc","time":1608434723,"event":{"mods":["BaseMod","Minty Spire (QoL Compilation)","Quick Restart","StSLib","SuperFastMode"],"gold_per_floor":[155,186,29,104,138,138,226,289,316,356,356,356,406,444,444,564,564,572,86,142,175,225,225,276,309,333,399,449,39,58,73,73,170,170,181,191,203,272,59,59,105,105,105,105,137,137,137,137,137,137],"floor_reached":51,"playtime":2654,"items_purged":["Strike_G","Strike_G","Defend_G"],"score":837,"play_id":"1c0a13e4-e4d9-42f6-a837-d8f039c1c554","local_time":"20201220122523","is_ascension_mode":true,"campfire_choices":[{"data":"Backflip","floor":6.0,"key":"SMITH"},{"floor":12.0,"key":"REST"},{"data":"Blade Dance","floor":15.0,"key":"SMITH"},{"data":"Malaise","floor":23.0,"key":"SMITH"},{"floor":32.0,"key":"REST"},{"data":"Well Laid Plans","floor":40.0,"key":"SMITH"},{"floor":42.0,"key":"REST"},{"data":"Catalyst","floor":44.0,"key":"SMITH"},{"floor":49,"key":"REST"}],"circlet_count":0,"master_deck":["Strike_G","Strike_G","Strike_G","Defend_G","Defend_G","Defend_G+1","Defend_G+1","Survivor","Neutralize","HandOfGreed","Backflip+1","Crippling Poison","Blade Dance+1","Footwork","Malaise+1","Flying Knee+1","Prepared","Noxious Fumes","Backflip+1","Deflect+1","Dagger Throw+1","Catalyst+1","Setup+1","Terror+1","Cloak And Dagger+1","Well Laid Plans+1","Madness","Madness","Outmaneuver+1"],"relics":["Ring of the Snake","Nunchaku","War Paint","Smiling Mask","Molten Egg 2","InkBottle","Busted Crown","Medical Kit","The Specimen","Omamori","MawBank","Strawberry","TwistedFunnel","Calling Bell","Blood Vial","Meat on the Bone","Incense Burner","Membership Card","Dream Catcher","Paper Crane","Mercury Hourglass"],"acts_visited":["Exordium","TheCity","TheBeyond"],"potions_floor_usage":[50,50],"damage_taken":[{"damage":0.0,"enemies":"2 Louse","floor":1.0,"turns":5.0},{"damage":1.0,"enemies":"Cultist","floor":2.0,"turns":4.0},{"damage":4.0,"enemies":"Jaw Worm","floor":5.0,"turns":4.0},{"damage":16.0,"enemies":"3 Sentries","floor":7.0,"turns":8.0},{"damage":0.0,"enemies":"Blue Slaver","floor":10.0,"turns":4.0},{"damage":14.0,"enemies":"Lagavulin","floor":13.0,"turns":13.0},{"damage":0.0,"enemies":"2 Fungi Beasts","floor":14.0,"turns":3.0},{"damage":18.0,"enemies":"Hexaghost","floor":16.0,"turns":11.0},{"damage":1.0,"enemies":"2 Thieves","floor":18.0,"turns":5.0},{"damage":6.0,"enemies":"3 Byrds","floor":20.0,"turns":6.0},{"damage":16.0,"enemies":"Snecko","floor":21.0,"turns":8.0},{"damage":6.0,"enemies":"Centurion and Healer","floor":22.0,"turns":6.0},{"damage":34.0,"enemies":"Gremlin Leader","floor":24.0,"turns":7.0},{"damage":1.0,"enemies":"Snake Plant","floor":25.0,"turns":6.0},{"damage":0.0,"enemies":"Chosen and Byrds","floor":27.0,"turns":6.0},{"damage":2.0,"enemies":"3 Cultists","floor":28.0,"turns":6.0},{"damage":0.0,"enemies":"Sentry and Sphere","floor":30.0,"turns":4.0},{"damage":0.0,"enemies":"Snake Plant","floor":31.0,"turns":5.0},{"damage":5.0,"enemies":"Collector","floor":33.0,"turns":11.0},{"damage":0.0,"enemies":"3 Shapes","floor":35.0,"turns":5.0},{"damage":0.0,"enemies":"3 Darklings","floor":36.0,"turns":5.0},{"damage":0.0,"enemies":"Sphere and 2 Shapes","floor":37.0,"turns":4.0},{"damage":19.0,"enemies":"Jaw Worm Horde","floor":38.0,"turns":4.0},{"damage":36.0,"enemies":"Reptomancer","floor":41.0,"turns":6.0},{"damage":0.0,"enemies":"Maw","floor":45.0,"turns":8.0},{"damage":13,"enemies":"Donu and Deca","floor":50,"turns":14}],"seed_played":"982424269967597026","potions_obtained":[{"floor":5.0,"key":"Poison Potion"},{"floor":7.0,"key":"Ancient Potion"},{"floor":10.0,"key":"EssenceOfSteel"},{"floor":20.0,"key":"Swift Potion"},{"floor":22.0,"key":"BlessingOfTheForge"},{"floor":28.0,"key":"PowerPotion"},{"floor":30.0,"key":"EssenceOfSteel"},{"floor":33.0,"key":"EssenceOfSteel"},{"floor":38.0,"key":"Block Potion"},{"floor":45.0,"key":"Weak Potion"}],"is_trial":false,"path_per_floor":["M","M","$","?","M","R","E","?","T","M","?","R","E","M","R","B",null,"M","$","M","M","M","R","E","M","T","M","M","$","M","M","R","B",null,"M","M","M","M","$","R","E","R","T","R","M","T","?","?","R","B",null],"character_chosen":"THE_SILENT","items_purchased":["Nunchaku","Medical Kit","The Specimen","Strawberry","TwistedFunnel","Catalyst","Membership Card","Well Laid Plans"],"campfire_rested":4,"item_purchase_floors":[3,19,19,29,29,29,39,39],"current_hp_per_floor":[49,48,48,37,33,33,17,17,17,17,17,38,24,24,24,6,70,69,69,63,47,41,41,7,6,6,6,4,11,11,11,34,29,77,77,77,77,58,58,58,36,59,59,59,61,61,51,51,74,63],"gold":137,"neow_bonus":"RANDOM_COLORLESS_2","is_daily":false,"chose_seed":false,"campfire_upgraded":5,"win_rate":0.0,"timestamp":1608434723,"path_taken":["M","M","$","?","M","R","E","?","T","M","?","R","E","M","R","BOSS","M","$","M","M","M","R","E","M","T","M","M","$","M","M","R","BOSS","M","M","M","M","$","R","E","R","T","R","M","?","?","?","R","BOSS"],"items_purchased_type":["Relic","Relic","Relic","Relic","Relic","Card","Relic","Card"],"build_version":"2020-12-13","purchased_purges":3,"victory":true,"max_hp_per_floor":[70,70,70,70,70,70,70,70,70,70,70,70,70,70,70,70,70,70,70,70,70,70,70,70,70,70,70,70,77,77,77,77,77,77,77,77,77,77,77,77,77,77,77,77,77,77,77,77,77,77],"card_choices":[{"not_picked":["Panache","Secret Technique"],"picked":"HandOfGreed","floor":0.0},{"not_picked":["Terror","Setup"],"picked":"Backflip","floor":1.0},{"not_picked":["Heel Hook","Riddle With Holes"],"picked":"Crippling Poison","floor":2.0},{"not_picked":["Dagger Spray","Distraction"],"picked":"Blade Dance","floor":5.0},{"not_picked":["PiercingWail","Endless Agony","Quick Slash"],"picked":"SKIP","floor":7.0},{"not_picked":["Acrobatics","Cloak And Dagger"],"picked":"Footwork","floor":10.0},{"not_picked":["Dash+1","Acrobatics","Expertise"],"picked":"SKIP","floor":13.0},{"not_picked":["Blade Dance","Unload+1","Riddle With Holes+1"],"picked":"SKIP","floor":14.0},{"not_picked":["Bullet Time","Grand Finale+1"],"picked":"Malaise","floor":16.0},{"not_picked":["Endless Agony+1"],"picked":"SKIP","floor":18.0},{"not_picked":[],"picked":"Flying Knee+1","floor":20.0},{"not_picked":[],"picked":"Prepared","floor":21.0},{"not_picked":[],"picked":"Noxious Fumes","floor":22.0},{"not_picked":[],"picked":"Backflip+1","floor":24.0},{"not_picked":["Quick Slash+1"],"picked":"SKIP","floor":25.0},{"not_picked":[],"picked":"Deflect+1","floor":27.0},{"not_picked":[],"picked":"Dagger Throw+1","floor":28.0},{"not_picked":[],"picked":"Setup+1","floor":30.0},{"not_picked":[],"picked":"Terror+1","floor":31.0},{"not_picked":["Deadly Poison"],"picked":"SKIP","floor":35.0},{"not_picked":["Dagger Spray+1"],"picked":"SKIP","floor":36.0},{"not_picked":["Tactician"],"picked":"SKIP","floor":37.0},{"not_picked":[],"picked":"Cloak And Dagger+1","floor":38.0},{"not_picked":["Endless Agony+1"],"picked":"SKIP","floor":41.0},{"not_picked":["Masterful Stab+1"],"picked":"SKIP","floor":45.0},{"not_picked":[],"picked":"Outmaneuver+1","floor":49}],"player_experience":65908,"relics_obtained":[{"floor":7.0,"key":"War Paint"},{"floor":9.0,"key":"Smiling Mask"},{"floor":11.0,"key":"Molten Egg 2"},{"floor":13.0,"key":"InkBottle"},{"floor":24.0,"key":"Omamori"},{"floor":26.0,"key":"MawBank"},{"floor":34.0,"key":"Blood Vial"},{"floor":34.0,"key":"Meat on the Bone"},{"floor":34.0,"key":"Incense Burner"},{"floor":41.0,"key":"Dream Catcher"},{"floor":43.0,"key":"Paper Crane"},{"floor":46.0,"key":"Mercury Hourglass"}],"event_choices":[{"damage_healed":0.0,"max_hp_gain":0.0,"max_hp_loss":0.0,"gold_gain":75.0,"event_name":"World of Goop","player_choice":"Gather Gold","floor":4.0,"gold_loss":0.0,"damage_taken":11.0},{"damage_healed":0.0,"max_hp_gain":0.0,"max_hp_loss":0.0,"gold_gain":63.0,"event_name":"Golden Wing","player_choice":"Gained Gold","floor":8.0,"gold_loss":0.0,"damage_taken":0.0},{"damage_healed":0.0,"max_hp_gain":0.0,"max_hp_loss":0.0,"gold_gain":0.0,"event_name":"Wheel of Change","player_choice":"Relic","floor":11.0,"gold_loss":0.0,"damage_taken":0.0},{"damage_healed":0.0,"max_hp_gain":0.0,"max_hp_loss":0.0,"gold_gain":0.0,"event_name":"Winding Halls","player_choice":"Embrace Madness","floor":47.0,"gold_loss":0.0,"damage_taken":10.0,"cards_obtained":["Madness","Madness"]},{"damage_healed":0,"gold_gain":0,"player_choice":"Memory 1","damage_taken":0,"max_hp_gain":0,"max_hp_loss":0,"event_name":"SensoryStone","floor":48,"gold_loss":0}],"is_beta":false,"boss_relics":[{"not_picked":["Cursed Key","Coffee Dripper"],"picked":"Busted Crown"},{"not_picked":["Fusion Hammer","SlaversCollar"],"picked":"Calling Bell"}],"items_purged_floors":[19,29,39],"is_endless":false,"potions_floor_spawned":[5,7,10,13,20,22,28,30,33,35,38,45],"ascension_level":3}}