{"host":"m6aaltr68g9tvoay","time":1608505607,"event":{"mods":["AchievementEnabler","BaseMod","Colored Map","Minty Spire (QoL Compilation)","StSLib"],"gold_per_floor":[118,118,118,128,142,142,172,172,226,239,239,256,256,282,282,360,360,375,375,375,290,304,304,304,320,344,344,12,25,25,25,25,102,102,117,129,79,29,47,47,74,74,99,99,110,135,10,10,10,10],"floor_reached":51,"playtime":1990,"items_purged":["Strike_B","Strike_B","Strike_B"],"score":1222,"play_id":"4e501ab4-f99e-4334-a446-f894998cec82","local_time":"20201220150647","is_ascension_mode":true,"campfire_choices":[{"data":"Streamline","floor":6.0,"key":"SMITH"},{"data":"Loop","floor":8.0,"key":"SMITH"},{"floor":11.0,"key":"REST"},{"data":"Genetic Algorithm","floor":13.0,"key":"SMITH"},{"floor":15.0,"key":"REST"},{"floor":24.0,"key":"REST"},{"floor":27.0,"key":"REST"},{"data":"Defragment","floor":30.0,"key":"SMITH"},{"floor":32.0,"key":"REST"},{"floor":40.0,"key":"REST"},{"floor":42.0,"key":"REST"},{"floor":44.0,"key":"REST"},{"floor":49,"key":"REST"}],"circlet_count":0,"master_deck":["AscendersBane","Strike_B","Defend_B","Defend_B","Defend_B","Defend_B","Zap","Dualcast","Rebound","Loop+1","Streamline+1","Self Repair","Genetic Algorithm+1","BootSequence","Electrodynamics+1","Leap","RitualDagger","Necronomicurse","Redo","Defragment+1","Ball Lightning","Amplify","Conserve Battery","Go for the Eyes","Barrage","Melter","Defragment+1"],"relics":["FrozenCore","Tiny Chest","Gambling Chip","Necronomicon","Mercury Hourglass","Vajra","Smiling Mask","Runic Capacitor","SlaversCollar","Ornamental Fan","Juzu Bracelet","Orichalcum"],"acts_visited":["Exordium","TheCity","TheBeyond"],"potions_floor_usage":[46,50],"damage_taken":[{"damage":4.0,"enemies":"2 Louse","floor":1.0,"turns":2.0},{"damage":7.0,"enemies":"Jaw Worm","floor":4.0,"turns":2.0},{"damage":18.0,"enemies":"Small Slimes","floor":5.0,"turns":3.0},{"damage":9.0,"enemies":"3 Louse","floor":10.0,"turns":3.0},{"damage":0.0,"enemies":"Large Slime","floor":12.0,"turns":4.0},{"damage":25.0,"enemies":"Lagavulin","floor":14.0,"turns":5.0},{"damage":53.0,"enemies":"The Guardian","floor":16.0,"turns":11.0},{"damage":20.0,"enemies":"Shell Parasite","floor":18.0,"turns":7.0},{"damage":0.0,"enemies":"Chosen","floor":22.0,"turns":4.0},{"damage":6.0,"enemies":"Snecko","floor":25.0,"turns":5.0},{"damage":10.0,"enemies":"Centurion and Healer","floor":29.0,"turns":7.0},{"damage":29.0,"enemies":"Champ","floor":33.0,"turns":12.0},{"damage":10.0,"enemies":"Orb Walker","floor":35.0,"turns":3.0},{"damage":0.0,"enemies":"3 Shapes","floor":36.0,"turns":4.0},{"damage":26.0,"enemies":"Sphere and 2 Shapes","floor":39.0,"turns":5.0},{"damage":33.0,"enemies":"Nemesis","floor":41.0,"turns":7.0},{"damage":13.0,"enemies":"3 Darklings","floor":45.0,"turns":5.0},{"damage":30,"enemies":"Giant Head","floor":46,"turns":9},{"damage":26,"enemies":"Time Eater","floor":50,"turns":13}],"seed_played":"6912976016118151540","potions_obtained":[{"floor":1.0,"key":"ColorlessPotion"},{"floor":5.0,"key":"DistilledChaos"},{"floor":14.0,"key":"PowerPotion"},{"floor":18.0,"key":"Dexterity Potion"},{"floor":33.0,"key":"CultistPotion"},{"floor":36.0,"key":"Weak Potion"},{"floor":39.0,"key":"DuplicationPotion"}],"is_trial":false,"path_per_floor":["M","?","?","M","M","R","?","R","T","M","R","M","R","E","R","B",null,"M","?","?","?","M","T","R","M","T","R","$","M","R","$","R","B",null,"M","M","?","$","M","R","E","R","T","R","M","E","$","?","R","B",null],"character_chosen":"DEFECT","items_purchased":["Runic Capacitor","Defragment","Ball Lightning","Melter"],"campfire_rested":9,"item_purchase_floors":[28,28,28,47],"current_hp_per_floor":[67,67,67,60,42,42,42,42,42,33,56,63,63,45,68,22,64,51,45,24,24,24,24,47,48,48,71,71,68,68,68,78,56,73,63,63,63,63,37,60,34,57,57,78,72,56,56,56,78,59],"gold":10,"neow_bonus":"TEN_PERCENT_HP_BONUS","is_daily":false,"chose_seed":false,"campfire_upgraded":4,"win_rate":0.0,"timestamp":1608505607,"path_taken":["M","?","?","M","M","R","?","R","T","M","R","M","R","E","R","BOSS","M","?","?","?","M","?","R","M","T","R","$","M","R","$","R","BOSS","M","M","?","$","M","R","E","R","T","R","M","E","?","?","R","BOSS"],"items_purchased_type":["Relic","Card","Card","Card"],"build_version":"2020-12-13","purchased_purges":3,"victory":true,"max_hp_per_floor":[78,78,78,78,78,78,78,78,78,78,78,78,78,78,78,78,78,78,78,78,78,78,78,78,78,78,78,78,78,78,78,78,78,78,78,78,78,78,78,78,78,78,78,78,78,78,78,78,78,78],"card_choices":[{"not_picked":["Chaos","Aggregate"],"picked":"Rebound","floor":1.0},{"not_picked":["Skim","Chaos"],"picked":"Loop","floor":4.0},{"not_picked":["Go for the Eyes","Force Field"],"picked":"Streamline","floor":5.0},{"not_picked":["Steam","Barrage"],"picked":"Self Repair","floor":10.0},{"not_picked":["Beam Cell","Sunder"],"picked":"Genetic Algorithm","floor":12.0},{"not_picked":["Compile Driver","Sweeping Beam"],"picked":"BootSequence","floor":14.0},{"not_picked":["Core Surge","Seek"],"picked":"Electrodynamics","floor":16.0},{"not_picked":["Gash","Doom and Gloom"],"picked":"Leap","floor":18.0},{"not_picked":["Turbo","Rebound"],"picked":"Redo","floor":22.0},{"not_picked":["Steam","Rip and Tear","Aggregate"],"picked":"SKIP","floor":25.0},{"not_picked":["Hologram","Scrape","Beam Cell"],"picked":"SKIP","floor":29.0},{"not_picked":["Hyperbeam","Creative AI"],"picked":"Amplify","floor":33.0},{"not_picked":["Compile Driver","Sunder","Gash"],"picked":"SKIP","floor":35.0},{"not_picked":["Compile Driver","Stack"],"picked":"Conserve Battery","floor":36.0},{"not_picked":["Steam","Stack+1"],"picked":"Go for the Eyes","floor":39.0},{"not_picked":["Steam","Streamline"],"picked":"Barrage","floor":41.0},{"not_picked":["Hologram","Beam Cell+1","Gash"],"picked":"SKIP","floor":45.0},{"not_picked":["All For One","Ball Lightning","Stack"],"picked":"SKIP","floor":46}],"player_experience":1272183,"relics_obtained":[{"floor":9.0,"key":"Tiny Chest"},{"floor":14.0,"key":"Gambling Chip"},{"floor":20.0,"key":"Necronomicon"},{"floor":23.0,"key":"Vajra"},{"floor":26.0,"key":"Smiling Mask"},{"floor":41.0,"key":"Ornamental Fan"},{"floor":43.0,"key":"Juzu Bracelet"},{"floor":46,"key":"Orichalcum"}],"event_choices":[{"damage_healed":0.0,"max_hp_gain":0.0,"max_hp_loss":0.0,"gold_gain":0.0,"event_name":"Golden Wing","player_choice":"Ignored","floor":2.0,"gold_loss":0.0,"damage_taken":0.0},{"damage_healed":0.0,"max_hp_gain":0.0,"max_hp_loss":0.0,"gold_gain":0.0,"event_name":"Shining Light","player_choice":"Ignored","floor":3.0,"gold_loss":0.0,"damage_taken":0.0},{"damage_healed":0.0,"max_hp_gain":0.0,"max_hp_loss":0.0,"gold_gain":30.0,"event_name":"Dead Adventurer","player_choice":"Searched \u00272\u0027 times","floor":7.0,"gold_loss":0.0,"damage_taken":0.0},{"damage_healed":0.0,"max_hp_gain":0.0,"max_hp_loss":0.0,"gold_gain":0.0,"event_name":"Nest","player_choice":"Joined the Cult","floor":19.0,"gold_loss":0.0,"damage_taken":6.0,"cards_obtained":["RitualDagger"]},{"damage_healed":0.0,"max_hp_gain":0.0,"max_hp_loss":0.0,"gold_gain":0.0,"event_name":"Cursed Tome","player_choice":"Obtained Book","floor":20.0,"gold_loss":0.0,"damage_taken":21.0},{"damage_healed":0.0,"max_hp_gain":0.0,"max_hp_loss":0.0,"gold_gain":0.0,"event_name":"Addict","player_choice":"Obtained Relic","floor":21.0,"gold_loss":85.0,"damage_taken":0.0,"relics_obtained":["Mercury Hourglass"]},{"damage_healed":0.0,"max_hp_gain":0.0,"max_hp_loss":0.0,"gold_gain":0.0,"event_name":"Designer","player_choice":"Upgrade","floor":37.0,"gold_loss":50.0,"damage_taken":0.0,"cards_upgraded":["Electrodynamics"]},{"damage_healed":0,"gold_gain":0,"player_choice":"Copied","damage_taken":0,"max_hp_gain":0,"max_hp_loss":0,"event_name":"Duplicator","floor":48,"gold_loss":0,"cards_obtained":["Defragment"]}],"is_beta":false,"boss_relics":[{"not_picked":["Empty Cage","Runic Pyramid"],"picked":"FrozenCore"},{"not_picked":["Snecko Eye","Coffee Dripper"],"picked":"SlaversCollar"}],"items_purged_floors":[28,38,47],"is_endless":false,"potions_floor_spawned":[1,5,14,18,33,36,39,45],"ascension_level":16}}