{"host":"woah5shdh5xsovm3","time":1608506149,"event":{"mods":["BaseMod","BetterRewards","Downfall","Hermit","Hubris","Infinite Spire","Jorbs\u0027s Wanderer Trilogy","Koishi","Marisa????????","Minty Spire (QoL Compilation)","Remilia??????","Replay The Spire","Shop Mod","StSLib","SuperFastMode","The Animator","The Bug Knight","The Construct","The Cursed","The Disciple","The Hierophant","The Necromancer","The Poker Player","The Runesmith","The Servant 0.9.4"],"gold_per_floor":[111,111,111,111,123,156,156,156,156,156,190,206,218,249,249,344,344,356,356,375,375,388,388,98,98,98,129,29,62,72,72,72,171,171,183,231,250,250,250,283,283,294,294,294,326,326,326,344,344,344],"floor_reached":51,"playtime":1949,"items_purged":["Strike_S","Strike_S","Defend_S"],"score":909,"play_id":"20ca32b5-1b1b-4832-a0fc-aec4ab2561c0","local_time":"20201220171549","is_ascension_mode":false,"campfire_choices":[{"floor":7,"key":"REST"},{"data":"FanOfKnives","floor":10,"key":"SMITH"},{"floor":15,"key":"REST"},{"floor":23,"key":"REST"},{"floor":25,"key":"REST"},{"floor":32,"key":"REST"},{"floor":41,"key":"REST"},{"floor":44,"key":"REST"},{"data":"TheWorld","floor":46,"key":"SMITH"},{"data":"hubris:Fate","floor":49,"key":"SMITH"}],"circlet_count":0,"master_deck":["Strike_S+1","Defend_S+1","Defend_S","KidneyShot","Exchange","Rearm","FanOfKnives+1","Ricochet","Starlight","Moonlight","BottledTime","ForgedInTime","Luminosity","hubris:Fate+1","SurpressingFire","SilverBlades+1","TheWorld+1","KillingDoll","CurseOfTheBell","SilverBlades","Luminosity+1"],"relics":["Uniform","NeowsBlessing","Mercury Hourglass","ReplayTheSpireMod:Ninjato","Dream Catcher","infinitespire:WardingShard","Toy Ornithopter","hubris:SlimyHat","MysterySword","Pan","Bird Faced Urn","Centennial Puzzle","Runesmith:Nanobots","Chemical X","Replay:Grab Bag","Replay:Bronze Core","Philosopher\u0027s Stone","hubris:Backtick","Onion Ring","Calling Bell","infinitespire:Satchel","infinitespire:ShieldingShard","hubris:64BitClover","CatCart","Replay:Bottled Snecko","Singing Bowl","InkBottle","hubris:Towel"],"acts_visited":["Exordium","TheCity","TheBeyond"],"potions_floor_usage":[14,16,27,29,42,50,50,50],"damage_taken":[{"damage":0,"enemies":"Cultist","floor":1,"turns":1},{"damage":0,"enemies":"2 Louse","floor":5,"turns":1},{"damage":0,"enemies":"Gremlin Nob","floor":6,"turns":1},{"damage":19,"enemies":"Lagavulin","floor":11,"turns":8},{"damage":0,"enemies":"Jaw Worm","floor":12,"turns":3},{"damage":7,"enemies":"Red Slaver","floor":13,"turns":3},{"damage":0,"enemies":"Gremlin Nob","floor":14,"turns":1},{"damage":30,"enemies":"Hexaghost","floor":16,"turns":9},{"damage":4,"enemies":"Spheric Guardian","floor":18,"turns":3},{"damage":23,"enemies":"Shell Parasite","floor":20,"turns":6},{"damage":18,"enemies":"Snake Plant","floor":22,"turns":3},{"damage":15,"enemies":"Replay:Snechameleon","floor":27,"turns":5},{"damage":11,"enemies":"Book of Stabbing","floor":29,"turns":5},{"damage":28,"enemies":"Centurion and Healer","floor":30,"turns":2},{"damage":42,"enemies":"Collector","floor":33,"turns":6},{"damage":0,"enemies":"Orb Walker","floor":35,"turns":1},{"damage":21,"enemies":"Orin","floor":36,"turns":5},{"damage":19,"enemies":"3 Darklings","floor":37,"turns":3},{"damage":49,"enemies":"Reptomancer","floor":40,"turns":5},{"damage":3,"enemies":"Jaw Worm Horde","floor":42,"turns":3},{"damage":0,"enemies":"Nemesis","floor":45,"turns":3},{"damage":3,"enemies":"Sphere and 2 Shapes","floor":48,"turns":3},{"damage":92,"enemies":"Awakened One","floor":50,"turns":6}],"seed_played":"7431253286917321528","potions_obtained":[{"floor":1,"key":"Ancient Potion"},{"floor":6,"key":"Venom Potion"},{"floor":12,"key":"infinitespire:BlackPotion"},{"floor":16,"key":"sneckomod:MuddlingPotion"},{"floor":20,"key":"SkillPotion"},{"floor":22,"key":"Regen Potion"},{"floor":29,"key":"sneckomod:MuddlingPotion"},{"floor":40,"key":"SteroidPotion"},{"floor":42,"key":"BlessingOfTheForge"},{"floor":45,"key":"BlessingOfTheForge"},{"floor":48,"key":"DistilledChaos"}],"is_trial":false,"path_per_floor":["M","?","?","T","M","E","R","?","T","R","E","M","M","E","R","B",null,"M","?","M","?","M","R","$","R","T","E","$","E","M","AVR","R","B",null,"M","?","M","?","?","E","R","M","T","R","E","R","?","M","R","B",null],"character_chosen":"THE_SERVANT","items_purchased":["SurpressingFire","Pan"],"campfire_rested":7,"item_purchase_floors":[24,24],"current_hp_per_floor":[65,52,40,40,40,40,59,59,59,59,40,40,33,38,57,32,65,61,61,38,22,4,23,23,42,42,52,52,52,30,30,49,15,65,65,44,33,33,33,8,27,37,37,58,69,69,69,71,71,40],"gold":344,"neow_bonus":"THREE_ENEMY_KILL","is_daily":false,"chose_seed":false,"campfire_upgraded":3,"win_rate":0.0,"timestamp":1608506149,"path_taken":["M","?","?","?","?","E","R","?","T","R","E","M","M","E","R","BOSS","M","?","M","?","M","R","?","R","T","E","$","E","?","AVR","R","BOSS","M","?","M","?","?","E","R","M","T","R","E","R","?","?","R","BOSS"],"items_purchased_type":["Card","Relic"],"build_version":"2020-12-13","purchased_purges":3,"victory":true,"max_hp_per_floor":[65,65,65,65,65,65,65,65,65,65,65,65,65,65,65,65,65,65,65,65,65,65,65,65,65,65,65,65,65,65,65,65,65,65,65,65,65,65,65,65,65,65,65,67,69,69,69,71,71,71],"card_choices":[{"not_picked":["BottledTime","DoubleEdge"],"picked":"Rearm","floor":1},{"not_picked":["Hightail","Rearm","Unruled"],"picked":"SKIP","floor":5},{"not_picked":["Sabotage","Snipe"],"picked":"FanOfKnives","floor":6},{"not_picked":["Alleviate","TimeWarp"],"picked":"Ricochet","floor":11},{"not_picked":["Deadline","ReturningBlade"],"picked":"Starlight","floor":12},{"not_picked":["TimeWarp","FastForward","DoubleEdge"],"picked":"SKIP","floor":13},{"not_picked":["Spin","Moondial"],"picked":"Moonlight","floor":14},{"not_picked":["Moondial","Spin"],"picked":"BottledTime","floor":15},{"not_picked":["PendulumOfEternity","Deny"],"picked":"ForgedInTime","floor":16},{"not_picked":["TimeWarp","Unruled","FanOfKnives"],"picked":"SKIP","floor":18},{"not_picked":["FastForward","Collapse","RealityMarble"],"picked":"SKIP","floor":20},{"not_picked":["hubris:Rewind","infinitespire:DeathsTouch"],"picked":"hubris:Fate","floor":21},{"not_picked":["Desolation","Spin","Hightail"],"picked":"SKIP","floor":22},{"not_picked":["RealityMarble","Unruled"],"picked":"SilverBlades+1","floor":25},{"not_picked":["Sabotage","SurpressingFire"],"picked":"TheWorld","floor":27},{"not_picked":["Comet+1","Alleviate+1","Sabotage"],"picked":"SKIP","floor":29},{"not_picked":["Unruled+1","DoubleEdge+1","Potential"],"picked":"SKIP","floor":30},{"not_picked":["Duplication","LightFlow"],"picked":"KillingDoll","floor":33},{"not_picked":["Spin+1","ShatteredReality+1"],"picked":"SilverBlades","floor":35},{"not_picked":["Alleviate","Unruled","Starlight"],"picked":"SKIP","floor":37},{"not_picked":["DoubleEdge+1","Spin+1","PendulumOfEternity"],"picked":"SKIP","floor":40},{"not_picked":["BottledTime+1","Ricochet"],"picked":"Luminosity+1","floor":42},{"not_picked":["Rearm+1","Potential+1","ReturningBlade"],"picked":"Singing Bowl","floor":44},{"not_picked":["TrueSight","Luminosity","ReturningBlade+1"],"picked":"Singing Bowl","floor":45},{"not_picked":["Unruled+1","DoubleEdge+1","TimeTheft+1"],"picked":"Singing Bowl","floor":48}],"player_experience":394246,"relics_obtained":[{"floor":4,"key":"ReplayTheSpireMod:Ninjato"},{"floor":6,"key":"Dream Catcher"},{"floor":9,"key":"infinitespire:WardingShard"},{"floor":11,"key":"Toy Ornithopter"},{"floor":14,"key":"hubris:SlimyHat"},{"floor":26,"key":"Bird Faced Urn"},{"floor":27,"key":"Centennial Puzzle"},{"floor":29,"key":"Runesmith:Nanobots"},{"floor":34,"key":"infinitespire:Satchel"},{"floor":34,"key":"infinitespire:ShieldingShard"},{"floor":34,"key":"hubris:64BitClover"},{"floor":36,"key":"CatCart"},{"floor":40,"key":"Replay:Bottled Snecko"},{"floor":43,"key":"Singing Bowl"},{"floor":45,"key":"InkBottle"}],"event_choices":[{"damage_healed":0,"gold_gain":0,"player_choice":"Entered Light","damage_taken":13,"max_hp_gain":0,"max_hp_loss":0,"event_name":"Shining Light","floor":2,"gold_loss":0,"cards_upgraded":["Defend_S","Strike_S"]},{"damage_healed":0,"gold_gain":0,"player_choice":"Success","damage_taken":12,"relics_obtained":["Mercury Hourglass"],"max_hp_gain":0,"max_hp_loss":0,"event_name":"Scrap Ooze","floor":3,"gold_loss":0},{"cards_removed":["Strike_S"],"damage_healed":0,"gold_gain":0,"player_choice":"Forget","damage_taken":0,"max_hp_gain":0,"max_hp_loss":0,"event_name":"Living Wall","floor":8,"gold_loss":0},{"damage_healed":0,"gold_gain":0,"player_choice":"Read","damage_taken":0,"max_hp_gain":0,"max_hp_loss":0,"event_name":"The Library","floor":19,"gold_loss":0,"cards_obtained":["Luminosity"]},{"damage_healed":0,"gold_gain":0,"player_choice":"Fight","damage_taken":0,"max_hp_gain":0,"max_hp_loss":0,"event_name":"OrinTheCat","floor":36,"gold_loss":0},{"cards_removed":["Defend_S"],"damage_healed":0,"gold_gain":0,"player_choice":"Removed Skill","damage_taken":0,"max_hp_gain":0,"max_hp_loss":0,"event_name":"Falling","floor":38,"gold_loss":0}],"is_beta":false,"boss_relics":[{"not_picked":["ReplayTheSpireMod:SealedPack","SlaversCollar"],"picked":"MysterySword"},{"not_picked":["Abe\u0027s Treasure","hubris:RunicObelisk"],"picked":"Replay:Grab Bag"},{"not_picked":["hubris:GrandSneckoEye","Runic Dome"],"picked":"Replay:Bronze Core"},{"not_picked":["hubris:TerracottaHorce","ReplayTheSpireMod:Onyx Gauntlets"],"picked":"Philosopher\u0027s Stone"},{"not_picked":["hubris:HollowSoul","StoneMask"],"picked":"hubris:Backtick"},{"not_picked":["Ring of Chaos","Empty Cage"],"picked":"Calling Bell"}],"items_purged_floors":[24,28,31],"is_endless":false,"potions_floor_spawned":[1,6,12,16,20,22,29,40,42,45,48],"ascension_level":0}}