{"host":"fne7yx97fnz7kq05","time":1608478800,"event":{"mods":["BaseMod","Colored Map","Colored Powertips","Highlight Path","Minty Spire (QoL Compilation)","Relic Stats"],"gold_per_floor":[17,30,30,30,30,65,17,17,92,92,110,134,148,184,184,280,280,296,319,319,339,144,185,185,285,285,300,324,324,359,383,383,474,474,498,498,66,86,86,86,119,132,132,132,83,116,116,141,141,141,141,141,13,54,54,54],"floor_reached":55,"playtime":3726,"items_purged":["Strike_R","Strike_R"],"score":1411,"play_id":"d7e1e080-0dd0-4890-a314-bd063845fdaa","local_time":"20201220094000","is_ascension_mode":true,"campfire_choices":[{"data":"Combust","floor":8.0,"key":"SMITH"},{"data":"Shrug It Off","floor":10.0,"key":"SMITH"},{"floor":15.0,"key":"REST"},{"data":"Rupture","floor":24.0,"key":"SMITH"},{"data":"Limit Break","floor":29.0,"key":"SMITH"},{"floor":32.0,"key":"REST"},{"floor":40.0,"key":"RECALL"},{"data":"Pommel Strike","floor":44,"key":"SMITH"},{"data":"Limit Break","floor":47,"key":"SMITH"},{"floor":49,"key":"REST"},{"data":"Heavy Blade","floor":52,"key":"SMITH"}],"circlet_count":0,"master_deck":["AscendersBane","Strike_R","Strike_R","Strike_R","Defend_R","Defend_R","Defend_R","Defend_R","Bash","Secret Weapon","Cleave+1","Shrug It Off+1","Combust+1","Clothesline","Rupture+1","Heavy Blade+1","Pommel Strike+1","Limit Break+1","Ghostly","Ghostly","Ghostly","Ghostly","Ghostly","Hemokinesis","Shockwave+1","Pommel Strike","Spot Weakness","Shrug It Off","Limit Break+1","Dark Shackles","Armaments+1","Pommel Strike+1","Heavy Blade","Twin Strike","Ghostly Armor"],"relics":["Burning Blood","Golden Idol","Pear","White Beast Statue","Ice Cream","SlaversCollar","StoneCalendar","Omamori","Philosopher\u0027s Stone","HornCleat","Centennial Puzzle","Frozen Egg 2","Paper Frog","Lantern"],"acts_visited":["Exordium","TheCity","TheBeyond","TheEnding"],"potions_floor_usage":[48,50,50,50,50,54,54,55],"damage_taken":[{"damage":5.0,"enemies":"Small Slimes","floor":1.0,"turns":4.0},{"damage":7.0,"enemies":"2 Louse","floor":2.0,"turns":3.0},{"damage":58.0,"enemies":"Lagavulin","floor":6.0,"turns":8.0},{"damage":3.0,"enemies":"Jaw Worm","floor":11.0,"turns":3.0},{"damage":2.0,"enemies":"Gremlin Gang","floor":12.0,"turns":3.0},{"damage":4.0,"enemies":"Looter","floor":13.0,"turns":3.0},{"damage":28.0,"enemies":"3 Sentries","floor":14.0,"turns":4.0},{"damage":29.0,"enemies":"The Guardian","floor":16.0,"turns":11.0},{"damage":30.0,"enemies":"Chosen","floor":18.0,"turns":5.0},{"damage":16.0,"enemies":"3 Byrds","floor":19.0,"turns":5.0},{"damage":6.0,"enemies":"Centurion and Healer","floor":21.0,"turns":8.0},{"damage":8.0,"enemies":"Gremlin Leader","floor":23.0,"turns":7.0},{"damage":5.0,"enemies":"Snake Plant","floor":27.0,"turns":6.0},{"damage":7.0,"enemies":"Snecko","floor":28.0,"turns":6.0},{"damage":22.0,"enemies":"Book of Stabbing","floor":30.0,"turns":7.0},{"damage":9.0,"enemies":"3 Cultists","floor":31.0,"turns":5.0},{"damage":7.0,"enemies":"Collector","floor":33.0,"turns":8.0},{"damage":15.0,"enemies":"3 Shapes","floor":35.0,"turns":6.0},{"damage":4.0,"enemies":"3 Darklings","floor":38.0,"turns":5.0},{"damage":8,"enemies":"Nemesis","floor":41,"turns":7},{"damage":14,"enemies":"Transient","floor":42,"turns":5},{"damage":9,"enemies":"Reptomancer","floor":46,"turns":7},{"damage":18,"enemies":"Spire Growth","floor":48,"turns":6},{"damage":23,"enemies":"Awakened One","floor":50,"turns":8},{"damage":19,"enemies":"Shield and Spear","floor":54,"turns":7},{"damage":39,"enemies":"The Heart","floor":55,"turns":6}],"seed_played":"-4797415659401018442","potions_obtained":[{"floor":1.0,"key":"Swift Potion"},{"floor":2.0,"key":"Swift Potion"},{"floor":11.0,"key":"Strength Potion"},{"floor":12.0,"key":"Ancient Potion"},{"floor":13.0,"key":"PowerPotion"},{"floor":14.0,"key":"HeartOfIron"},{"floor":16.0,"key":"BloodPotion"},{"floor":18.0,"key":"LiquidMemories"},{"floor":19.0,"key":"Explosive Potion"},{"floor":23.0,"key":"Energy Potion"},{"floor":28.0,"key":"LiquidMemories"},{"floor":31.0,"key":"PowerPotion"},{"floor":33.0,"key":"Explosive Potion"},{"floor":35.0,"key":"Dexterity Potion"},{"floor":42,"key":"DuplicationPotion"},{"floor":46,"key":"BloodPotion"},{"floor":48,"key":"EntropicBrew"},{"floor":54,"key":"PowerPotion"}],"is_trial":false,"path_per_floor":["M","M","?","?","?","E","$","R","T","R","M","M","M","E","R","B",null,"M","M","?","M","$","E","R","?","T","M","M","R","E","M","R","B",null,"M","?","$","M","?","R","E","M","T","R","$","E","R","M","R","B",null,"R","$","E","B"],"character_chosen":"IRONCLAD","items_purchased":["Block Potion","Hemokinesis","Armaments","Dark Shackles","HornCleat","Heavy Blade","Regen Potion","SkillPotion"],"campfire_rested":3,"item_purchase_floors":[7,22,22,37,37,45,53,53],"current_hp_per_floor":[73,72,72,72,72,30,30,30,30,30,33,37,39,17,42,19,68,60,50,42,42,42,40,40,40,40,41,40,40,24,21,33,32,40,31,31,31,33,33,33,31,23,23,23,23,20,20,16,28,11,34,34,34,35,0,0],"gold":54,"neow_bonus":"RANDOM_COLORLESS_2","is_daily":false,"chose_seed":false,"campfire_upgraded":7,"win_rate":0.0,"timestamp":1608478800,"path_taken":["M","M","?","?","?","E","?","R","T","R","M","M","M","E","R","BOSS","M","?","?","M","$","E","R","?","T","M","?","R","E","M","R","BOSS","M","?","$","M","?","R","E","M","T","R","$","E","R","M","R","BOSS","R","$","E","BOSS"],"items_purchased_type":["Potion","Card","Card","Card","Relic","Card","Potion","Potion"],"build_version":"2020-12-13","purchased_purges":2,"victory":false,"max_hp_per_floor":[80,80,80,80,74,84,84,84,84,84,84,84,84,84,84,84,84,84,84,42,42,42,42,42,42,42,42,42,42,42,42,42,42,42,42,42,42,42,42,42,42,42,42,42,42,42,42,42,42,42,42,42,42,42,42,42],"relic_stats":{"Centennial Puzzle":[18],"counters":[26,153],"Golden Idol":160,"StoneCalendar":[142],"obtain_stats":[{"Ice Cream":14,"Lantern":54,"Pear":6,"Golden Idol":5,"StoneCalendar":23,"Omamori":30,"Frozen Egg 2":43,"Burning Blood":0,"White Beast Statue":9,"SlaversCollar":17,"Centennial Puzzle":41,"HornCleat":37,"Philosopher\u0027s Stone":34,"Paper Frog":46},{"Ice Cream":7,"Lantern":25,"Pear":3,"Golden Idol":2,"StoneCalendar":12,"Omamori":15,"Frozen Egg 2":21,"Burning Blood":0,"White Beast Statue":3,"SlaversCollar":8,"Centennial Puzzle":20,"HornCleat":18,"Philosopher\u0027s Stone":17,"Paper Frog":22},{"Ice Cream":28,"Lantern":147,"Pear":15,"Golden Idol":7,"StoneCalendar":64,"Omamori":83,"Frozen Egg 2":119,"Burning Blood":0,"White Beast Statue":15,"SlaversCollar":39,"Centennial Puzzle":114,"HornCleat":102,"Philosopher\u0027s Stone":96,"Paper Frog":126}],"Burning Blood":150},"card_choices":[{"not_picked":["Violence","Chrysalis"],"picked":"Secret Weapon","floor":0.0},{"not_picked":["Clash","Thunderclap"],"picked":"Cleave","floor":1.0},{"not_picked":["True Grit","Heavy Blade"],"picked":"Shrug It Off","floor":2.0},{"not_picked":["Warcry","Sword Boomerang"],"picked":"Combust","floor":6.0},{"not_picked":["Shrug It Off","Body Slam"],"picked":"Clothesline","floor":11.0},{"not_picked":["Pummel","Cleave"],"picked":"Rupture","floor":12.0},{"not_picked":["Clothesline","Searing Blow"],"picked":"Heavy Blade","floor":13.0},{"not_picked":["Headbutt","Flex"],"picked":"Pommel Strike","floor":14.0},{"not_picked":["Flex","Intimidate","Anger"],"picked":"SKIP","floor":18.0},{"not_picked":["Twin Strike","Combust"],"picked":"Limit Break","floor":19.0},{"not_picked":["Ghostly Armor","Infernal Blade","Flame Barrier"],"picked":"SKIP","floor":21.0},{"not_picked":["Body Slam","Ghostly Armor","Rupture"],"picked":"SKIP","floor":23.0},{"not_picked":["Twin Strike","Havoc"],"picked":"Shockwave+1","floor":27.0},{"not_picked":["Cleave+1","Thunderclap"],"picked":"Pommel Strike","floor":28.0},{"not_picked":["Havoc","Hemokinesis"],"picked":"Spot Weakness","floor":30.0},{"not_picked":["Shockwave","Clothesline"],"picked":"Shrug It Off","floor":31.0},{"not_picked":["Exhume","Juggernaut"],"picked":"Limit Break","floor":33.0},{"not_picked":["Flame Barrier","Headbutt","Flex+1"],"picked":"SKIP","floor":35.0},{"not_picked":["Havoc","Shrug It Off"],"picked":"Armaments+1","floor":38.0},{"not_picked":["Bloodletting","Clash"],"picked":"Pommel Strike+1","floor":41},{"not_picked":["Flex","Anger","Dropkick"],"picked":"SKIP","floor":42},{"not_picked":["Corruption+1","Burning Pact","Clothesline"],"picked":"SKIP","floor":46},{"not_picked":["Havoc","Second Wind"],"picked":"Twin Strike","floor":48},{"not_picked":["True Grit","Thunderclap"],"picked":"Ghostly Armor","floor":54}],"player_experience":77070,"relics_obtained":[{"floor":6.0,"key":"Pear"},{"floor":9.0,"key":"White Beast Statue"},{"floor":14.0,"key":"Ice Cream"},{"floor":23.0,"key":"StoneCalendar"},{"floor":30.0,"key":"Omamori"},{"floor":41,"key":"Centennial Puzzle"},{"floor":43,"key":"Frozen Egg 2"},{"floor":46,"key":"Paper Frog"},{"floor":54,"key":"Lantern"}],"event_choices":[{"damage_healed":0.0,"max_hp_gain":0.0,"max_hp_loss":0.0,"gold_gain":0.0,"event_name":"Living Wall","player_choice":"Grow","floor":3.0,"gold_loss":0.0,"damage_taken":0.0,"cards_upgraded":["Cleave"]},{"damage_healed":0.0,"max_hp_gain":0.0,"max_hp_loss":0.0,"gold_gain":0.0,"event_name":"Liars Game","player_choice":"Ignored","floor":4.0,"gold_loss":0.0,"damage_taken":0.0},{"damage_healed":0.0,"max_hp_gain":0.0,"max_hp_loss":6.0,"gold_gain":0.0,"event_name":"Golden Idol","player_choice":"Lose Max HP","floor":5.0,"gold_loss":0.0,"damage_taken":0.0,"relics_obtained":["Golden Idol"]},{"damage_healed":0.0,"max_hp_gain":0.0,"max_hp_loss":42.0,"gold_gain":0.0,"event_name":"Ghosts","player_choice":"Became a Ghost","floor":20.0,"gold_loss":0.0,"damage_taken":0.0,"cards_obtained":["Ghostly","Ghostly","Ghostly","Ghostly","Ghostly"]},{"damage_healed":0.0,"max_hp_gain":0.0,"max_hp_loss":0.0,"gold_gain":100.0,"event_name":"Golden Shrine","player_choice":"Pray","floor":25.0,"gold_loss":0.0,"damage_taken":0.0},{"damage_healed":0.0,"max_hp_gain":0.0,"max_hp_loss":0.0,"gold_gain":0.0,"event_name":"Mysterious Sphere","player_choice":"Ignored","floor":36.0,"gold_loss":0.0,"damage_taken":0.0},{"cards_removed":["Armaments"],"damage_healed":0.0,"max_hp_gain":0.0,"max_hp_loss":0.0,"gold_gain":0.0,"event_name":"Falling","player_choice":"Removed Skill","floor":39.0,"gold_loss":0.0,"damage_taken":0.0}],"is_beta":false,"boss_relics":[{"not_picked":["Runic Pyramid","Tiny House"],"picked":"SlaversCollar"},{"not_picked":["Sozu","Fusion Hammer"],"picked":"Philosopher\u0027s Stone"}],"items_purged_floors":[22,37],"is_endless":false,"potions_floor_spawned":[1,2,11,12,13,14,16,18,19,21,23,27,28,30,31,33,35,38,41,42,46,48,54],"killed_by":"The Heart","ascension_level":13}}