{"host":"m6aaltr68g9tvoay","time":1608438346,"event":{"mods":["AchievementEnabler","BaseMod","Colored Map","Minty Spire (QoL Compilation)","StSLib"],"gold_per_floor":[115,115,13,13,26,26,58,126,126,176,187,237,237,264,264,340,340,357,433,452,464,514,514,527,553,607,607,21,33,8,58,58,129,129,141,241,254,154,222,2,52,66,66,76,95,145,417,431,431,431],"floor_reached":51,"playtime":1754,"items_purged":["Strike_G","Strike_G"],"score":1323,"play_id":"a397a498-dd1e-40be-9c7e-c88f6bd5ff31","local_time":"20201219202546","is_ascension_mode":true,"campfire_choices":[{"data":"Infinite Blades","floor":6,"key":"SMITH"},{"floor":13,"key":"REST"},{"floor":15,"key":"REST"},{"floor":23,"key":"REST"},{"floor":27,"key":"REST"},{"floor":32,"key":"REST"},{"floor":49,"key":"REST"}],"circlet_count":0,"master_deck":["AscendersBane","Strike_G","Strike_G","Strike_G","Defend_G","Defend_G","Defend_G","Defend_G","Neutralize","Infinite Blades+1","Dash","Cloak And Dagger","Backstab","Finisher","PiercingWail","Accuracy","Adrenaline","Cloak And Dagger+1","Slice","Slice","Blade Dance","Die Die Die","Caltrops+1"],"relics":["Ring of the Snake","SsserpentHead","Darkstone Periapt","Happy Flower","Paper Crane","Shuriken","WristBlade","Red Mask","White Beast Statue","Akabeko","Potion Belt","OrangePellets","Omamori","Busted Crown","Vajra","Frozen Egg 2"],"acts_visited":["Exordium","TheCity","TheBeyond"],"potions_floor_usage":[7,14,21,25,33,39,40,44,45,48,50,50],"damage_taken":[{"damage":1,"enemies":"2 Louse","floor":1,"turns":3},{"damage":0,"enemies":"Cultist","floor":5,"turns":4},{"damage":21,"enemies":"3 Sentries","floor":7,"turns":10},{"damage":0,"enemies":"Small Slimes","floor":8,"turns":2},{"damage":11,"enemies":"Exordium Wildlife","floor":11,"turns":5},{"damage":17,"enemies":"Lagavulin","floor":14,"turns":5},{"damage":45,"enemies":"Slime Boss","floor":16,"turns":11},{"damage":10,"enemies":"3 Byrds","floor":18,"turns":6},{"damage":27,"enemies":"Masked Bandits","floor":19,"turns":4},{"damage":0,"enemies":"2 Thieves","floor":20,"turns":3},{"damage":8,"enemies":"Chosen and Byrds","floor":21,"turns":5},{"damage":5,"enemies":"Snecko","floor":24,"turns":4},{"damage":12,"enemies":"Book of Stabbing","floor":25,"turns":4},{"damage":2,"enemies":"Cultist and Chosen","floor":29,"turns":3},{"damage":40,"enemies":"Automaton","floor":33,"turns":7},{"damage":0,"enemies":"Orb Walker","floor":35,"turns":2},{"damage":18,"enemies":"3 Shapes","floor":37,"turns":4},{"damage":33,"enemies":"Jaw Worm Horde","floor":39,"turns":6},{"damage":2,"enemies":"Transient","floor":42,"turns":6},{"damage":6,"enemies":"Sphere and 2 Shapes","floor":44,"turns":4},{"damage":0,"enemies":"3 Darklings","floor":45,"turns":2},{"damage":1,"enemies":"Transient","floor":48,"turns":6},{"damage":89,"enemies":"Donu and Deca","floor":50,"turns":7}],"seed_played":"7978448182946434712","potions_obtained":[{"floor":1,"key":"SteroidPotion"},{"floor":5,"key":"Poison Potion"},{"floor":11,"key":"FairyPotion"},{"floor":20,"key":"Poison Potion"},{"floor":24,"key":"Regen Potion"},{"floor":25,"key":"ColorlessPotion"},{"floor":29,"key":"Regen Potion"},{"floor":33,"key":"Energy Potion"},{"floor":39,"key":"Block Potion"},{"floor":42,"key":"SkillPotion"},{"floor":44,"key":"Weak Potion"},{"floor":45,"key":"SpeedPotion"},{"floor":48,"key":"PowerPotion"}],"is_trial":false,"path_per_floor":["M","?","$","$","M","R","E","M","T","?","M","T","R","E","R","B",null,"M","?","M","M","?","R","M","E","T","R","$","M","?","?","R","B",null,"M","?","M","$","M","$","?","M","T","M","M","?","?","M","R","B",null],"character_chosen":"THE_SILENT","items_purchased":["Dash","Potion Belt","FairyPotion","OrangePellets","Omamori","Vajra","Fruit Juice"],"campfire_rested":6,"item_purchase_floors":[3,28,28,28,28,40,40],"current_hp_per_floor":[64,64,64,64,64,64,43,43,43,48,37,37,60,43,66,21,63,53,26,26,18,18,41,36,36,36,59,59,57,57,57,77,37,67,67,67,49,49,30,35,35,33,33,27,27,27,27,26,50,14],"gold":431,"neow_bonus":"TEN_PERCENT_HP_BONUS","is_daily":false,"chose_seed":false,"campfire_upgraded":1,"win_rate":0.0,"timestamp":1608438346,"path_taken":["M","?","?","$","M","R","E","?","T","?","M","?","R","E","R","BOSS","M","?","M","M","?","R","M","E","T","R","$","M","?","?","R","BOSS","M","?","M","$","?","?","?","M","T","M","M","?","?","M","R","BOSS"],"items_purchased_type":["Card","Relic","Potion","Relic","Relic","Relic","Potion"],"build_version":"2020-12-13","purchased_purges":2,"victory":true,"max_hp_per_floor":[72,72,72,72,72,72,72,72,72,77,77,77,77,77,77,77,77,77,77,77,77,77,77,77,77,77,77,77,77,77,77,77,77,77,77,77,77,77,77,82,82,82,82,82,82,82,82,82,82,82],"card_choices":[{"not_picked":["Sucker Punch","Slice"],"picked":"Infinite Blades","floor":1},{"not_picked":["Sucker Punch","Night Terror"],"picked":"Cloak And Dagger","floor":5},{"not_picked":["Infinite Blades","Masterful Stab"],"picked":"Backstab","floor":7},{"not_picked":["Dodge and Roll","PiercingWail"],"picked":"Finisher","floor":8},{"not_picked":["Outmaneuver","Dagger Spray"],"picked":"PiercingWail","floor":11},{"not_picked":["Reflex","Prepared"],"picked":"Accuracy","floor":14},{"not_picked":["Venomology","Envenom"],"picked":"Adrenaline","floor":16},{"not_picked":["Poisoned Stab","Well Laid Plans"],"picked":"Cloak And Dagger+1","floor":18},{"not_picked":["PiercingWail","Backflip"],"picked":"Slice","floor":19},{"not_picked":["Bouncing Flask","Acrobatics","Dash"],"picked":"SKIP","floor":20},{"not_picked":["Underhanded Strike","Cloak And Dagger","Masterful Stab"],"picked":"SKIP","floor":21},{"not_picked":["Deadly Poison","Bane"],"picked":"Slice","floor":24},{"not_picked":["Flying Knee","Acrobatics"],"picked":"Blade Dance","floor":25},{"not_picked":["Glass Knife","Quick Slash","Outmaneuver+1"],"picked":"SKIP","floor":29},{"not_picked":["Night Terror","Grand Finale"],"picked":"Die Die Die","floor":33},{"not_picked":["Expertise+1"],"picked":"SKIP","floor":35},{"not_picked":["Deadly Poison"],"picked":"SKIP","floor":37},{"not_picked":["Deadly Poison+1"],"picked":"SKIP","floor":39},{"not_picked":["Sucker Punch+1"],"picked":"SKIP","floor":42},{"not_picked":[],"picked":"Caltrops+1","floor":44},{"not_picked":["Predator"],"picked":"SKIP","floor":45},{"not_picked":["Dagger Throw+1"],"picked":"SKIP","floor":48}],"player_experience":1266906,"relics_obtained":[{"floor":7,"key":"Darkstone Periapt"},{"floor":9,"key":"Happy Flower"},{"floor":12,"key":"Paper Crane"},{"floor":14,"key":"Shuriken"},{"floor":19,"key":"Red Mask"},{"floor":25,"key":"White Beast Statue"},{"floor":26,"key":"Akabeko"},{"floor":43,"key":"Frozen Egg 2"}],"event_choices":[{"damage_healed":0,"gold_gain":0,"player_choice":"Trade","damage_taken":0,"relics_obtained":["SsserpentHead"],"max_hp_gain":0,"max_hp_loss":0,"event_name":"FaceTrader","floor":2,"gold_loss":0},{"damage_healed":0,"gold_gain":0,"player_choice":"Donut","damage_taken":0,"max_hp_gain":5,"max_hp_loss":0,"event_name":"Big Fish","floor":10,"gold_loss":0},{"damage_healed":0,"gold_gain":0,"player_choice":"Fought Bandits","damage_taken":0,"max_hp_gain":0,"max_hp_loss":0,"event_name":"Masked Bandits","floor":19,"gold_loss":0},{"damage_healed":0,"gold_gain":0,"player_choice":"Ignored","damage_taken":0,"max_hp_gain":0,"max_hp_loss":0,"event_name":"Vampires","floor":22,"gold_loss":0},{"cards_removed":["Defend_G"],"damage_healed":0,"gold_gain":0,"player_choice":"Gave Gold","damage_taken":0,"max_hp_gain":0,"max_hp_loss":0,"event_name":"Beggar","floor":30,"gold_loss":75},{"damage_healed":0,"gold_gain":0,"player_choice":"Smashed Altar","damage_taken":0,"max_hp_gain":0,"max_hp_loss":0,"event_name":"Forgotten Altar","floor":31,"gold_loss":0,"cards_obtained":["Decay"]},{"damage_healed":0,"gold_gain":50,"player_choice":"Pray","damage_taken":0,"max_hp_gain":0,"max_hp_loss":0,"event_name":"Golden Shrine","floor":36,"gold_loss":0},{"damage_healed":0,"gold_gain":0,"player_choice":"Ignored","damage_taken":0,"max_hp_gain":0,"max_hp_loss":0,"event_name":"Mysterious Sphere","floor":41,"gold_loss":0},{"cards_removed":["Survivor"],"damage_healed":0,"gold_gain":0,"player_choice":"Removed Skill","damage_taken":0,"max_hp_gain":0,"max_hp_loss":0,"event_name":"Falling","floor":46,"gold_loss":0},{"damage_healed":0,"gold_gain":222,"player_choice":"Wore Mask","damage_taken":0,"max_hp_gain":0,"max_hp_loss":0,"event_name":"Tomb of Lord Red Mask","floor":47,"gold_loss":0}],"is_beta":false,"boss_relics":[{"not_picked":["Runic Dome","Fusion Hammer"],"picked":"WristBlade"},{"not_picked":["Empty Cage","Coffee Dripper"],"picked":"Busted Crown"}],"items_purged_floors":[3,38],"is_endless":false,"potions_floor_spawned":[1,5,11,20,24,25,29,33,35,37,39,42,44,45,48],"ascension_level":19}}