{"host":"baymyijz6sxaqj5s","time":1608479735,"event":{"mods":["AchievementEnabler","BaseMod","Colored Map","Colored Powertips","DeckTracker","KOR Keyword Fix","Keyboard Shortcuts","Minty Spire (QoL Compilation)","StSLib","SuperFastMode"],"gold_per_floor":[110,60,70,86,97,97,97,97,121,139,139,139,139,158,158,158,158],"floor_reached":16,"playtime":334,"items_purged":[],"score":92,"play_id":"bd31584f-0c4d-45a1-a47b-1a21ed67ebf6","local_time":"20201221005535","is_ascension_mode":false,"campfire_choices":[{"data":"Armaments","floor":6,"key":"SMITH"},{"floor":12,"key":"REST"},{"data":"Body Slam","floor":15,"key":"SMITH"}],"circlet_count":0,"master_deck":["Strike_R","Strike_R","Strike_R","Defend_R","Defend_R","Defend_R","Defend_R","Bash","Offering","Heavy Blade","Sword Boomerang","Armaments+1","Body Slam+1"],"relics":["Burning Blood","Blue Candle","Tiny Chest"],"acts_visited":["Exordium"],"potions_floor_usage":[5,16],"damage_taken":[{"damage":3,"enemies":"Jaw Worm","floor":1,"turns":5},{"damage":7,"enemies":"Small Slimes","floor":3,"turns":4},{"damage":0,"enemies":"2 Louse","floor":4,"turns":2},{"damage":29,"enemies":"Large Slime","floor":5,"turns":10},{"damage":14,"enemies":"2 Fungi Beasts","floor":10,"turns":3},{"damage":11,"enemies":"Blue Slaver","floor":14,"turns":4},{"damage":56,"enemies":"Slime Boss","floor":16,"turns":10}],"seed_played":"-4067146432239005620","potions_obtained":[{"floor":4,"key":"Dexterity Potion"},{"floor":10,"key":"SpeedPotion"}],"is_trial":false,"path_per_floor":["M","?","M","M","M","R","?","T","T","M","?","R","?","M","R","B"],"character_chosen":"IRONCLAD","items_purchased":[],"campfire_rested":1,"item_purchase_floors":[],"current_hp_per_floor":[80,80,79,80,57,57,57,57,57,49,49,73,66,61,61,5,5],"gold":158,"neow_bonus":"ONE_RANDOM_RARE_CARD","is_daily":false,"chose_seed":false,"campfire_upgraded":2,"win_rate":0.0,"timestamp":1608479735,"path_taken":["M","?","M","M","M","R","?","?","T","?","?","R","?","M","R","BOSS"],"items_purchased_type":[],"build_version":"2020-12-13","purchased_purges":0,"victory":false,"max_hp_per_floor":[80,80,80,80,80,80,80,80,80,80,80,80,80,80,80,80,80],"card_choices":[{"not_picked":["Perfected Strike","Warcry"],"picked":"Heavy Blade","floor":1},{"not_picked":["Anger","Pommel Strike"],"picked":"Sword Boomerang","floor":3},{"not_picked":["Clothesline","Pummel","Sword Boomerang"],"picked":"SKIP","floor":4},{"not_picked":["Clothesline","Havoc"],"picked":"Armaments","floor":5},{"not_picked":["Searing Blow","Bloodletting","Corruption"],"picked":"SKIP","floor":10},{"not_picked":["Power Through","Pommel Strike"],"picked":"Body Slam","floor":14}],"player_experience":152330,"relics_obtained":[{"floor":8,"key":"Blue Candle"},{"floor":9,"key":"Tiny Chest"}],"event_choices":[{"cards_removed":["Strike_R"],"damage_healed":0,"gold_gain":0,"player_choice":"Card Removal","damage_taken":0,"max_hp_gain":0,"max_hp_loss":0,"event_name":"The Cleric","floor":2,"gold_loss":50},{"damage_healed":0,"gold_gain":0,"player_choice":"Ignored","damage_taken":0,"max_hp_gain":0,"max_hp_loss":0,"event_name":"Golden Idol","floor":7,"gold_loss":0},{"damage_healed":0,"gold_gain":0,"player_choice":"Searched \u00270\u0027 times","damage_taken":0,"max_hp_gain":0,"max_hp_loss":0,"event_name":"Dead Adventurer","floor":11,"gold_loss":0},{"cards_removed":["Strike_R"],"damage_healed":0,"gold_gain":0,"player_choice":"Card Removal","damage_taken":7,"max_hp_gain":0,"max_hp_loss":0,"event_name":"Golden Wing","floor":13,"gold_loss":0}],"is_beta":false,"boss_relics":[],"items_purged_floors":[],"is_endless":false,"potions_floor_spawned":[4,10],"killed_by":"Slime Boss","ascension_level":0}}