{"host":"sz8c8ni79nvzjmmg","time":1608423573,"event":{"mods":["AchievementEnabler","BaseMod","DeckTracker","Keyboard Shortcuts","Minty Spire (QoL Compilation)","SuperFastMode"],"gold_per_floor":[15,15,15,26,40,40,70,70,70,90,90,122,137,137,137,208,208,218,218,218,51,101,101,120,120,120,120,120],"floor_reached":27,"playtime":589,"items_purged":["Strike_R"],"score":438,"play_id":"f2dcc1c8-8791-4f97-aa11-1adab9dc3726","local_time":"20201220091933","is_ascension_mode":true,"campfire_choices":[{"data":"Bash","floor":6.0,"key":"SMITH"},{"data":"Whirlwind","floor":8.0,"key":"SMITH"},{"floor":11.0,"key":"REST"},{"floor":15.0,"key":"REST"},{"data":"Offering","floor":23,"key":"SMITH"},{"data":"Burning Pact","floor":25,"key":"SMITH"}],"circlet_count":0,"master_deck":["AscendersBane","Strike_R","Strike_R+1","Strike_R","Strike_R","Defend_R","Defend_R","Defend_R","Defend_R","Bash+1","Whirlwind+1","Pommel Strike+1","Body Slam+1","Pommel Strike+1","Offering+1","Offering+1","Finesse","Burning Pact+1"],"relics":["Burning Blood","Ice Cream","Molten Egg 2","Blood Vial","Potion Belt","Coffee Dripper","Letter Opener"],"acts_visited":["Exordium","TheCity"],"potions_floor_usage":[],"damage_taken":[{"damage":1.0,"enemies":"Cultist","floor":1.0,"turns":3.0},{"damage":7.0,"enemies":"Small Slimes","floor":4.0,"turns":4.0},{"damage":0.0,"enemies":"2 Louse","floor":5.0,"turns":1.0},{"damage":32.0,"enemies":"Gremlin Nob","floor":7.0,"turns":4.0},{"damage":5.0,"enemies":"2 Fungi Beasts","floor":10.0,"turns":3.0},{"damage":20.0,"enemies":"Lagavulin","floor":12.0,"turns":5.0},{"damage":8.0,"enemies":"3 Louse","floor":13.0,"turns":2.0},{"damage":56.0,"enemies":"The Guardian","floor":16.0,"turns":12.0},{"damage":28.0,"enemies":"Shell Parasite","floor":18.0,"turns":2.0},{"damage":18,"enemies":"2 Thieves","floor":24,"turns":3},{"damage":0,"enemies":"Cultist and Chosen","floor":27,"turns":1}],"seed_played":"-5524511942725750254","potions_obtained":[{"floor":1.0,"key":"Energy Potion"},{"floor":5.0,"key":"EssenceOfSteel"},{"floor":10.0,"key":"ElixirPotion"},{"floor":18.0,"key":"BlessingOfTheForge"}],"is_trial":false,"path_per_floor":["M","$","?","M","M","R","E","R","T","M","R","E","M","?","R","B",null,"M","?","?","$","?","R","M","R","T","M"],"character_chosen":"IRONCLAD","items_purchased":["Finesse"],"campfire_rested":2,"item_purchase_floors":[21],"current_hp_per_floor":[73,73,73,72,75,75,49,49,49,52,74,61,61,38,60,12,59,39,39,39,39,39,39,29,29,29,31,31],"gold":120,"neow_bonus":"ONE_RARE_RELIC","is_daily":false,"chose_seed":false,"campfire_upgraded":4,"win_rate":0.0,"timestamp":1608423573,"path_taken":["M","?","?","?","?","R","E","R","T","M","R","E","M","?","R","BOSS","M","?","?","$","?","R","M","R","T","M"],"items_purchased_type":["Card"],"build_version":"2020-12-13","purchased_purges":1,"victory":false,"max_hp_per_floor":[75,75,75,75,75,75,75,75,75,75,75,75,75,75,75,75,75,75,75,75,75,75,75,75,75,75,75,75],"card_choices":[{"not_picked":["Searing Blow","Cleave"],"picked":"Whirlwind","floor":1.0},{"not_picked":["Thunderclap+1","Clothesline+1"],"picked":"Pommel Strike+1","floor":4.0},{"not_picked":["Rupture","Heavy Blade+1"],"picked":"Body Slam+1","floor":5.0},{"not_picked":["Clothesline+1","Blood for Blood+1","Heavy Blade+1"],"picked":"SKIP","floor":7.0},{"not_picked":["Anger+1","Battle Trance"],"picked":"Pommel Strike+1","floor":10.0},{"not_picked":["Juggernaut","Armaments","Clothesline+1"],"picked":"SKIP","floor":12.0},{"not_picked":["Thunderclap+1","Headbutt+1"],"picked":"Offering","floor":13.0},{"not_picked":["Juggernaut","Berserk"],"picked":"Offering","floor":16.0},{"not_picked":["Havoc","Spot Weakness","Body Slam+1"],"picked":"SKIP","floor":18.0},{"not_picked":["Havoc","Warcry"],"picked":"Burning Pact","floor":24}],"player_experience":1206404,"relics_obtained":[{"floor":3.0,"key":"Molten Egg 2"},{"floor":7.0,"key":"Blood Vial"},{"floor":12.0,"key":"Potion Belt"},{"floor":26,"key":"Letter Opener"}],"event_choices":[{"damage_healed":0.0,"max_hp_gain":0.0,"max_hp_loss":0.0,"gold_gain":0.0,"event_name":"Wheel of Change","player_choice":"Relic","floor":3.0,"gold_loss":0.0,"damage_taken":0.0},{"damage_healed":0.0,"max_hp_gain":0.0,"max_hp_loss":0.0,"gold_gain":0.0,"event_name":"Shining Light","player_choice":"Entered Light","floor":14.0,"gold_loss":0.0,"damage_taken":23.0,"cards_upgraded":["Offering","Strike_R"]},{"damage_healed":0.0,"max_hp_gain":0.0,"max_hp_loss":0.0,"gold_gain":0.0,"event_name":"Cursed Tome","player_choice":"Ignored","floor":19.0,"gold_loss":0.0,"damage_taken":0.0},{"damage_healed":0.0,"max_hp_gain":0.0,"max_hp_loss":0.0,"gold_gain":0.0,"event_name":"Ghosts","player_choice":"Ignored","floor":20.0,"gold_loss":0.0,"damage_taken":0.0},{"damage_healed":0,"gold_gain":100,"player_choice":"Bet on Murderer","damage_taken":0,"max_hp_gain":0,"max_hp_loss":0,"event_name":"The Joust","floor":22,"gold_loss":50}],"is_beta":false,"boss_relics":[{"not_picked":["Philosopher\u0027s Stone","SacredBark"],"picked":"Coffee Dripper"}],"items_purged_floors":[21],"is_endless":false,"potions_floor_spawned":[1,5,10,18],"killed_by":"Cultist and Chosen","ascension_level":20}}