{"host":"chv1qanoipyt46jc","time":1608436685,"event":{"mods":["2.2 Compatiblity","AchievementEnabler","BaseMod","BetterRewards","CapriCore","Card Filter","Conspire","Gold Saver","Grow up Mod","Kratos Character Expansion","Minty Spire (QoL Compilation)","Rare Cards Sparkle","Relic Filter","Remove Card Discount Mod","Reorder Act Four","StSLib"],"gold_per_floor":[902,932,932,947,965,998,1008,1008,1008,1024,1038,1038,1038,1058,1058,1155,1155,1172,1172,1187,1202,1215,1215,1231,1264,1289,1289,1308,1308,1308,1318,1318,1418,1418,1429,1448,1448,1493,1512,1512,1546,1546,1598,1598,1629,1647,1665,1657,1657,1657,1657,1657,1657,1690,1690],"floor_reached":56,"playtime":1168,"items_purged":["KratosMod:Strike_K","KratosMod:Strike_K","KratosMod:Strike_K","KratosMod:Strike_K","KratosMod:Defend_K","KratosMod:Defend_K","KratosMod:Defend_K","KratosMod:Defend_K","KratosMod:ShieldBash","Madness","Madness","KratosMod:Tempor+1"],"score":1508,"play_id":"1ba6a6ad-8e08-4d26-9eb8-27f45f20bd5c","local_time":"20201219215805","is_ascension_mode":false,"campfire_choices":[{"data":"KratosMod:BladeWhip","floor":8,"key":"SMITH"},{"data":"KratosMod:BladeWhip","floor":12,"key":"SMITH"},{"data":"KratosMod:Tempor","floor":15,"key":"SMITH"},{"data":"KratosMod:cyclone","floor":23,"key":"SMITH"},{"floor":27,"key":"RECALL"},{"data":"KratosMod:Revenge","floor":40,"key":"SMITH"},{"data":"1","floor":42,"key":"LIFT"},{"data":"2","floor":49,"key":"LIFT"},{"data":"3","floor":53,"key":"LIFT"}],"circlet_count":0,"master_deck":["KratosMod:cyclone+1","KratosMod:AthenaBane","KratosMod:BladeWhip+1","KratosMod:BladeWhip+1","KratosMod:Revenge+1"],"relics":["KratosMod:eagle","Medical Kit","KratosMod:eagle","Singing Bowl","TungstenRod","conspire:Dentures","Coffee Dripper","conspire:TopHat","Omamori","Runic Pyramid","conspire:GiftBox","Girya","Oddly Smooth Stone","conspire:DeflatedDodgeball","Boot"],"acts_visited":["Exordium","TheCity","TheBeyond","TheEnding"],"potions_floor_usage":[55,55,55],"damage_taken":[{"damage":14,"enemies":"conspire:RoseBush","floor":1,"turns":2},{"damage":14,"enemies":"conspire:MimicChest","floor":2,"turns":3},{"damage":0,"enemies":"2 Louse","floor":4,"turns":1},{"damage":10,"enemies":"Jaw Worm","floor":5,"turns":2},{"damage":17,"enemies":"Lagavulin","floor":6,"turns":3},{"damage":0,"enemies":"Exordium Wildlife","floor":7,"turns":2},{"damage":0,"enemies":"Looter","floor":10,"turns":1},{"damage":8,"enemies":"conspire:2 RoseBushes","floor":11,"turns":2},{"damage":0,"enemies":"Large Slime","floor":14,"turns":2},{"damage":6,"enemies":"The Guardian","floor":16,"turns":2},{"damage":0,"enemies":"3 Byrds","floor":18,"turns":2},{"damage":0,"enemies":"Shell Parasite","floor":20,"turns":1},{"damage":8,"enemies":"Cultist and Chosen","floor":21,"turns":2},{"damage":0,"enemies":"3 Cultists","floor":22,"turns":2},{"damage":0,"enemies":"Snake Plant","floor":24,"turns":1},{"damage":17,"enemies":"Slavers","floor":25,"turns":2},{"damage":0,"enemies":"conspire:HollyBat","floor":28,"turns":2},{"damage":0,"enemies":"Snecko","floor":31,"turns":2},{"damage":12,"enemies":"Automaton","floor":33,"turns":3},{"damage":10,"enemies":"3 Shapes","floor":35,"turns":2},{"damage":13,"enemies":"3 Darklings","floor":36,"turns":2},{"damage":9,"enemies":"2 Orb Walkers","floor":38,"turns":2},{"damage":18,"enemies":"Sphere and 2 Shapes","floor":39,"turns":2},{"damage":16,"enemies":"Reptomancer","floor":41,"turns":2},{"damage":12,"enemies":"Giant Head","floor":45,"turns":3},{"damage":9,"enemies":"Jaw Worm Horde","floor":46,"turns":2},{"damage":16,"enemies":"3 Darklings","floor":47,"turns":3},{"damage":19,"enemies":"Awakened One","floor":50,"turns":3},{"damage":11,"enemies":"Shield and Spear","floor":54,"turns":2},{"damage":69,"enemies":"The Heart","floor":55,"turns":4}],"seed_played":"-1674288498929450304","potions_obtained":[{"floor":10,"key":"SpeedPotion"},{"floor":11,"key":"DuplicationPotion"},{"floor":25,"key":"DistilledChaos"},{"floor":45,"key":"Strength Potion"},{"floor":54,"key":"Block Potion"}],"is_trial":false,"path_per_floor":["M","?","$","M","M","E","M","R","T","M","M","R","$","M","R","B",null,"M","$","M","M","M","R","M","E","T","R","M","?","R","M","R","B",null,"M","M","?","?","M","R","E","R","T","?","E","M","M","$","R","B",null,"$","R","E","B",null],"character_chosen":"KRATOS","items_purchased":["Medical Kit","KratosMod:eagle","Singing Bowl","KratosMod:BladeWhip","KratosMod:Tempor","KratosMod:BladeWhip"],"campfire_rested":0,"item_purchase_floors":[0,0,0,0,0,0],"current_hp_per_floor":[32,30,40,52,54,49,61,71,81,93,97,107,117,129,139,145,260,272,282,294,298,310,320,332,327,337,347,359,369,379,391,401,401,448,450,449,459,462,456,466,462,472,482,424,424,427,421,431,441,432,632,642,652,653,594],"gold":1690,"neow_bonus":"","is_daily":false,"chose_seed":false,"campfire_upgraded":5,"win_rate":0.0,"timestamp":1608436685,"path_taken":["M","?","$","M","M","E","M","R","T","M","M","R","?","M","R","BOSS","M","$","M","M","M","R","M","E","T","R","M","?","R","M","R","BOSS","M","M","?","?","M","R","E","R","T","?","E","M","M","$","R","BOSS","$","R","E","BOSS"],"items_purchased_type":["Relic","Relic","Relic","Card","Card","Card"],"build_version":"2020-12-13","purchased_purges":12,"victory":true,"max_hp_per_floor":[82,94,104,116,128,140,152,162,172,184,196,206,216,228,238,250,260,272,282,294,306,318,328,340,352,362,372,384,394,404,416,426,438,448,460,472,482,494,506,516,528,538,548,558,570,582,592,602,612,622,632,642,652,664,674],"card_choices":[{"not_picked":["KratosMod:Roll","KratosMod:Tempor","KratosMod:SmashStone"],"picked":"Singing Bowl","floor":1},{"not_picked":["KratosMod:Roll","KratosMod:conjuresoul","KratosMod:Endure"],"picked":"Singing Bowl","floor":2},{"not_picked":["KratosMod:Endure","KratosMod:Roll","KratosMod:BladeWhip"],"picked":"Singing Bowl","floor":4},{"not_picked":["KratosMod:rattle","KratosMod:SmashStone","KratosMod:Roll"],"picked":"Singing Bowl","floor":5},{"not_picked":["KratosMod:Roll","KratosMod:clawsofhades","KratosMod:kBerserk"],"picked":"Singing Bowl","floor":6},{"not_picked":["KratosMod:SmashStone","KratosMod:settle","KratosMod:rattle"],"picked":"Singing Bowl","floor":7},{"not_picked":["KratosMod:clawsofhades","KratosMod:ShieldBash","KratosMod:settle"],"picked":"Singing Bowl","floor":10},{"not_picked":["KratosMod:Tempor","KratosMod:rattle","KratosMod:clawsofhades"],"picked":"Singing Bowl","floor":11},{"not_picked":["KratosMod:BladeWhip","KratosMod:Tempor","KratosMod:Endure"],"picked":"Singing Bowl","floor":14},{"not_picked":["KratosMod:kBerserk","KratosMod:ablockalypse","KratosMod:blades"],"picked":"Singing Bowl","floor":16},{"not_picked":["KratosMod:Roll","KratosMod:ShieldBash+1","KratosMod:Endure+1"],"picked":"Singing Bowl","floor":18},{"not_picked":["KratosMod:clawsofhades","KratosMod:Tempor","KratosMod:settle"],"picked":"Singing Bowl","floor":20},{"not_picked":["KratosMod:Endure","KratosMod:BladeWhip","KratosMod:Tempor"],"picked":"Singing Bowl","floor":21},{"not_picked":["KratosMod:ShieldBash","KratosMod:BladeWhip+1","KratosMod:Tempor+1"],"picked":"Singing Bowl","floor":22},{"not_picked":["KratosMod:Tempor","KratosMod:ablockalypse","KratosMod:Roll"],"picked":"Singing Bowl","floor":24},{"not_picked":["KratosMod:clawsofhades+1","KratosMod:Endure+1","KratosMod:ShieldBash"],"picked":"Singing Bowl","floor":25},{"not_picked":["KratosMod:ShieldBash","KratosMod:Roll","KratosMod:Endure+1"],"picked":"Singing Bowl","floor":28},{"not_picked":["KratosMod:BladeWhip","KratosMod:clawsofhades+1","KratosMod:Tempor"],"picked":"Singing Bowl","floor":31},{"not_picked":["KratosMod:styx","KratosMod:ablockalypse","KratosMod:tartarusrage"],"picked":"Singing Bowl","floor":33},{"not_picked":["KratosMod:Endure","KratosMod:clawsofhades","KratosMod:Tempor+1"],"picked":"Singing Bowl","floor":35},{"not_picked":["KratosMod:rattle","KratosMod:ShieldBash+1","KratosMod:conjuresoul+1"],"picked":"Singing Bowl","floor":36},{"not_picked":["KratosMod:styx","KratosMod:blades"],"picked":"KratosMod:Revenge","floor":38},{"not_picked":["KratosMod:ShieldBash","KratosMod:rattle+1","KratosMod:Endure"],"picked":"Singing Bowl","floor":38},{"not_picked":["KratosMod:BladeWhip","KratosMod:settle+1","KratosMod:ShieldBash"],"picked":"Singing Bowl","floor":39},{"not_picked":["KratosMod:clawsofhades+1","KratosMod:rattle","KratosMod:Endure+1"],"picked":"Singing Bowl","floor":41},{"not_picked":["KratosMod:Endure","KratosMod:BladeWhip+1","KratosMod:Tempor"],"picked":"Singing Bowl","floor":45},{"not_picked":["KratosMod:blades","KratosMod:ShieldBash","KratosMod:clawsofhades"],"picked":"Singing Bowl","floor":46},{"not_picked":["KratosMod:rattle","KratosMod:Tempor+1"],"picked":"KratosMod:ShieldBash","floor":47},{"not_picked":["KratosMod:Revenge","KratosMod:Endure+1","KratosMod:rattle+1"],"picked":"Singing Bowl","floor":54}],"player_experience":297736,"relics_obtained":[{"floor":2,"key":"TungstenRod"},{"floor":6,"key":"conspire:Dentures"},{"floor":25,"key":"conspire:TopHat"},{"floor":26,"key":"Omamori"},{"floor":38,"key":"conspire:GiftBox"},{"floor":41,"key":"Girya"},{"floor":43,"key":"Oddly Smooth Stone"},{"floor":45,"key":"conspire:DeflatedDodgeball"},{"floor":54,"key":"Boot"}],"event_choices":[{"damage_healed":0,"gold_gain":0,"player_choice":"Ignored","damage_taken":0,"max_hp_gain":0,"max_hp_loss":0,"event_name":"The Mausoleum","floor":29,"gold_loss":0},{"damage_healed":0,"gold_gain":0,"player_choice":"Ignored","damage_taken":0,"max_hp_gain":0,"max_hp_loss":0,"event_name":"Tomb of Lord Red Mask","floor":37,"gold_loss":0},{"damage_healed":0,"gold_gain":0,"player_choice":"Fight","damage_taken":0,"max_hp_gain":0,"max_hp_loss":0,"event_name":"Mysterious Sphere","floor":38,"gold_loss":0},{"damage_healed":0,"gold_gain":0,"player_choice":"Embrace Madness","damage_taken":69,"max_hp_gain":0,"max_hp_loss":0,"event_name":"Winding Halls","floor":44,"gold_loss":0,"cards_obtained":["Madness","Madness"]}],"is_beta":false,"boss_relics":[{"not_picked":["SacredBark","conspire:RunicOctahedron"],"picked":"Coffee Dripper"},{"not_picked":["Cursed Key","Sozu"],"picked":"Runic Pyramid"}],"items_purged_floors":[0,0,0,0,0,0,0,0,48,48,48,48],"is_endless":false,"potions_floor_spawned":[5,10,11,14,20,22,24,25,33,38,39,41,45,54],"ascension_level":0}}