{"host":"95i1gxnztdrdyvhi","time":1608497658,"event":{"mods":["AchievementEnabler","Act Like it!","BaseMod","Minty Spire (QoL Compilation)","Quick Restart","StSLib","The Marked"],"gold_per_floor":[113,113,128,144,162,162,189,189,189,189,189,189,206,236,236,333,383,402,402,19,31,131,163,174,174,174,208,221,250,250,267,267,267,267],"floor_reached":33,"playtime":1398,"items_purged":["theMarked:Strike"],"score":340,"play_id":"f6f37650-9fef-42cb-8b55-601e1780295f","local_time":"20201220205418","is_ascension_mode":false,"campfire_choices":[{"data":"theMarked:Indomitable","floor":6,"key":"SMITH"},{"data":"theMarked:SoldierOfQuellstein","floor":8,"key":"SMITH"},{"data":"theMarked:EmpowerWeapon","floor":12,"key":"SMITH"},{"data":"theMarked:ThrowWeapon","floor":15,"key":"SMITH"},{"data":"theMarked:ParalyzingBlade","floor":25,"key":"SMITH"},{"floor":30,"key":"REST"},{"data":"theMarked:SoldierForm","floor":32,"key":"SMITH"}],"circlet_count":0,"master_deck":["theMarked:Strike","theMarked:Strike","theMarked:Strike","theMarked:Defend","theMarked:Defend","theMarked:Defend","theMarked:Defend","theMarked:SoldierOfQuellstein+1","theMarked:EmpowerWeapon+1","theMarked:Indomitable+1","theMarked:ThrowWeapon+1","theMarked:EmpowerWeapon+1","theMarked:SwordAndMagic","theMarked:SoldierForm+1","theMarked:HeightenedSenses","theMarked:ParalyzingBlade+1","theMarked:WardOff+1","theMarked:ShockingTouch+1"],"relics":["theMarked:ArtifactOfAir","NeowsBlessing","InkBottle","Thread and Needle","Bird Faced Urn","Tiny House","PreservedInsect","Chemical X","Centennial Puzzle","White Beast Statue","Peace Pipe"],"acts_visited":["Exordium","TheCity"],"potions_floor_usage":[13,14,17,27,31],"damage_taken":[{"damage":0,"enemies":"Jaw Worm","floor":1,"turns":1},{"damage":0,"enemies":"Small Slimes","floor":3,"turns":1},{"damage":0,"enemies":"2 Louse","floor":4,"turns":1},{"damage":15,"enemies":"2 Fungi Beasts","floor":5,"turns":4},{"damage":32,"enemies":"Gremlin Nob","floor":7,"turns":4},{"damage":4,"enemies":"Lots of Slimes","floor":13,"turns":3},{"damage":9,"enemies":"Lagavulin","floor":14,"turns":5},{"damage":1,"enemies":"Hexaghost","floor":16,"turns":6},{"damage":9,"enemies":"2 Thieves","floor":18,"turns":4},{"damage":6,"enemies":"Chosen","floor":21,"turns":4},{"damage":31,"enemies":"Slavers","floor":23,"turns":6},{"damage":0,"enemies":"Centurion and Healer","floor":24,"turns":6},{"damage":7,"enemies":"Book of Stabbing","floor":27,"turns":4},{"damage":10,"enemies":"3 Cultists","floor":28,"turns":4},{"damage":24,"enemies":"Gremlin Leader","floor":29,"turns":5},{"damage":7,"enemies":"Cultist and Chosen","floor":31,"turns":7},{"damage":1,"enemies":"Champ","floor":33,"turns":3}],"seed_played":"-6557868118626434095","potions_obtained":[{"floor":5,"key":"SmokeBomb"},{"floor":7,"key":"theMarked:SummonPotion"},{"floor":13,"key":"LiquidMemories"},{"floor":17,"key":"Fruit Juice"},{"floor":23,"key":"EssenceOfSteel"},{"floor":28,"key":"Dexterity Potion"},{"floor":29,"key":"SteroidPotion"},{"floor":31,"key":"DuplicationPotion"}],"is_trial":false,"path_per_floor":["M","?","M","M","M","R","E","R","T","?","?","R","M","E","R","B",null,"M","?","$","M","?","E","M","R","T","E","M","E","R","M","R","B"],"character_chosen":"THE_DEFAULT","items_purchased":["PreservedInsect","Chemical X"],"campfire_rested":1,"item_purchase_floors":[20,20],"current_hp_per_floor":[70,70,70,70,55,55,23,23,23,16,21,21,17,8,8,7,85,76,76,76,72,72,41,43,43,43,36,26,4,29,22,22,21,21],"gold":267,"neow_bonus":"THREE_ENEMY_KILL","is_daily":false,"chose_seed":false,"campfire_upgraded":6,"win_rate":0.0,"timestamp":1608497658,"path_taken":["M","?","M","M","M","R","E","R","T","?","?","R","M","E","R","BOSS","M","?","$","M","?","E","M","R","T","E","?","E","R","M","R","BOSS"],"items_purchased_type":["Relic","Relic"],"build_version":"2020-12-13","purchased_purges":1,"victory":false,"max_hp_per_floor":[70,70,70,70,70,70,70,70,70,70,75,75,75,75,75,75,85,85,85,85,85,85,85,85,85,85,85,85,85,85,85,85,85,85],"card_choices":[{"not_picked":["theMarked:ChainLightning","theMarked:Frustration"],"picked":"theMarked:EmpowerWeapon","floor":1},{"not_picked":["theMarked:WardOff","theMarked:BanishingStrike"],"picked":"theMarked:Indomitable","floor":3},{"not_picked":["theMarked:ContemptForTheProud","theMarked:Convert","theMarked:HeightenedSenses"],"picked":"SKIP","floor":4},{"not_picked":["theMarked:Improvise","theMarked:WardOff"],"picked":"theMarked:ThrowWeapon","floor":5},{"not_picked":["theMarked:BanishingStrike","theMarked:Frustration","theMarked:Electrify"],"picked":"SKIP","floor":7},{"not_picked":["theMarked:WastefulAttack","theMarked:EnhancedHearing"],"picked":"theMarked:EmpowerWeapon","floor":13},{"not_picked":["theMarked:ElectricStrings","theMarked:SummonStrength"],"picked":"theMarked:SwordAndMagic","floor":14},{"not_picked":["theMarked:EternalStudent","theMarked:UnarmedFury"],"picked":"theMarked:SoldierForm","floor":16},{"not_picked":["theMarked:Overcharge","theMarked:ResourceFulStrike+1","theMarked:TwofoldDefense"],"picked":"SKIP","floor":18},{"not_picked":["theMarked:Frustration","theMarked:Convert+1","theMarked:SwordAndMagic"],"picked":"SKIP","floor":21},{"not_picked":["theMarked:ResourceFulStrike","theMarked:SoldierForm","theMarked:WardOff"],"picked":"SKIP","floor":23},{"not_picked":["theMarked:ResourceFulStrike","theMarked:SoldierForm","theMarked:WardOff"],"picked":"SKIP","floor":23},{"not_picked":["theMarked:HeightenedSenses","theMarked:Aftermath"],"picked":"theMarked:ParalyzingBlade","floor":24},{"not_picked":["theMarked:BanishingStrike+1","theMarked:Frustration+1"],"picked":"theMarked:WardOff+1","floor":27},{"not_picked":["theMarked:ElectricStrings","theMarked:ResourceFulStrike"],"picked":"theMarked:ShockingTouch+1","floor":28},{"not_picked":["theMarked:Parkour","theMarked:Convert","theMarked:GodGivenPower"],"picked":"SKIP","floor":29},{"not_picked":["theMarked:Parkour+1","theMarked:WastefulAttack","theMarked:EmpowerWeapon"],"picked":"SKIP","floor":31}],"player_experience":646001,"relics_obtained":[{"floor":7,"key":"InkBottle"},{"floor":9,"key":"Thread and Needle"},{"floor":14,"key":"Bird Faced Urn"},{"floor":23,"key":"Centennial Puzzle"},{"floor":27,"key":"White Beast Statue"},{"floor":29,"key":"Peace Pipe"}],"event_choices":[{"damage_healed":0,"gold_gain":0,"player_choice":"Ignored","damage_taken":0,"max_hp_gain":0,"max_hp_loss":0,"event_name":"Liars Game","floor":2,"gold_loss":0},{"cards_removed":["theMarked:Strike"],"damage_healed":0,"gold_gain":0,"player_choice":"Card Removal","damage_taken":7,"max_hp_gain":0,"max_hp_loss":0,"event_name":"Golden Wing","floor":10,"gold_loss":0},{"damage_healed":0,"gold_gain":0,"player_choice":"Donut","damage_taken":0,"max_hp_gain":5,"max_hp_loss":0,"event_name":"Big Fish","floor":11,"gold_loss":0},{"damage_healed":0,"gold_gain":0,"player_choice":"Read","damage_taken":0,"max_hp_gain":0,"max_hp_loss":0,"event_name":"The Library","floor":19,"gold_loss":0,"cards_obtained":["theMarked:HeightenedSenses"]},{"damage_healed":0,"gold_gain":100,"player_choice":"Pray","damage_taken":0,"max_hp_gain":0,"max_hp_loss":0,"event_name":"Golden Shrine","floor":22,"gold_loss":0}],"is_beta":false,"boss_relics":[{"not_picked":["Velvet Choker","SacredBark"],"picked":"Tiny House"}],"items_purged_floors":[20],"is_endless":false,"potions_floor_spawned":[5,7,13,23,28,29,31],"killed_by":"Champ","ascension_level":0}}