{"host":"1m1p07melukt6ryq","time":1608451437,"event":{"mods":["2.2 Compatiblity","BaseMod","BetterRewards","Colored Map","Colored Powertips","Conspire","Googly Eyes","Highlight Path","Hubris","Infinite Spire","Minty Spire (QoL Compilation)","Permanent Neow","Rare Cards Sparkle","Shop Mod","StSLib","SuperFastMode"],"gold_per_floor":[116,116,41,51,65,96,96,49,49,74,74,74,74,94,94,215,215,233,233,201,83,97,130,130,164,238,238,262,262,276,290,290,418,418,418,79,79,94,119,119,119],"floor_reached":40,"playtime":2707,"items_purged":["Strike_G","Defend_G"],"score":776,"play_id":"691d5261-360c-421a-b0c6-2cd1cd3ba19c","local_time":"20201220030357","is_ascension_mode":true,"campfire_choices":[{"data":"Tools of the Trade","floor":11.0,"key":"SMITH"},{"floor":13.0,"key":"REST"},{"data":"Footwork","floor":15.0,"key":"SMITH"},{"floor":24.0,"key":"REST"},{"data":"Die Die Die","floor":27.0,"key":"SMITH"},{"floor":32.0,"key":"REST"}],"circlet_count":0,"master_deck":["Defend_G","Defend_G","Defend_G","Defend_G","Survivor","Neutralize","Footwork+1","Tools of the Trade+1","All Out Attack","Backflip","Dodge and Roll","Injury","Flying Knee","Die Die Die+1","Phantasmal Killer","Bite","Bite","Bite","Bite","Bite","Grand Finale","hubris:Sniper+1","Cloak And Dagger","Noxious Fumes+1","Dodge and Roll+1","Envenom","hubris:Sniper+1"],"relics":["Ring of the Snake","hubris:EmptyBottle","Ice Cream","Golden Idol","Bird Faced Urn","SacredBark","Art of War","Bottled Flame","Singing Bowl","Bottled Tornado","hubris:Towel"],"acts_visited":["Exordium","TheCity","TheBeyond"],"potions_floor_usage":[39],"damage_taken":[{"damage":3.0,"enemies":"conspire:RoseBush","floor":1.0,"turns":4.0},{"damage":16.0,"enemies":"infinitespire:Voidling","floor":4.0,"turns":5.0},{"damage":0.0,"enemies":"Jaw Worm","floor":5.0,"turns":4.0},{"damage":39.0,"enemies":"Gremlin Nob","floor":6.0,"turns":6.0},{"damage":8.0,"enemies":"Exordium Wildlife","floor":10.0,"turns":9.0},{"damage":9.0,"enemies":"Looter","floor":14.0,"turns":3.0},{"damage":87.0,"enemies":"Hexaghost","floor":16.0,"turns":18.0},{"damage":11.0,"enemies":"Shell Parasite","floor":18.0,"turns":8.0},{"damage":24.0,"enemies":"2 Thieves","floor":20.0,"turns":5.0},{"damage":27.0,"enemies":"Cultist and Chosen","floor":22.0,"turns":7.0},{"damage":21.0,"enemies":"Book of Stabbing","floor":23.0,"turns":6.0},{"damage":19.0,"enemies":"Gremlin Leader","floor":25.0,"turns":4.0},{"damage":21.0,"enemies":"Centurion and Healer","floor":28.0,"turns":14.0},{"damage":16.0,"enemies":"conspire:HollyBat","floor":30.0,"turns":7.0},{"damage":40.0,"enemies":"Sentry and Sphere","floor":31.0,"turns":6.0},{"damage":15.0,"enemies":"Collector","floor":33.0,"turns":3.0},{"damage":0.0,"enemies":"3 Darklings","floor":35.0,"turns":1.0},{"damage":17.0,"enemies":"Orb Walker","floor":38.0,"turns":5.0},{"damage":0,"enemies":"Spire Growth","floor":39,"turns":1},{"damage":63,"enemies":"Reptomancer","floor":40,"turns":6}],"seed_played":"-4100525219662203919","potions_obtained":[{"floor":6.0,"key":"ColorlessPotion"},{"floor":10.0,"key":"Regen Potion"},{"floor":16.0,"key":"infinitespire:BlackPotion"},{"floor":28.0,"key":"CunningPotion"},{"floor":31.0,"key":"Explosive Potion"},{"floor":33.0,"key":"SmokeBomb"},{"floor":38.0,"key":"Dexterity Potion"}],"is_trial":false,"path_per_floor":["M","?","$","M","M","E","?","$","T","M","R","$","R","M","R","B",null,"M","?","M","$","M","E","R","E","T","R","M","?","M","M","R","B",null,"M","$","?","M","M","E"],"character_chosen":"THE_SILENT","items_purchased":["hubris:EmptyBottle","EntropicBrew","All Out Attack","Flying Knee","Fire Potion","Grand Finale","Bottled Tornado"],"campfire_rested":3,"item_purchase_floors":[0,0,3,8,21,21,36],"current_hp_per_floor":[60,60,60,49,49,10,10,10,10,8,8,8,29,24,24,53,66,59,49,35,35,24,21,35,30,30,30,43,43,41,19,34,33,47,47,47,47,42,44,0,0],"gold":119,"neow_bonus":"","is_daily":false,"chose_seed":false,"campfire_upgraded":3,"win_rate":0.0,"timestamp":1608451437,"path_taken":["M","?","$","M","?","E","?","?","T","?","R","$","R","M","R","BOSS","M","?","M","$","M","E","R","E","T","R","M","?","M","?","R","BOSS","M","$","?","M","M","E"],"items_purchased_type":["Relic","Potion","Card","Card","Potion","Card","Relic"],"build_version":"2020-12-13","purchased_purges":2,"victory":false,"max_hp_per_floor":[70,70,70,70,70,70,70,70,70,70,70,70,70,70,70,70,70,70,49,49,49,49,49,49,49,49,49,49,49,51,51,51,51,51,51,51,51,51,53,53,53],"card_choices":[{"not_picked":["Infinite Blades","Quick Slash"],"picked":"Footwork","floor":1.0},{"not_picked":["Underhanded Strike","Distraction","Poisoned Stab"],"picked":"SKIP","floor":4.0},{"not_picked":["Bane","Caltrops"],"picked":"Backflip","floor":5.0},{"not_picked":["Acrobatics","Sucker Punch"],"picked":"Dodge and Roll","floor":6.0},{"not_picked":["Dodge and Roll","Outmaneuver"],"picked":"Die Die Die","floor":10.0},{"not_picked":["Poisoned Stab","Flechettes","Flying Knee"],"picked":"SKIP","floor":14.0},{"not_picked":["Glass Knife","Unload"],"picked":"Phantasmal Killer","floor":16.0},{"not_picked":["Leg Sweep","Quick Slash","Cloak And Dagger"],"picked":"SKIP","floor":18.0},{"not_picked":["Outmaneuver","Distraction","Sucker Punch"],"picked":"SKIP","floor":20.0},{"not_picked":["Acrobatics","Blade Dance+1","Skewer"],"picked":"SKIP","floor":22.0},{"not_picked":["Acrobatics","Blade Dance+1","Skewer"],"picked":"SKIP","floor":22.0},{"not_picked":["Tools of the Trade","Endless Agony"],"picked":"hubris:Sniper+1","floor":23.0},{"not_picked":["Flying Knee","All Out Attack+1"],"picked":"Cloak And Dagger","floor":25.0},{"not_picked":["PiercingWail+1","Bane+1"],"picked":"Noxious Fumes+1","floor":28.0},{"not_picked":["Bane","Skewer+1","Flechettes+1"],"picked":"Singing Bowl","floor":30.0},{"not_picked":["Acrobatics","hubris:Counter"],"picked":"Dodge and Roll+1","floor":31.0},{"not_picked":["After Image","Bullet Time"],"picked":"Envenom","floor":33.0},{"not_picked":["Cloak And Dagger+1","Deadly Poison"],"picked":"hubris:Sniper+1","floor":38.0},{"not_picked":["Outmaneuver+1","Blade Dance","Heel Hook+1"],"picked":"Singing Bowl","floor":39}],"player_experience":393040,"relics_obtained":[{"floor":6.0,"key":"Ice Cream"},{"floor":9.0,"key":"Bird Faced Urn"},{"floor":23.0,"key":"Art of War"},{"floor":25.0,"key":"Bottled Flame"},{"floor":26.0,"key":"Singing Bowl"}],"event_choices":[{"damage_healed":0.0,"max_hp_gain":0.0,"max_hp_loss":0.0,"gold_gain":0.0,"event_name":"Match and Keep!","player_choice":"1 cards matched","floor":2.0,"gold_loss":0.0,"damage_taken":0.0,"cards_obtained":["Tools of the Trade"]},{"damage_healed":0.0,"max_hp_gain":0.0,"max_hp_loss":0.0,"gold_gain":0.0,"event_name":"Golden Idol","player_choice":"Take Wound","floor":7.0,"gold_loss":0.0,"damage_taken":0.0,"relics_obtained":["Golden Idol"],"cards_obtained":["Injury"]},{"damage_healed":0.0,"max_hp_gain":0.0,"max_hp_loss":21.0,"gold_gain":0.0,"event_name":"Vampires","player_choice":"Became a vampire","floor":19.0,"gold_loss":0.0,"damage_taken":0.0,"cards_obtained":["Bite","Bite","Bite","Bite","Bite"]},{"damage_healed":0.0,"max_hp_gain":0.0,"max_hp_loss":0.0,"gold_gain":0.0,"event_name":"FaceTrader","player_choice":"Leave","floor":29.0,"gold_loss":0.0,"damage_taken":0.0}],"is_beta":false,"boss_relics":[{"not_picked":["infinitespire:Cupcake","WristBlade"],"picked":"SacredBark"},{"not_picked":["conspire:RoyalGoblet","Pandora\u0027s Box","Coffee Dripper"]}],"items_purged_floors":[0,36],"is_endless":false,"potions_floor_spawned":[6,10,14,16,22,28,31,33,38],"killed_by":"Reptomancer","ascension_level":6}}