{"host":"sh8ot41fo7a0kahq","time":1608432093,"event":{"mods":["ATMod(°¢èªMod)","BaseMod","Better Third Choice","Colored Powertips","Energized Spire","Minty Spire (QoL Compilation)","Quick Restart","Spicy Shops","StSLib","UnlockEverythingMod","¡¾ÒÅÎï¿¨ÅÆ¡¿REMEMod"],"gold_per_floor":[211,211,226,239,239,239,265,265,316,333,358,372,385,385,385,516,516,531,220,145,245,264,264,287,326,326,46,65,98,98,161,161,359,359,403,543,225,344,444,444,503,643,643,704,799,799,842,961,961,1086,1086,1086,19,193,371],"floor_reached":56,"playtime":2323,"items_purged":["Strike_R"],"score":1858,"play_id":"affecb8a-1cea-4c31-b5d0-241339d6220b","local_time":"20201220104133","is_ascension_mode":true,"campfire_choices":[{"data":"Sword Boomerang","floor":6.0,"key":"SMITH"},{"data":"Feel No Pain","floor":8.0,"key":"SMITH"},{"data":"Second Wind","floor":15.0,"key":"SMITH"},{"data":"Reaper","floor":23.0,"key":"SMITH"},{"data":"Bloodletting","floor":30.0,"key":"SMITH"},{"data":"Pommel Strike","floor":32.0,"key":"SMITH"},{"floor":40,"key":"RECALL"},{"data":"Corruption","floor":49,"key":"SMITH"},{"data":"REME_ACTH","floor":52,"key":"SMITH"}],"circlet_count":0,"master_deck":["Strike_R","Strike_R","Defend_R","Defend_R","Defend_R","Bash","REME_TheLastStrike","Sword Boomerang+1","Shrug It Off+1","Feel No Pain+1","Second Wind+1","Corruption+1","AT_CaressingTears","Reaper+1","AT_ShrugMaster","Bloodletting+1","Pommel Strike+1","REME_ACTH+1","Battle Trance+1","AT_DrawKnifeCut","Armaments+1","Shockwave","Power Through+1"],"relics":["Burning Blood","AT_ATBox","REME_ComplimentaryCards","AT_SeraphEmbrace","AT_BladeRuinedKing","Red Skull","Golden Idol","Runic Pyramid","Lee\u0027s Waffle","Medical Kit","Magic Flower","The Courier","Membership Card","AT_Manta","AT_ImmortalShieldbow","AT_MibuBalloonWealth","Mark of Pain","AT_SunfireAegis","Turnip","White Beast Statue","Blood Vial","StrikeDummy","Dead Branch","REME_HandOfSuture","AT_ChloranthyRing","REME_LimitBreaker","REME_ArchaeologicalTools","REME_CardOfGreed","AT_SilvercatRing","Toy Ornithopter","War Paint","Self Forming Clay","Brimstone","Centennial Puzzle","Happy Flower","Bottled Tornado","Bag of Preparation","Anchor"],"acts_visited":["Exordium","TheCity","TheBeyond","TheEnding"],"potions_floor_usage":[],"damage_taken":[{"damage":19.0,"enemies":"Jaw Worm","floor":1.0,"turns":5.0},{"damage":5.0,"enemies":"Small Slimes","floor":3.0,"turns":3.0},{"damage":0.0,"enemies":"Cultist","floor":4.0,"turns":2.0},{"damage":22.0,"enemies":"Lagavulin","floor":7.0,"turns":7.0},{"damage":35.0,"enemies":"Gremlin Gang","floor":10.0,"turns":7.0},{"damage":8.0,"enemies":"Gremlin Nob","floor":11.0,"turns":3.0},{"damage":1.0,"enemies":"Looter","floor":12.0,"turns":2.0},{"damage":12.0,"enemies":"3 Louse","floor":13.0,"turns":8.0},{"damage":19.0,"enemies":"The Guardian","floor":16.0,"turns":8.0},{"damage":39.0,"enemies":"2 Thieves","floor":18.0,"turns":3.0},{"damage":14.0,"enemies":"Chosen","floor":22.0,"turns":5.0},{"damage":0.0,"enemies":"Snecko","floor":24.0,"turns":4.0},{"damage":31.0,"enemies":"Book of Stabbing","floor":25.0,"turns":5.0},{"damage":17.0,"enemies":"Centurion and Healer","floor":28.0,"turns":7.0},{"damage":46.0,"enemies":"REME_1_Revenger","floor":29.0,"turns":6.0},{"damage":15.0,"enemies":"Chosen and Byrds","floor":31.0,"turns":6.0},{"damage":38.0,"enemies":"Automaton","floor":33.0,"turns":9.0},{"damage":0.0,"enemies":"Orb Walker","floor":35.0,"turns":1.0},{"damage":33.0,"enemies":"3 Darklings","floor":36.0,"turns":4.0},{"damage":50.0,"enemies":"4 Shapes","floor":38.0,"turns":3.0},{"damage":31,"enemies":"Jaw Worm Horde","floor":39,"turns":3},{"damage":0,"enemies":"Giant Head","floor":41,"turns":4},{"damage":0,"enemies":"3 Darklings","floor":42,"turns":3},{"damage":15,"enemies":"Nemesis","floor":44,"turns":3},{"damage":48,"enemies":"Sphere and 2 Shapes","floor":45,"turns":5},{"damage":13,"enemies":"Spire Growth","floor":47,"turns":4},{"damage":9,"enemies":"2 Orb Walkers","floor":48,"turns":3},{"damage":29,"enemies":"Awakened One","floor":50,"turns":4},{"damage":3,"enemies":"Shield and Spear","floor":54,"turns":1},{"damage":38,"enemies":"The Heart","floor":55,"turns":4}],"seed_played":"8793692495980703778","potions_obtained":[{"floor":3.0,"key":"Fire Potion"},{"floor":7.0,"key":"SkillPotion"},{"floor":11.0,"key":"ColorlessPotion"},{"floor":12.0,"key":"FearPotion"},{"floor":25.0,"key":"BlessingOfTheForge"},{"floor":29.0,"key":"BloodPotion"},{"floor":38,"key":"Explosive Potion"}],"is_trial":false,"path_per_floor":["M","?","M","M","$","R","E","R","T","M","E","M","M","?","R","B",null,"M","$","?","?","M","R","M","E","T","$","M","E","R","M","R","B",null,"M","M","$","M","M","R","E","M","T","E","M","?","M","?","R","B",null,"R","$","E","B",null],"character_chosen":"IRONCLAD","items_purchased":["Lee\u0027s Waffle","Medical Kit","Membership Card","AT_Manta","AT_ImmortalShieldbow","AT_SunfireAegis","AT_DrawKnifeCut","Turnip","White Beast Statue","REME_HandOfSuture","AT_ChloranthyRing","REME_LimitBreaker","REME_ArchaeologicalTools","REME_CardOfGreed","AT_SilvercatRing","Toy Ornithopter","War Paint","Self Forming Clay","Brimstone","Centennial Puzzle","Happy Flower","Bottled Tornado","Bag of Preparation"],"campfire_rested":0,"item_purchase_floors":[19,19,27,27,27,37,37,37,37,53,53,53,53,53,53,53,53,53,53,53,53,53,53],"current_hp_per_floor":[67,67,68,74,74,74,58,58,58,29,27,32,26,26,26,13,59,26,81,81,81,81,81,81,59,59,59,73,65,65,81,81,79,81,81,81,81,75,65,65,81,81,81,75,65,65,79,81,81,77,80,80,80,81,58],"gold":371,"neow_bonus":"HUNDRED_GOLD","is_daily":false,"chose_seed":false,"campfire_upgraded":8,"win_rate":0.0,"timestamp":1608432093,"path_taken":["M","?","M","M","$","R","E","R","T","M","E","M","M","?","R","BOSS","M","$","?","?","M","R","M","E","T","$","M","E","R","M","R","BOSS","M","M","?","M","M","R","E","M","T","E","?","?","M","?","R","BOSS","R","$","E","BOSS"],"items_purchased_type":["Relic","Relic","Relic","Relic","Relic","Relic","Card","Relic","Relic","Relic","Relic","Relic","Relic","Relic","Relic","Relic","Relic","Relic","Relic","Relic","Relic","Relic","Relic"],"build_version":"2020-12-13","purchased_purges":1,"victory":true,"max_hp_per_floor":[80,80,80,80,80,80,80,80,80,80,80,80,80,74,74,74,74,74,81,81,81,81,81,81,81,81,81,81,81,81,81,81,81,81,81,81,81,81,81,81,81,81,81,81,81,81,81,81,81,81,81,81,81,81,85],"card_choices":[{"not_picked":["Warcry","Whirlwind"],"picked":"Sword Boomerang","floor":1.0},{"not_picked":["Thunderclap","Body Slam"],"picked":"Shrug It Off","floor":3.0},{"not_picked":["Armaments","Cleave"],"picked":"Feel No Pain","floor":4.0},{"not_picked":["AT_BodySlamDance","Shockwave"],"picked":"Second Wind","floor":7.0},{"not_picked":["Searing Blow","Havoc"],"picked":"Corruption","floor":10.0},{"not_picked":["Fire Breathing","Shrug It Off","Headbutt"],"picked":"SKIP","floor":11.0},{"not_picked":["Havoc","Intimidate"],"picked":"AT_CaressingTears","floor":12.0},{"not_picked":["Sword Boomerang","Wild Strike","Clothesline"],"picked":"SKIP","floor":13.0},{"not_picked":["Bludgeon","Fiend Fire"],"picked":"Reaper","floor":16.0},{"not_picked":["Clash","AT_BodySlamDance+1","Thunderclap+1"],"picked":"SKIP","floor":18.0},{"not_picked":["Flex","Heavy Blade","Havoc"],"picked":"SKIP","floor":22.0},{"not_picked":["Anger","Dual Wield+1","Pummel+1"],"picked":"SKIP","floor":24.0},{"not_picked":["Clothesline","Cleave","Second Wind"],"picked":"SKIP","floor":25.0},{"not_picked":["Armaments+1","Shockwave"],"picked":"AT_ShrugMaster","floor":28.0},{"not_picked":["True Grit","AT_IchimonjiDouble"],"picked":"Bloodletting","floor":29.0},{"not_picked":["Iron Wave","Pommel Strike","Clash"],"picked":"SKIP","floor":31.0},{"not_picked":["Iron Wave","Clash"],"picked":"Pommel Strike","floor":31.0},{"not_picked":["Impervious","Offering"],"picked":"REME_ACTH","floor":33.0},{"not_picked":["Clothesline+1","Headbutt+1","Iron Wave"],"picked":"SKIP","floor":35.0},{"not_picked":["Warcry+1","Battle Trance+1","Clothesline"],"picked":"SKIP","floor":36.0},{"not_picked":["Warcry+1","Clothesline"],"picked":"Battle Trance+1","floor":36.0},{"not_picked":["AT_IchimonjiDouble+1","Wild Strike"],"picked":"Armaments+1","floor":38},{"not_picked":["Iron Wave+1","Evolve+1"],"picked":"Shockwave","floor":39},{"not_picked":["AT_CaressingTears+1","Fiend Fire"],"picked":"Power Through","floor":41},{"not_picked":["Ghostly Armor+1","Warcry+1","Rampage+1"],"picked":"SKIP","floor":42},{"not_picked":["Headbutt","Whirlwind","AT_BodySlamDance+1"],"picked":"SKIP","floor":44},{"not_picked":["Rage","Cleave","Warcry"],"picked":"SKIP","floor":45},{"not_picked":["Intimidate","Evolve","Bludgeon"],"picked":"SKIP","floor":47},{"not_picked":["Heavy Blade","Rage+1","Shrug It Off+1"],"picked":"SKIP","floor":54}],"player_experience":273630,"relics_obtained":[{"floor":7.0,"key":"AT_ArchangelStaff"},{"floor":9.0,"key":"AT_BladeRuinedKing"},{"floor":11.0,"key":"Red Skull"},{"floor":25.0,"key":"Magic Flower"},{"floor":26.0,"key":"The Courier"},{"floor":29.0,"key":"AT_MibuBalloonWealth"},{"floor":41,"key":"Blood Vial"},{"floor":44,"key":"StrikeDummy"},{"floor":48,"key":"Dead Branch"},{"floor":54,"key":"Anchor"}],"event_choices":[{"cards_removed":["Strike_R"],"damage_healed":0.0,"max_hp_gain":0.0,"max_hp_loss":0.0,"gold_gain":0.0,"event_name":"Living Wall","player_choice":"Forget","floor":2.0,"gold_loss":0.0,"damage_taken":0.0},{"damage_healed":0.0,"max_hp_gain":0.0,"max_hp_loss":6.0,"gold_gain":0.0,"event_name":"Golden Idol","player_choice":"Lose Max HP","floor":14.0,"gold_loss":0.0,"damage_taken":0.0,"relics_obtained":["Golden Idol"]},{"cards_removed":["Strike_R"],"damage_healed":0.0,"max_hp_gain":0.0,"max_hp_loss":0.0,"gold_gain":0.0,"event_name":"Beggar","player_choice":"Gave Gold","floor":20.0,"gold_loss":75.0,"damage_taken":0.0},{"damage_healed":0.0,"max_hp_gain":0.0,"max_hp_loss":0.0,"gold_gain":100.0,"event_name":"Golden Shrine","player_choice":"Pray","floor":21.0,"gold_loss":0.0,"damage_taken":0.0},{"cards_removed":["Defend_R"],"damage_healed":0,"gold_gain":0,"player_choice":"Removed Skill","damage_taken":0,"max_hp_gain":0,"max_hp_loss":0,"event_name":"Falling","floor":46,"gold_loss":0},{"damage_healed":0,"gold_gain":0,"player_choice":"Fight","damage_taken":0,"max_hp_gain":0,"max_hp_loss":0,"event_name":"Mysterious Sphere","floor":48,"gold_loss":0}],"is_beta":false,"boss_relics":[{"not_picked":["Coffee Dripper","Busted Crown"],"picked":"Runic Pyramid"},{"not_picked":["Astrolabe","energizedSpire:EnergizedDie"],"picked":"Mark of Pain"}],"items_purged_floors":[53],"is_endless":false,"potions_floor_spawned":[3,7,11,12,25,29,33,38,39,41,42,44,45,47,48,54],"ascension_level":5}}