{"host":"u2grshebrc5rdzdn","time":1608423961,"event":{"mods":["AchievementEnabler","BaseMod","Minty Spire (QoL Compilation)","StSLib"],"gold_per_floor":[110,125,142,158,158,193,193,227,253,428,57,74,135,135,135,234,234,244,259,274,20,20,20,55,0,0,0,0,0],"floor_reached":28,"playtime":1382,"items_purged":["Pain"],"score":440,"play_id":"5d19509e-c1c3-4c5a-a561-fbb4cc9fec4f","local_time":"20201220012601","is_ascension_mode":true,"campfire_choices":[{"data":"TalkToTheHand","floor":7,"key":"SMITH"},{"data":"Eruption","floor":15,"key":"SMITH"},{"data":"ForeignInfluence","floor":23,"key":"SMITH"},{"floor":27,"key":"REST"}],"circlet_count":0,"master_deck":["Strike_P","Strike_P","Strike_P","Strike_P","Defend_P","Defend_P+1","Defend_P","Defend_P","Eruption+1","Vigilance","Evaluate+1","TalkToTheHand+1","BowlingBash","ForeignInfluence+1","BowlingBash","Pray","Regret","Doubt","BattleHymn","Protect","Crescendo","ClearTheMind","Conclude","Injury","Vault","FlyingSleeves+1","Normality","Decay"],"relics":["Cursed Key","HornCleat","White Beast Statue","Toy Ornithopter","Damaru","War Paint","Gambling Chip","StrikeDummy","Velvet Choker","Mercury Hourglass","TeardropLocket","Akabeko","Yang"],"acts_visited":["Exordium","TheCity"],"potions_floor_usage":[6,13,13,16,18,24,24],"damage_taken":[{"damage":0,"enemies":"Cultist","floor":1,"turns":2},{"damage":0,"enemies":"Jaw Worm","floor":2,"turns":3},{"damage":0,"enemies":"2 Louse","floor":3,"turns":2},{"damage":2,"enemies":"Looter","floor":4,"turns":4},{"damage":11,"enemies":"3 Sentries","floor":6,"turns":4},{"damage":24,"enemies":"Lagavulin","floor":8,"turns":4},{"damage":4,"enemies":"Lots of Slimes","floor":12,"turns":4},{"damage":17,"enemies":"Lagavulin Event","floor":13,"turns":5},{"damage":3,"enemies":"Slime Boss","floor":16,"turns":5},{"damage":16,"enemies":"Shell Parasite","floor":18,"turns":3},{"damage":13,"enemies":"Spheric Guardian","floor":19,"turns":4},{"damage":0,"enemies":"3 Cultists","floor":20,"turns":4},{"damage":33,"enemies":"Slavers","floor":24,"turns":3},{"damage":51,"enemies":"Book of Stabbing","floor":28,"turns":3}],"seed_played":"8974021982197780708","potions_obtained":[{"floor":2,"key":"BottledMiracle"},{"floor":4,"key":"Regen Potion"},{"floor":8,"key":"LiquidBronze"},{"floor":12,"key":"DistilledChaos"},{"floor":13,"key":"BottledMiracle"},{"floor":16,"key":"Strength Potion"},{"floor":18,"key":"GamblersBrew"},{"floor":19,"key":"LiquidBronze"},{"floor":24,"key":"PowerPotion"}],"is_trial":false,"path_per_floor":["M","M","M","M","T","E","R","E","T","?","$","M","?","T","R","B",null,"M","M","M","$","T","R","E","?","T","R","E"],"character_chosen":"WATCHER","items_purchased":["War Paint","BattleHymn","Protect","Crescendo","Mercury Hourglass"],"campfire_rested":1,"item_purchase_floors":[11,11,11,11,21],"current_hp_per_floor":[72,72,72,70,70,68,68,44,44,44,44,40,33,33,33,35,72,61,48,48,48,48,48,25,25,25,46,0,0],"gold":0,"neow_bonus":"BOSS_RELIC","is_daily":false,"chose_seed":false,"campfire_upgraded":3,"win_rate":0.0,"timestamp":1608423961,"path_taken":["M","M","M","M","?","E","R","E","T","?","$","M","?","?","R","BOSS","M","M","?","$","?","R","E","?","T","R","E"],"items_purchased_type":["Relic","Card","Card","Card","Relic"],"build_version":"2020-12-13","purchased_purges":1,"victory":false,"max_hp_per_floor":[72,72,72,72,72,72,72,72,72,72,72,72,72,72,72,72,72,72,72,72,72,72,72,72,72,72,72,72,72],"card_choices":[{"not_picked":["Halt","FlurryOfBlows"],"picked":"Evaluate","floor":1},{"not_picked":["SpiritShield","Crescendo"],"picked":"TalkToTheHand","floor":2},{"not_picked":["JustLucky","CrushJoints"],"picked":"BowlingBash","floor":3},{"not_picked":["FlurryOfBlows","Nirvana"],"picked":"ForeignInfluence","floor":4},{"not_picked":["Prostrate","Evaluate"],"picked":"BowlingBash","floor":6},{"not_picked":["FlurryOfBlows","ThirdEye"],"picked":"Pray","floor":8},{"not_picked":["Pray","FlyingSleeves"],"picked":"ClearTheMind","floor":12},{"not_picked":["CutThroughFate","Study"],"picked":"Conclude","floor":13},{"not_picked":["Devotion","Alpha"],"picked":"Vault","floor":16},{"not_picked":["Halt","CarveReality+1","ReachHeaven"],"picked":"SKIP","floor":18},{"not_picked":["Pray","ThirdEye","Protect"],"picked":"SKIP","floor":19},{"not_picked":["CutThroughFate","FlurryOfBlows"],"picked":"FlyingSleeves+1","floor":20},{"not_picked":["MasterReality","Halt","Crescendo+1"],"picked":"SKIP","floor":24}],"player_experience":318980,"relics_obtained":[{"floor":5,"key":"HornCleat"},{"floor":6,"key":"White Beast Statue"},{"floor":8,"key":"Toy Ornithopter"},{"floor":9,"key":"Damaru"},{"floor":14,"key":"StrikeDummy"},{"floor":22,"key":"TeardropLocket"},{"floor":24,"key":"Akabeko"},{"floor":26,"key":"Yang"}],"event_choices":[{"damage_healed":0,"gold_gain":175,"player_choice":"AGREE","damage_taken":0,"max_hp_gain":0,"max_hp_loss":0,"event_name":"Liars Game","floor":10,"gold_loss":0,"cards_obtained":["Doubt"]},{"damage_healed":0,"gold_gain":0,"player_choice":"Searched \u00272\u0027 times","damage_taken":0,"relics_obtained":["Gambling Chip"],"max_hp_gain":0,"max_hp_loss":0,"event_name":"Dead Adventurer","floor":13,"gold_loss":0},{"damage_healed":0,"gold_gain":0,"player_choice":"Paid Fearfully","damage_taken":0,"max_hp_gain":0,"max_hp_loss":0,"event_name":"Masked Bandits","floor":25,"gold_loss":55}],"is_beta":false,"boss_relics":[{"not_picked":["Tiny House","SlaversCollar"],"picked":"Velvet Choker"}],"items_purged_floors":[11],"is_endless":false,"potions_floor_spawned":[2,4,8,12,13,16,18,19,20,24],"killed_by":"Book of Stabbing","ascension_level":3}}