{"host":"xb2tau8pgi8aflss","time":1608458251,"event":{"mods":["AchievementEnabler","BaseMod","Hermit","Minty Spire (QoL Compilation)","StSLib","SuperFastMode"],"gold_per_floor":[117,117,192,210,56,81,181,197,249,249,260,11,22,40,40,143,143,163,11,23,5,17,17,47,8,31,131,131,131,149,149,149,247,247,260,260,360,360,371,400,400,400,400],"floor_reached":42,"playtime":1202,"items_purged":["Regret","Strike_B"],"score":494,"play_id":"2bca3d44-c4b0-42f8-bce7-68a39eaf8fbd","local_time":"20201220185731","is_ascension_mode":false,"campfire_choices":[{"data":"Cold Snap","floor":15,"key":"SMITH"},{"data":"Biased Cognition","floor":23,"key":"SMITH"},{"data":"Sunder","floor":28,"key":"SMITH"},{"data":"FTL","floor":32,"key":"SMITH"},{"data":"Discovery","floor":41,"key":"SMITH"}],"circlet_count":0,"master_deck":["Defend_B","Defend_B+1","Defend_B","Zap","Dualcast","Cold Snap+1","FTL+1","Rebound","BootSequence","Core Surge","Biased Cognition+1","FTL+1","Reboot+1","Skim+1","Rebound+1","Self Repair","FTL+1","Redo+1","Sunder+1","Reprogram","Rainbow","Fusion+1","Echo Form","Madness","Madness","Discovery+1","Rebound+1"],"relics":["Cracked Core","NeowsBlessing","Strawberry","Centennial Puzzle","Juzu Bracelet","ClockworkSouvenir","Astrolabe","Membership Card","Bag of Marbles","PreservedInsect","Thread and Needle","Ornamental Fan","SacredBark","Pear"],"acts_visited":["Exordium","TheCity","TheBeyond"],"potions_floor_usage":[16,22,27,33,40,40,40,40],"damage_taken":[{"damage":0,"enemies":"2 Louse","floor":1,"turns":1},{"damage":0,"enemies":"Small Slimes","floor":4,"turns":1},{"damage":0,"enemies":"Gremlin Nob","floor":6,"turns":1},{"damage":6,"enemies":"Cultist","floor":8,"turns":3},{"damage":5,"enemies":"Looter","floor":11,"turns":2},{"damage":0,"enemies":"2 Fungi Beasts","floor":13,"turns":2},{"damage":0,"enemies":"Large Slime","floor":14,"turns":4},{"damage":12,"enemies":"The Guardian","floor":16,"turns":13},{"damage":0,"enemies":"3 Byrds","floor":18,"turns":4},{"damage":0,"enemies":"Spheric Guardian","floor":20,"turns":3},{"damage":32,"enemies":"Snake Plant","floor":22,"turns":4},{"damage":1,"enemies":"Gremlin Leader","floor":24,"turns":6},{"damage":8,"enemies":"Colosseum Slavers","floor":27,"turns":4},{"damage":17,"enemies":"Colosseum Nobs","floor":27,"turns":3},{"damage":0,"enemies":"Snecko","floor":30,"turns":4},{"damage":20,"enemies":"Automaton","floor":33,"turns":9},{"damage":24,"enemies":"Orb Walker","floor":35,"turns":5},{"damage":19,"enemies":"3 Shapes","floor":39,"turns":4},{"damage":21,"enemies":"Nemesis","floor":40,"turns":5},{"damage":40,"enemies":"Jaw Worm Horde","floor":42,"turns":2}],"seed_played":"1996489570470933322","potions_obtained":[{"floor":4,"key":"EntropicBrew"},{"floor":8,"key":"FocusPotion"},{"floor":13,"key":"ColorlessPotion"},{"floor":20,"key":"SneckoOil"},{"floor":22,"key":"Weak Potion"},{"floor":30,"key":"DistilledChaos"},{"floor":33,"key":"SkillPotion"}],"is_trial":false,"path_per_floor":["M","?","?","M","$","E","?","M","T","?","M","$","M","M","R","B",null,"M","$","M","$","M","R","E","$","T","?","R","?","M","?","R","B",null,"M","?","?","?","M","E","R","M"],"character_chosen":"DEFECT","items_purchased":["FTL","ClockworkSouvenir","Membership Card","Self Repair","Sunder"],"campfire_rested":0,"item_purchase_floors":[5,12,19,21,25],"current_hp_per_floor":[75,82,71,71,71,71,71,65,65,49,44,44,44,44,44,32,82,82,82,82,82,57,57,63,63,63,52,52,52,59,59,59,46,82,65,55,55,55,43,39,39,0,0],"gold":400,"neow_bonus":"THREE_ENEMY_KILL","is_daily":false,"chose_seed":false,"campfire_upgraded":5,"win_rate":0.0,"timestamp":1608458251,"path_taken":["M","?","?","M","$","E","?","?","T","?","M","$","M","M","R","BOSS","M","$","M","$","M","R","E","$","T","?","R","?","M","?","R","BOSS","M","?","?","?","M","E","R","M"],"items_purchased_type":["Card","Relic","Relic","Card","Card"],"build_version":"2020-12-13","purchased_purges":2,"victory":false,"max_hp_per_floor":[75,82,82,82,82,82,82,82,82,82,82,82,82,82,82,82,82,82,82,82,82,82,82,82,82,82,82,82,82,82,82,82,82,82,82,82,82,82,82,92,92,92,92],"card_choices":[{"not_picked":["Stack","Sweeping Beam"],"picked":"Cold Snap","floor":1},{"not_picked":["Auto Shields","Heatsinks"],"picked":"FTL","floor":4},{"not_picked":["Aggregate","White Noise","Rebound"],"picked":"SKIP","floor":6},{"not_picked":["Aggregate","White Noise"],"picked":"Rebound","floor":6},{"not_picked":["Stack","Go for the Eyes","Ball Lightning"],"picked":"SKIP","floor":8},{"not_picked":["Beam Cell","Tempest"],"picked":"BootSequence","floor":11},{"not_picked":["Barrage","Steam Power"],"picked":"Core Surge","floor":13},{"not_picked":["Barrage","Compile Driver","Turbo"],"picked":"SKIP","floor":14},{"not_picked":["Amplify","Electrodynamics"],"picked":"Biased Cognition","floor":16},{"not_picked":["Turbo+1","Go for the Eyes","Stack"],"picked":"SKIP","floor":18},{"not_picked":["Redo+1","Barrage"],"picked":"Rebound+1","floor":20},{"not_picked":["Compile Driver+1","Multi-Cast"],"picked":"FTL","floor":22},{"not_picked":["Thunder Strike","Turbo+1"],"picked":"Redo+1","floor":24},{"not_picked":["Gash","Rip and Tear+1"],"picked":"Fusion+1","floor":30},{"not_picked":["Reboot","Electrodynamics"],"picked":"Echo Form","floor":33},{"not_picked":["Aggregate","Darkness","Steam Power+1"],"picked":"SKIP","floor":35},{"not_picked":["Dramatic Entrance","Jack Of All Trades"],"picked":"Discovery","floor":38},{"not_picked":["Steam Power+1","Streamline","Self Repair"],"picked":"SKIP","floor":39},{"not_picked":["Steam+1","Amplify"],"picked":"Rebound+1","floor":40}],"player_experience":752124,"relics_obtained":[{"floor":6,"key":"Centennial Puzzle"},{"floor":9,"key":"Juzu Bracelet"},{"floor":24,"key":"Bag of Marbles"},{"floor":26,"key":"PreservedInsect"},{"floor":27,"key":"Thread and Needle"},{"floor":27,"key":"Ornamental Fan"},{"floor":40,"key":"Pear"}],"event_choices":[{"damage_healed":0,"gold_gain":0,"player_choice":"Box","damage_taken":0,"relics_obtained":["Strawberry"],"max_hp_gain":0,"max_hp_loss":0,"event_name":"Big Fish","floor":2,"gold_loss":0,"cards_obtained":["Regret"]},{"damage_healed":0,"gold_gain":75,"player_choice":"Gather Gold","damage_taken":11,"max_hp_gain":0,"max_hp_loss":0,"event_name":"World of Goop","floor":3,"gold_loss":0},{"damage_healed":0,"gold_gain":100,"player_choice":"Pray","damage_taken":0,"max_hp_gain":0,"max_hp_loss":0,"event_name":"Golden Shrine","floor":7,"gold_loss":0},{"damage_healed":0,"gold_gain":0,"player_choice":"Entered Light","damage_taken":16,"max_hp_gain":0,"max_hp_loss":0,"event_name":"Shining Light","floor":10,"gold_loss":0,"cards_upgraded":["Defend_B","FTL"]},{"damage_healed":0,"gold_gain":0,"player_choice":"Fight","damage_taken":0,"max_hp_gain":0,"max_hp_loss":0,"event_name":"Colosseum","floor":27,"gold_loss":0},{"damage_healed":0,"gold_gain":0,"player_choice":"Fought Nobs","damage_taken":0,"max_hp_gain":0,"max_hp_loss":0,"event_name":"Colosseum","floor":27,"gold_loss":0},{"damage_healed":0,"gold_gain":0,"cards_transformed":["Strike_B","FTL"],"player_choice":"Became Test Subject","damage_taken":0,"max_hp_gain":0,"max_hp_loss":0,"event_name":"Drug Dealer","floor":29,"gold_loss":0,"cards_obtained":["Reprogram","Rainbow"]},{"damage_healed":0,"gold_gain":0,"player_choice":"Ignored","damage_taken":0,"max_hp_gain":0,"max_hp_loss":0,"event_name":"NoteForYourself","floor":31,"gold_loss":0},{"damage_healed":0,"gold_gain":0,"player_choice":"Embrace Madness","damage_taken":10,"max_hp_gain":0,"max_hp_loss":0,"event_name":"Winding Halls","floor":36,"gold_loss":0,"cards_obtained":["Madness","Madness"]},{"damage_healed":0,"gold_gain":100,"player_choice":"Pray","damage_taken":0,"max_hp_gain":0,"max_hp_loss":0,"event_name":"Golden Shrine","floor":37,"gold_loss":0},{"damage_healed":0,"gold_gain":0,"player_choice":"Memory 1","damage_taken":0,"max_hp_gain":0,"max_hp_loss":0,"event_name":"SensoryStone","floor":38,"gold_loss":0}],"is_beta":false,"boss_relics":[{"not_picked":["Velvet Choker","Black Star"],"picked":"Astrolabe"},{"not_picked":["Fusion Hammer","SlaversCollar"],"picked":"SacredBark"}],"items_purged_floors":[5,12],"is_endless":false,"potions_floor_spawned":[4,8,13,14,20,22,30,33,35],"killed_by":"Jaw Worm Horde","ascension_level":0}}