{"host":"f7rb14kzcw8hx1r1","time":1608508786,"event":{"mods":["BaseMod","Better Note","Better Third Choice","Colored Map","Highlight Path","Hubris","Minty Spire (QoL Compilation)","Replay The Spire","StSLib"],"gold_per_floor":[119,132,19,29,41,41,60,60,60,91,91,91,113,42,42,145,145,158,158,168,183,203,231,231,231,231,250,268,268,12,30,30,131,131,146,160,35,50,61,61,61,74,74,74,74,74,74,26,26,26],"floor_reached":51,"playtime":2449,"items_purged":["Strike_G","Strike_G","Shame"],"score":744,"play_id":"47cadad2-3518-4f1e-a5ca-62f380b67f64","local_time":"20201221005946","is_ascension_mode":false,"campfire_choices":[{"data":"Neutralize","floor":6.0,"key":"SMITH"},{"data":"Cloak And Dagger","floor":8.0,"key":"SMITH"},{"data":"Accuracy","floor":12.0,"key":"SMITH"},{"data":"Infinite Blades","floor":15.0,"key":"SMITH"},{"data":"Cloak And Dagger","floor":24,"key":"SMITH"},{"data":"Accuracy","floor":29,"key":"SMITH"},{"data":"Backflip","floor":32,"key":"SMITH"},{"data":"Malaise","floor":40,"key":"SMITH"},{"data":"Footwork","floor":44,"key":"SMITH"},{"data":"Panacea","floor":49,"key":"SMITH"}],"circlet_count":0,"master_deck":["Strike_G","Strike_G","Strike_G","Defend_G+1","Defend_G+1","Defend_G+1","Defend_G+1","Defend_G+1","Survivor","Neutralize+1","Cloak And Dagger+1","Backflip+1","Terror","Accuracy+1","Dagger Spray","Infinite Blades+1","Adrenaline","Cloak And Dagger+1","Core Surge","Dodge and Roll+1","Hidden Blade+1","Accuracy+1","PiercingWail+1","Malaise+1","Footwork+1","Hidden Blade","Accuracy+1","Panacea+1","Parasite","Dodge and Roll+1","Languid","hubris:Gluttony"],"relics":["Ring of the Snake","Replay:Rubber Ducky","Tough Bandages","HornCleat","Centennial Puzzle","Odd Mushroom","Cursed Key","Orichalcum","ReplayTheSpireMod:Shallot","PreservedInsect","Snecko Heart","Replay:Bottled Eggs","Question Card","hubris:Towel"],"acts_visited":["Exordium","TheCity","TheBeyond"],"potions_floor_usage":[28,33,42,50,50],"damage_taken":[{"damage":0.0,"enemies":"Jaw Worm","floor":1.0,"turns":5.0},{"damage":2.0,"enemies":"Small Slimes","floor":2.0,"turns":5.0},{"damage":1.0,"enemies":"2 Louse","floor":4.0,"turns":3.0},{"damage":0.0,"enemies":"Blue Slaver","floor":5.0,"turns":4.0},{"damage":11.0,"enemies":"Gremlin Gang","floor":7.0,"turns":11.0},{"damage":4.0,"enemies":"Lagavulin","floor":10.0,"turns":7.0},{"damage":3.0,"enemies":"The Mushroom Lair","floor":13.0,"turns":5.0},{"damage":7.0,"enemies":"Slime Boss","floor":16.0,"turns":5.0},{"damage":3,"enemies":"2 Thieves","floor":18,"turns":3},{"damage":0,"enemies":"Shell Parasite","floor":20,"turns":3},{"damage":2,"enemies":"Sentry and Sphere","floor":21,"turns":5},{"damage":0,"enemies":"Snecko","floor":22,"turns":3},{"damage":0,"enemies":"Book of Stabbing","floor":23,"turns":4},{"damage":0,"enemies":"Centurion and Healer","floor":27,"turns":4},{"damage":0,"enemies":"Snake Plant","floor":28,"turns":3},{"damage":0,"enemies":"Snecko","floor":31,"turns":5},{"damage":10,"enemies":"Automaton","floor":33,"turns":8},{"damage":0,"enemies":"Orb Walker","floor":35,"turns":3},{"damage":0,"enemies":"3 Darklings","floor":36,"turns":6},{"damage":0,"enemies":"Transient","floor":38,"turns":5},{"damage":0,"enemies":"4 Shapes","floor":39,"turns":6},{"damage":0,"enemies":"Writhing Mass","floor":42,"turns":6},{"damage":0,"enemies":"Time Eater","floor":50,"turns":9}],"seed_played":"4787513395321064054","potions_obtained":[{"floor":2.0,"key":"Ancient Potion"},{"floor":4.0,"key":"LifebloodPotion"},{"floor":7.0,"key":"Dexterity Potion"},{"floor":10.0,"key":"FairyPotion"},{"floor":16.0,"key":"SteroidPotion"},{"floor":22,"key":"DuplicationPotion"},{"floor":25,"key":"Adrenaline Potion"},{"floor":25,"key":"Flashbang"},{"floor":35,"key":"Elixir"},{"floor":42,"key":"FearPotion"}],"is_trial":false,"path_per_floor":["M","M","$","M","M","R","M","R","T","E","?","R","?","$","R","B",null,"M","?","M","M","M","E","R","?","T","M","M","R","$","M","R","B",null,"M","M","$","M","M","R","?","M","T","R","?","T","?","$","R","B",null],"character_chosen":"THE_SILENT","items_purchased":["Terror","Infinite Blades","PreservedInsect","BlessingOfTheForge"],"campfire_rested":0,"item_purchase_floors":[3,14,30,48],"current_hp_per_floor":[70,68,68,67,67,67,56,56,56,52,40,40,37,37,37,30,70,67,67,67,65,65,65,65,65,65,65,65,65,65,65,65,55,70,70,70,70,70,70,70,70,70,70,70,70,70,70,70,70,70],"gold":26,"neow_bonus":"RANDOM_COMMON_RELIC","is_daily":false,"chose_seed":false,"campfire_upgraded":10,"win_rate":0.0,"timestamp":1608508786,"path_taken":["M","M","$","M","M","R","M","R","T","E","?","R","?","$","R","BOSS","M","?","M","M","M","E","R","?","T","M","M","R","$","M","R","BOSS","M","?","$","M","M","R","?","M","T","R","?","?","?","?","R","BOSS"],"items_purchased_type":["Card","Card","Relic","Potion"],"build_version":"2020-12-13","purchased_purges":3,"victory":true,"max_hp_per_floor":[70,70,70,70,70,70,70,70,70,70,70,70,70,70,70,70,70,70,70,70,70,70,70,70,70,70,70,70,70,70,70,70,70,70,70,70,70,70,70,70,70,70,70,70,70,70,70,70,70,70],"card_choices":[{"not_picked":["Backflip","Hidden Blade"],"picked":"Cloak And Dagger","floor":1.0},{"not_picked":["Masterful Stab","Wraith Form v2"],"picked":"Backflip","floor":2.0},{"not_picked":["Slice","Terror","Poisoned Stab"],"picked":"SKIP","floor":4.0},{"not_picked":["Bane","Poisoned Stab"],"picked":"Accuracy","floor":5.0},{"not_picked":["Dodge and Roll","ReplayTheSpireMod:The Works","Dagger Spray"],"picked":"SKIP","floor":7.0},{"not_picked":["Dodge and Roll","ReplayTheSpireMod:The Works"],"picked":"Dagger Spray","floor":7.0},{"not_picked":["Bouncing Flask","Sneak Up","Distraction"],"picked":"SKIP","floor":10.0},{"not_picked":["Corpse Explosion","Night Terror"],"picked":"Adrenaline","floor":16.0},{"not_picked":["Bane","Reflex+1"],"picked":"Cloak And Dagger","floor":18},{"not_picked":["Slice","Outmaneuver+1"],"picked":"Dodge and Roll+1","floor":20},{"not_picked":["Burst","Backflip+1"],"picked":"Hidden Blade+1","floor":21},{"not_picked":["ReplayTheSpireMod:Scrap Shanks","Leg Sweep"],"picked":"Accuracy","floor":22},{"not_picked":["Grand Finale","Well Laid Plans","Crippling Poison+1"],"picked":"SKIP","floor":23},{"not_picked":["Backflip","Deflect","Prepared"],"picked":"SKIP","floor":27},{"not_picked":["Concentrate","Flying Knee","Sucker Punch"],"picked":"SKIP","floor":28},{"not_picked":["Poisoned Stab","hubris:SlightOfHand"],"picked":"PiercingWail+1","floor":31},{"not_picked":["Envenom","Venomology"],"picked":"Malaise","floor":33},{"not_picked":["Riddle With Holes+1","Quick Slash"],"picked":"Footwork","floor":35},{"not_picked":["Underhanded Strike+1","Flying Knee+1","Hidden Blade"],"picked":"SKIP","floor":36},{"not_picked":["Underhanded Strike+1","Flying Knee+1"],"picked":"Hidden Blade","floor":36},{"not_picked":["hubris:SlightOfHand","Backflip","hubris:Counter"],"picked":"SKIP","floor":38},{"not_picked":["Dagger Spray+1","Riddle With Holes+1"],"picked":"Accuracy+1","floor":39},{"not_picked":["Replay:Sssssssssstrike","Impatience"],"picked":"Panacea","floor":41},{"not_picked":["Well Laid Plans+1","Deadly Poison+1"],"picked":"Dodge and Roll+1","floor":42}],"player_experience":831456,"relics_obtained":[{"floor":9.0,"key":"Tough Bandages"},{"floor":10.0,"key":"HornCleat"},{"floor":13.0,"key":"Odd Mushroom"},{"floor":23,"key":"Orichalcum"},{"floor":26,"key":"ReplayTheSpireMod:Shallot"},{"floor":43,"key":"Replay:Bottled Eggs"},{"floor":46,"key":"Question Card"}],"event_choices":[{"damage_healed":0.0,"max_hp_gain":0.0,"max_hp_loss":0.0,"gold_gain":0.0,"event_name":"betterThird:BetterScrap","player_choice":"Relic ","floor":11.0,"gold_loss":0.0,"damage_taken":12.0,"cards_obtained":["ReplayTheSpireMod:Omega Cannon"]},{"damage_healed":0.0,"max_hp_gain":0.0,"max_hp_loss":0.0,"gold_gain":0.0,"event_name":"Mushrooms","player_choice":"Fought Mushrooms","floor":13.0,"gold_loss":0.0,"damage_taken":0.0},{"cards_removed":["Adrenaline"],"damage_healed":0,"gold_gain":0,"player_choice":"Take \u0026 Give","damage_taken":0,"max_hp_gain":0,"max_hp_loss":0,"event_name":"betterNote:BetterNote","floor":19,"gold_loss":0,"cards_obtained":["Core Surge"]},{"damage_healed":0,"gold_gain":0,"player_choice":"Got Potions","damage_taken":0,"max_hp_gain":0,"max_hp_loss":0,"event_name":"Lab","floor":25,"gold_loss":0},{"damage_healed":0,"gold_gain":0,"player_choice":"Memory 1","damage_taken":0,"max_hp_gain":0,"max_hp_loss":0,"event_name":"SensoryStone","floor":41,"gold_loss":0}],"is_beta":false,"boss_relics":[{"not_picked":["Runic Dome","Honey Jar"],"picked":"Cursed Key"},{"not_picked":["Replay:Wanted Poster","hubris:HollowSoul"],"picked":"Snecko Heart"}],"items_purged_floors":[3,30,37],"is_endless":false,"potions_floor_spawned":[2,4,7,10,16,21,22,23,27,35,42],"ascension_level":0}}