{"host":"kzg3uglj8yekbxlz","time":1608466363,"event":{"mods":["Alarm Clock","BaseMod","Better Synergies","Better Vampires","CapriCore","Challenge The Spire","Displayed Cursed Tome","Highlight Path","HololiveMod","KinomotoSakuraMod(木之本樱)","Koishi","Lobotomy","LobotomyExtend","Marisa（F雨　魔理沙）","Minty Spire (QoL Compilation)","Prisma Mod","Shop Mod","StSLib","The Administrix","The Alterego","The Hierophant","The Immortal","TheWitcher","WarShipGirlsR/战舰少女R mod"],"gold_per_floor":[171,171,171,321,328,328,328,328,373,383,383,458,44,9,9,146,146,250,275,373,398,40,40,40,40,40,40,40,17142,17142,16324,16324,18849,18924,18941,18982,18047,17138,16595,16595,16595,16595,16640,16715,16715,16715,16715,16790,16790,16886,16990,16990,17025,17075,17125,17175,17225,17225,17360,16777,16777,16802,16877,17077,17127,17168,17168,17283,17283,17283,17333,17408,17458,17508,17508,17583,17633,17689,17187,17187,16639,16639,16714,16714,16892,16892,16953,17089,17139,17239,16587,16587,16637,16800,16905,16955,17095,17170,17170,16764,16764,16878,17024,17087,17152,17377,17452,17552,17602,17602,17702,17752,17807,17902,17902],"floor_reached":114,"playtime":13121,"items_purged":["ClowCardTheThunder","Electrodynamics","SnafuTest:LandOfFables","AlicesGift+1","Seek","MokouMod:SearingBlow+1","Barricade","CasketOfStar","PrismaMod:ChloeAnyUncommonTrace"],"score":6818,"play_id":"e7d86469-2bc7-4d09-b6c9-5e5aeb10e880","local_time":"20201220201243","daily_mods":["Shiny","Vintage","Red Cards","Green Cards","Blue Cards","Purple Cards","Flight","Elite Swarm"],"is_ascension_mode":true,"campfire_choices":[{"data":"Adoration","floor":23.0,"key":"SMITH"},{"data":"PrismaMod:ChloeAnySkillTrace","floor":24.0,"key":"SMITH"},{"data":"rmod:seals","floor":27.0,"key":"SMITH"},{"data":"MokouMod:Extinguish","floor":40.0,"key":"SMITH"},{"data":"SnafuTest:LastWish","floor":41.0,"key":"SMITH"},{"data":"SnafuTest:PowerContactIsContract","floor":42.0,"key":"SMITH"},{"data":"PrismaMod:ChloeAnyPowerTrace","floor":45.0,"key":"SMITH"},{"data":"alterego_mod:Vow","floor":46.0,"key":"SMITH"},{"data":"rmod:u235","floor":47.0,"key":"SMITH"},{"data":"alterego_mod:AlterEgo","floor":49.0,"key":"SMITH"},{"data":"alterego_mod:SideboobHour","floor":58.0,"key":"SMITH"}],"circlet_count":1,"master_deck":["WhiteNight","SnafuTest:LastWish+1","SnafuTest:PowerContactIsContract+1","SnafuTest:IndifferentImmortality","MokouMod:Extinguish+1","alterego_mod:AlterEgo+1","alterego_mod:Vow+1","alterego_mod:SideboobHour+1","alterego_mod:Palingenesis","alterego_mod:Antipathy","alterego_mod:BrynhildrRomantia+1","AdministrixMod:ImmortalClarity","AdministrixMod:CosmosControl","rmod:seals+1","rmod:ridicule+1","rmod:u235+1","PrismaMod:ChloeAnyAttackTrace","PrismaMod:ChloeAnyPowerTrace+1","PrismaMod:ChloeAnySkillTrace+1","PrismaMod:ChloeAnyRareTrace","PrismaMod:ChloeAnyCommonTrace","SatelliteIllusion","Koishi:SilentAndRestless","HereticApostle","GoldRush+1","Adoration+1","Mimicry","ParadiseLost","InformationCode","SecurityCode","ExtractionCode","OldLady","Bloodbath","OSAHOGD","Variant","CherryBlossoms","MeltingLove","VoidDream","SnafuTest:PowerHangmenTree+1","Seek+1","WallGazer","CrumblingArmor","SingingMachine","alterego_mod:Clap+1","Rudolta","BigCrunch+1","SilentOrchestra","RecordCode","BodiesMountain","FieryBird","BlueStar","LaLuna","RitualDagger+1","Woodsman","ControlCode","QueenOfHatred","CENSORED","LongBird","Madness+1","CasketOfStar+1","BlackArmy","RedShoes","rmod:supriseattacks+1","PrismaMod:ChloeAnyUncommonTrace+1","Blasphemy+1","DisciplinaryCode","LittleHelper","NakedNest","BigBadWolf","AdministrixMod:CosmosControl+1","Laetitia","Mayhem+1"],"relics":["CogitoBucket","RabbitCall","Regal Pillow","LetterFromLob","Centennial Puzzle","SnafuTest:AxiiRelic","Calipers","Boot","ShedSkin_r","LaetitiaHeart","Pantograph","MerchantsRug","PreservedInsect","SlaversCollar","Vajra","Theresia","Toy Ornithopter","Bottled Lightning","Frozen Egg 2","SsserpentHead","Anchor","TheAbacus","Shovel","Akabeko","SnafuTest:YrdenRelic","Lantern","FossilizedHelix","Singing Bowl","Frozen Eye","Molten Egg 2","PrismaticShard","Juzu Bracelet","Happy Flower","Cursed Key","Ice Cream","Kunai","AdjustmentMirror","Thread and Needle","Golden Idol","Odd Mushroom","Turnip","Medical Kit","Oddly Smooth Stone","Art of War","DeathAngel","Torii","Bag of Marbles","Calling Bell","Du-Vu Doll","HornCleat","Bag of Preparation","alterego_mod:FleetingLove","Ginger","Mercury Hourglass","Gremlin Horn","SnafuTest:BearRelic","ClockworkSouvenir","Tiny Chest","SacredBark","AtMidnight","ChangeAnything","Blood Vial","CatCart","Ancient Tea Set","Dream Catcher","Membership Card","Matryoshka","Nunchaku","HandDrill","SkinProphecy","Tiny House","StrikeDummy","WarpedTongs","InkBottle","Circlet"],"acts_visited":["Exordium","TheCity","TheBeyond","Exordium","TheCity","TheBeyond","Exordium"],"potions_floor_usage":[],"damage_taken":[{"damage":5.0,"enemies":"2 Louse","floor":1.0,"turns":2.0},{"damage":15.0,"enemies":"Small Slimes","floor":5.0,"turns":3.0},{"damage":0.0,"enemies":"3 Sentries","floor":10.0,"turns":1.0},{"damage":0.0,"enemies":"Jaw Worm","floor":12.0,"turns":4.0},{"damage":38.0,"enemies":"Hexaghost","floor":16.0,"turns":9.0},{"damage":24.0,"enemies":"Chosen","floor":18.0,"turns":6.0},{"damage":24.0,"enemies":"2 Thieves","floor":20.0,"turns":3.0},{"damage":3.0,"enemies":"Snecko","floor":29.0,"turns":4.0},{"damage":0.0,"enemies":"Champ","floor":33.0,"turns":3.0},{"damage":5.0,"enemies":"3 Shapes","floor":35.0,"turns":5.0},{"damage":56.0,"enemies":"3 Darklings","floor":36.0,"turns":5.0},{"damage":0.0,"enemies":"Donu and Deca","floor":50.0,"turns":1.0},{"damage":0.0,"enemies":"Time Eater","floor":51.0,"turns":2.0},{"damage":0.0,"enemies":"Small Slimes","floor":53.0,"turns":1.0},{"damage":0.0,"enemies":"The Mushroom Lair","floor":59.0,"turns":1.0},{"damage":0.0,"enemies":"3 Sentries","floor":62.0,"turns":1.0},{"damage":0.0,"enemies":"Cultist","floor":66.0,"turns":1.0},{"damage":0.0,"enemies":"Hexaghost","floor":68.0,"turns":1.0},{"damage":0.0,"enemies":"Book of Stabbing","floor":78.0,"turns":1.0},{"damage":0.0,"enemies":"Champ","floor":85.0,"turns":1.0},{"damage":0.0,"enemies":"Orb Walker","floor":87.0,"turns":7.0},{"damage":0.0,"enemies":"Orin","floor":88.0,"turns":2.0},{"damage":0.0,"enemies":"2 Orb Walkers","floor":94.0,"turns":1.0},{"damage":0.0,"enemies":"Giant Head","floor":95.0,"turns":1.0},{"damage":0.0,"enemies":"Reptomancer","floor":97.0,"turns":1.0},{"damage":0.0,"enemies":"Donu and Deca","floor":102.0,"turns":1.0},{"damage":0.0,"enemies":"Awakened One","floor":103.0,"turns":2.0},{"damage":0.0,"enemies":"Small Slimes","floor":105.0,"turns":2.0},{"damage":0.0,"enemies":"3 Sentries","floor":113.0,"turns":3.0},{"damage":0.0,"enemies":"The Mushroom Lair","floor":114.0,"turns":1.0}],"seed_played":"-4722874921052638402","potions_obtained":[{"floor":34.0,"key":"SpeedPotion"},{"floor":51.0,"key":"DistilledChaos"},{"floor":62.0,"key":"SkillPotion"},{"floor":87.0,"key":"Weak Potion"},{"floor":94.0,"key":"DistilledChaos"},{"floor":95.0,"key":"Explosive Potion"},{"floor":104.0,"key":"Energy Potion"},{"floor":113.0,"key":"AttackPotion"}],"is_trial":true,"path_per_floor":["M","?","?","?","M","R","R","R","T","E","R","M","$","?","R","B",null,"M","?","M","?","$","R","R","R","T","R","?","M","?","$","R","B",null,"M","M","$","$","$","R","R","R","T","?","R","R","R","?","R","B","B",null,"M","?","?","?","?","R","?","$","T","E","?","?","?","M","R","B",null,"M","?","?","?","?","R","?","?","E","$","R","$","R","?","R","B",null,"M","?","?","?","$","R","?","?","E","?","E","?","R","$","R","B","B",null,"M","?","?","?","?","R","?","?","E","?"],"character_chosen":"Angela","items_purchased":["MerchantsRug","PreservedInsect","Bottled Lightning","TheAbacus","Shovel","Akabeko","SnafuTest:PowerHangmenTree+1","FossilizedHelix","Singing Bowl","Frozen Eye","Twilight+1","Molten Egg 2","Mango","PrismaticShard","alterego_mod:Clap+1","Juzu Bracelet","Strawberry","Medical Kit","Oddly Smooth Stone","Art of War","Mercury Hourglass","Gremlin Horn","SnafuTest:BearRelic","ClockworkSouvenir","Tiny Chest","CasketOfStar+1","Ancient Tea Set","Dream Catcher","Membership Card","Matryoshka","Nunchaku","HandDrill"],"campfire_rested":0,"item_purchase_floors":[13,13,22,31,31,31,31,37,37,37,37,38,38,38,39,39,39,60,60,60,79,79,81,81,81,91,91,91,91,100,100,100],"current_hp_per_floor":[67,32,25,25,33,33,33,33,33,9,9,22,22,41,41,41,72,61,61,50,50,50,50,50,50,50,50,50,64,64,64,64,90,95,100,67,67,81,88,88,88,88,88,88,88,88,88,136,136,145,146,146,151,140,142,142,89,89,116,116,116,163,156,156,156,163,163,177,177,177,177,171,171,171,171,171,171,185,185,185,185,185,185,185,193,193,201,207,207,168,168,168,168,215,223,223,229,229,229,229,229,241,248,248,261,261,261,261,261,261,261,261,286,290,290],"gold":17902,"neow_bonus":"","is_daily":false,"chose_seed":false,"campfire_upgraded":11,"win_rate":0.0,"timestamp":1608466363,"path_taken":["M","?","?","?","?","R","R","R","T","E","R","?","$","?","R","BOSS","M","?","?","?","?","R","R","R","T","R","?","?","?","$","R","BOSS","M","M","$","$","$","R","R","R","T","?","R","R","R","?","R","BOSS","BOSS","M","?","?","?","?","R","?","?","T","E","?","?","?","M","R","BOSS","M","?","?","?","?","R","?","?","E","?","R","$","R","?","R","BOSS","M","?","?","?","?","R","?","?","E","?","E","?","R","$","R","BOSS","BOSS","M","?","?","?","?","R","?","?","E","?"],"items_purchased_type":["Relic","Relic","Relic","Relic","Relic","Relic","Card","Relic","Relic","Relic","Card","Relic","Relic","Relic","Card","Relic","Relic","Relic","Relic","Relic","Relic","Relic","Relic","Relic","Relic","Card","Relic","Relic","Relic","Relic","Relic","Relic"],"build_version":"2020-12-13","purchased_purges":9,"victory":false,"max_hp_per_floor":[71,71,71,71,71,71,71,71,71,72,72,77,77,77,77,82,82,87,87,92,92,92,92,92,92,92,92,92,88,88,88,88,90,95,100,105,105,119,126,126,126,126,126,126,126,126,126,136,136,145,146,146,151,151,153,153,153,153,162,162,162,169,169,169,169,176,176,185,185,185,185,185,185,185,185,185,185,193,193,193,193,193,193,193,201,201,207,215,215,215,215,215,215,223,229,229,241,241,241,241,241,247,258,265,275,275,275,275,280,280,280,280,288,292,292],"card_choices":[{"not_picked":["Scorched","GalaxyChild"],"picked":"OldLady","floor":1.0},{"not_picked":["BigBadWolf","BigBird"],"picked":"Bloodbath","floor":5.0},{"not_picked":["UniverseFragment","DespairKnight"],"picked":"OSAHOGD","floor":12.0},{"not_picked":["CrumblingArmor","PunishingBird"],"picked":"Variant","floor":16.0},{"not_picked":["PunishingBird","FieryBird"],"picked":"CherryBlossoms","floor":18.0},{"not_picked":["QueenOfHatred","Alriune"],"picked":"MeltingLove","floor":20.0},{"not_picked":["Yin","LaLuna"],"picked":"VoidDream","floor":29.0},{"not_picked":["SatelliteIllusion+1","Koishi:ConditionedTeleport+1"],"picked":"SnafuTest:PayExoticTreasure+1","floor":33.0},{"not_picked":["alterego_mod:Tantrum+1","ClowCardTheThunder+1"],"picked":"Seek+1","floor":33.0},{"not_picked":["SingingMachine","Woodsman"],"picked":"WallGazer","floor":33.0},{"not_picked":["rmod:punchline+1","Deflect+1"],"picked":"AlicesGift+1","floor":34.0},{"not_picked":["UniverseFragment","FairyFestival"],"picked":"CrumblingArmor","floor":35.0},{"not_picked":["BlackArmy","Scorched"],"picked":"SingingMachine","floor":36.0},{"not_picked":["BloodyDesire+1","SnafuTest:PowerAlwaysOnRoads+1","Hololive_RevenueBasedLive+1"],"picked":"SKIP","floor":36.0},{"not_picked":["BloodyDesire+1","SnafuTest:PowerAlwaysOnRoads+1","Hololive_RevenueBasedLive+1"],"picked":"SKIP","floor":36.0},{"not_picked":["Justitia+1","SnafuTest:LastWish+1","rmod:saltedfish+1"],"picked":"Singing Bowl","floor":50.0},{"not_picked":["hierophant:Kindle+1","alterego_mod:Venus+1","rmod:timeschanged+1"],"picked":"Singing Bowl","floor":50.0},{"not_picked":["HeroicMonk","BigBird"],"picked":"Rudolta","floor":50.0},{"not_picked":["SnafuTest:DecisiveOpportunity+1","PrismaMod:ChloeDoubleRelicSpeed+1"],"picked":"BigCrunch+1","floor":51.0},{"not_picked":["BlackSwan","WhiteNight"],"picked":"SilentOrchestra","floor":53.0},{"not_picked":["PrismaMod:ChloeAnyPowerTrace"],"picked":"Singing Bowl","floor":55.0},{"not_picked":["ClowCardTheDream+1","Hololive_CallFriendA+1","Hololive_CallYukihanaLamy+1"],"picked":"Singing Bowl","floor":59.0},{"not_picked":["NakedNest","BlueStar"],"picked":"BodiesMountain","floor":59.0},{"not_picked":["alterego_mod:DeftHands+1","MokouMod:AdaptivePyromancy+1","hierophant:OrnateJavelin+1"],"picked":"Singing Bowl","floor":59.0},{"not_picked":["LittlePrince","HappyTeddy"],"picked":"FieryBird","floor":62.0},{"not_picked":["PrismaMod:IllyaCheapChannelAttack+1","Beam Cell+1","GrandCross+1"],"picked":"Singing Bowl","floor":62.0},{"not_picked":["Dark Shackles+1","Go for the Eyes+1","Spore+1"],"picked":"Singing Bowl","floor":66.0},{"not_picked":["LittlePrince","DreamingCurrent"],"picked":"BlueStar","floor":66.0},{"not_picked":["NothingThere","Alriune","Laetitia"],"picked":"Singing Bowl","floor":68.0},{"not_picked":["WhitesApple","Funeral"],"picked":"LaLuna","floor":68.0},{"not_picked":["Wraith Form v2+1","Unload+1","hierophant:LocustPlague+1"],"picked":"Singing Bowl","floor":68.0},{"not_picked":["MokouMod:Rebirth+1","hierophant:Cornucopia+1","Twilight+1"],"picked":"Singing Bowl","floor":68.0},{"not_picked":["UltimateShortwave+1","MillisecondPulsars+1","Koishi:GrowingPain+1"],"picked":"Singing Bowl","floor":78.0},{"not_picked":["WhitesApple","NothingThere"],"picked":"Woodsman","floor":78.0},{"not_picked":["Rainbow+1","PrismaMod:IllyaCarnivalAttack+1","Hololive_OpenUp+1"],"picked":"Singing Bowl","floor":78.0},{"not_picked":["BlackArmy","HeroicMonk"],"picked":"QueenOfHatred","floor":85.0},{"not_picked":["PrismaMod:ChloeCarnivalDefend+1","EscapeVelocity+1","All For One+1"],"picked":"Singing Bowl","floor":85.0},{"not_picked":["PrismaMod:IllyaCarnivalOrbs+1","ClowCardTheFight+1","ParadiseLost+1"],"picked":"Singing Bowl","floor":85.0},{"not_picked":["AdministrixMod:TrickOfTheLight+1","DoubleSpark+1","rmod:supportescort+1"],"picked":"Singing Bowl","floor":87.0},{"not_picked":["NothingThere","BlackArmy"],"picked":"CENSORED","floor":87.0},{"not_picked":["SnafuTest:SpellTortoise+1","Steam Power+1","MokouMod:SearingShot+1"],"picked":"Singing Bowl","floor":88.0},{"not_picked":["hierophant:OrnateJavelin+1","PrismaMod:MiyuCarnivalAttack+1","ClowCardTheLibra+1"],"picked":"Singing Bowl","floor":88.0},{"not_picked":["BlackSwan","Freischutz"],"picked":"LongBird","floor":88.0},{"not_picked":["Koishi:FleetingPhantom+1","Hololive_OvertimeWork+1","Discord+1"],"picked":"Singing Bowl","floor":94.0},{"not_picked":["NothingThere","Funeral"],"picked":"BlackArmy","floor":94.0},{"not_picked":["PrismaMod:IllyaPoisonTippedWeapons+1","Wingbeat+1","alterego_mod:MaintainEyeContact+1"],"picked":"Singing Bowl","floor":94.0},{"not_picked":["NothingThere","QueenBee"],"picked":"RedShoes","floor":95.0},{"not_picked":["hierophant:Kindle+1","Die Die Die+1"],"picked":"rmod:supriseattacks+1","floor":95.0},{"not_picked":["PrismaMod:MiyuChannelAttackEvoke+1","PrismaMod:IllyaCarnivalOrbs+1","MokouMod:Ventilation+1"],"picked":"Singing Bowl","floor":95.0},{"not_picked":["PrismaMod:IllyaCarnivalOrbs+1","hierophant:Determination+1","Hololive_MaximGun+1"],"picked":"Singing Bowl","floor":97.0},{"not_picked":["PrismaMod:IllyaCarnivalPrismaAstolfo+1","alterego_mod:Tantrum+1"],"picked":"PrismaMod:ChloeAnyUncommonTrace+1","floor":97.0},{"not_picked":["rmod:saltedfish+1","SnafuTest:ConciliatoryPresence+1"],"picked":"Blasphemy+1","floor":97.0},{"not_picked":["HandOfGreed+1","AdministrixMod:LifeforceNet+1","alterego_mod:TrickOrTreatment+1"],"picked":"Singing Bowl","floor":97.0},{"not_picked":["Double Tap+1","alterego_mod:IdEs+1","PrismaMod:ChloeCarnivalAttack+1"],"picked":"Singing Bowl","floor":97.0},{"not_picked":["NothingThere","Funeral"],"picked":"LittleHelper","floor":97.0},{"not_picked":["PrismaMod:IllyaUberDefendChannel+1","Thunder Strike+1","Buffer+1"],"picked":"Singing Bowl","floor":97.0},{"not_picked":["Echo Form+1","GoldRush+1","Hololive_DDD+1"],"picked":"Singing Bowl","floor":102.0},{"not_picked":["HeroicMonk","NothingThere"],"picked":"NakedNest","floor":102.0},{"not_picked":["NothingThere","WhitesApple"],"picked":"BigBadWolf","floor":103.0},{"not_picked":["hierophant:MintersHammer+1","MokouMod:SearingBlow+1"],"picked":"AdministrixMod:CosmosControl+1","floor":103.0},{"not_picked":["Alpha+1","Reaper+1","CollectingQuirk+1"],"picked":"Singing Bowl","floor":103.0},{"not_picked":["GoldRush+1","Hololive_Rebirth+1","SnafuTest:PayAlchemyMaster+1"],"picked":"Singing Bowl","floor":103.0},{"not_picked":["rmod:stealaluminum+1","PrismaMod:IllyaInstallAssassin","SnafuTest:SpellCalcinedMetamorphism+1"],"picked":"Singing Bowl","floor":103.0},{"not_picked":["ClowCardTheLittle+1","Lantern+1","Wild Strike+1"],"picked":"Singing Bowl","floor":104.0},{"not_picked":["AdministrixMod:ExtolVirtue+1","Hololive_Drill+1","FlurryOfBlows+1"],"picked":"Singing Bowl","floor":105.0},{"not_picked":["hierophant:ArchangelShield+1","Shrug It Off+1","rmod:advancebysurprise+1"],"picked":"Singing Bowl","floor":105.0},{"not_picked":["NothingThere","WhitesApple"],"picked":"Laetitia","floor":105.0},{"not_picked":["Bludgeon+1","PrismaMod:IllyaUberPoisonChannel+1","alterego_mod:PainIsPleasure+1"],"picked":"Singing Bowl","floor":113.0},{"not_picked":["Hololive_Psychosis+1","FourthMatchFlame+1","Purity+1"],"picked":"Singing Bowl","floor":114}],"player_experience":621156,"relics_obtained":[{"floor":1.0,"key":"Regal Pillow"},{"floor":1.0,"key":"LetterFromLob"},{"floor":5.0,"key":"Calipers"},{"floor":9.0,"key":"Boot"},{"floor":12.0,"key":"Pantograph"},{"floor":18.0,"key":"Vajra"},{"floor":20.0,"key":"Potion Belt"},{"floor":26.0,"key":"Frozen Egg 2"},{"floor":29.0,"key":"Anchor"},{"floor":29.0,"key":"Omamori"},{"floor":35.0,"key":"Whetstone"},{"floor":36.0,"key":"Lantern"},{"floor":43.0,"key":"Happy Flower"},{"floor":53.0,"key":"Ice Cream"},{"floor":53.0,"key":"Kunai"},{"floor":59.0,"key":"Odd Mushroom"},{"floor":59.0,"key":"Turnip"},{"floor":62.0,"key":"DeathAngel"},{"floor":66.0,"key":"Torii"},{"floor":66.0,"key":"Bag of Marbles"},{"floor":69.0,"key":"Du-Vu Doll"},{"floor":69.0,"key":"HornCleat"},{"floor":69.0,"key":"Bag of Preparation"},{"floor":78.0,"key":"Ginger"},{"floor":87.0,"key":"AtMidnight"},{"floor":87.0,"key":"Blood Vial"},{"floor":88.0,"key":"CatCart"},{"floor":105.0,"key":"StrikeDummy"},{"floor":114,"key":"Circlet"}],"event_choices":[{"damage_healed":0.0,"max_hp_gain":0.0,"max_hp_loss":0.0,"gold_gain":0.0,"event_name":"Scrap Ooze","player_choice":"Success","floor":2.0,"gold_loss":0.0,"damage_taken":35.0,"relics_obtained":["Centennial Puzzle"]},{"cards_removed":["Creative AI"],"damage_healed":0.0,"max_hp_gain":0.0,"max_hp_loss":0.0,"gold_gain":0.0,"event_name":"Golden Wing","player_choice":"Card Removal","floor":3.0,"gold_loss":0.0,"damage_taken":7.0},{"damage_healed":0.0,"max_hp_gain":0.0,"max_hp_loss":0.0,"gold_gain":150.0,"event_name":"Liars Game","player_choice":"AGREE","floor":4.0,"gold_loss":0.0,"damage_taken":0.0,"cards_obtained":["Doubt"]},{"damage_healed":19.0,"max_hp_gain":0.0,"max_hp_loss":0.0,"gold_gain":0.0,"event_name":"The Cleric","player_choice":"Healed","floor":14.0,"gold_loss":35.0,"damage_taken":0.0},{"cards_removed":["MokouMod:Rebirth"],"damage_healed":0.0,"max_hp_gain":0.0,"max_hp_loss":0.0,"gold_gain":0.0,"event_name":"Purifier","player_choice":"Purged","floor":19.0,"gold_loss":0.0,"damage_taken":0.0},{"cards_removed":["SnafuTest:PayAlchemyMaster"],"damage_healed":0.0,"max_hp_gain":0.0,"max_hp_loss":0.0,"gold_gain":0.0,"event_name":"WeMeetAgain","player_choice":"Gave Card","floor":21.0,"gold_loss":0.0,"damage_taken":0.0,"relics_obtained":["Toy Ornithopter"]},{"damage_healed":0.0,"max_hp_gain":0.0,"max_hp_loss":0.0,"gold_gain":0.0,"event_name":"FaceTrader","player_choice":"Trade","floor":28.0,"gold_loss":0.0,"damage_taken":0.0,"relics_obtained":["SsserpentHead"]},{"cards_removed":["AdministrixMod:Schism"],"damage_healed":0.0,"max_hp_gain":0.0,"max_hp_loss":0.0,"gold_gain":0.0,"event_name":"Beggar","player_choice":"Gave Gold","floor":30.0,"gold_loss":75.0,"damage_taken":0.0},{"cards_removed":["Twilight"],"damage_healed":0.0,"max_hp_gain":0.0,"max_hp_loss":0.0,"gold_gain":0.0,"event_name":"Purifier","player_choice":"Purged","floor":44.0,"gold_loss":0.0,"damage_taken":0.0},{"cards_removed":["alterego_mod:Tantrum"],"damage_healed":38.0,"max_hp_gain":10.0,"max_hp_loss":0.0,"gold_gain":0.0,"event_name":"Bonfire Elementals","player_choice":"Offered Rare","floor":48.0,"gold_loss":0.0,"damage_taken":0.0},{"damage_healed":0.0,"max_hp_gain":0.0,"max_hp_loss":0.0,"gold_gain":0.0,"event_name":"Scrap Ooze","player_choice":"Success","floor":54.0,"gold_loss":0.0,"damage_taken":11.0,"relics_obtained":["Thread and Needle"]},{"damage_healed":0.0,"max_hp_gain":0.0,"max_hp_loss":0.0,"gold_gain":0.0,"event_name":"Golden Idol","player_choice":"Take Damage","floor":57.0,"gold_loss":0.0,"damage_taken":53.0,"relics_obtained":["Golden Idol"]},{"damage_healed":0.0,"max_hp_gain":0.0,"max_hp_loss":0.0,"gold_gain":0.0,"event_name":"Mushrooms","player_choice":"Fought Mushrooms","floor":59.0,"gold_loss":0.0,"damage_taken":0.0},{"cards_removed":["Juggernaut"],"damage_healed":0.0,"max_hp_gain":0.0,"max_hp_loss":0.0,"gold_gain":0.0,"event_name":"Golden Wing","player_choice":"Card Removal","floor":63.0,"gold_loss":0.0,"damage_taken":7.0},{"damage_healed":0.0,"max_hp_gain":0.0,"max_hp_loss":0.0,"gold_gain":150.0,"event_name":"Liars Game","player_choice":"AGREE","floor":64.0,"gold_loss":0.0,"damage_taken":0.0,"cards_obtained":["Doubt"]},{"damage_healed":0.0,"max_hp_gain":0.0,"max_hp_loss":0.0,"gold_gain":0.0,"event_name":"爱的神圣花园","player_choice":"Choice 1","floor":71.0,"gold_loss":0.0,"damage_taken":0.0,"relics_obtained":["alterego_mod:FleetingLove"]},{"damage_healed":0.0,"max_hp_gain":0.0,"max_hp_loss":0.0,"gold_gain":0.0,"event_name":"Nest","player_choice":"Joined the Cult","floor":72.0,"gold_loss":0.0,"damage_taken":6.0,"cards_obtained":["RitualDagger"]},{"cards_removed":["Hololive_AWSL"],"damage_healed":0.0,"max_hp_gain":0.0,"max_hp_loss":0.0,"gold_gain":0.0,"event_name":"Back to Basics","player_choice":"Elegance","floor":76.0,"gold_loss":0.0,"damage_taken":0.0},{"damage_healed":0.0,"max_hp_gain":0.0,"max_hp_loss":0.0,"gold_gain":0.0,"event_name":"Purifier","player_choice":"Ignored","floor":77.0,"gold_loss":0.0,"damage_taken":0.0},{"damage_healed":0.0,"max_hp_gain":0.0,"max_hp_loss":0.0,"gold_gain":0.0,"event_name":"The Library","player_choice":"Read","floor":83.0,"gold_loss":0.0,"damage_taken":0.0,"cards_obtained":["SnafuTest:GetPaid"]},{"damage_healed":0.0,"max_hp_gain":0.0,"max_hp_loss":0.0,"gold_gain":0.0,"event_name":"OrinTheCat","player_choice":"Fight","floor":88.0,"gold_loss":0.0,"damage_taken":0.0},{"damage_healed":0.0,"max_hp_gain":0.0,"max_hp_loss":0.0,"gold_gain":0.0,"event_name":"The Moai Head","player_choice":"Ignored","floor":89.0,"gold_loss":0.0,"damage_taken":0.0},{"damage_healed":0.0,"max_hp_gain":0.0,"max_hp_loss":0.0,"gold_gain":0.0,"event_name":"Winding Halls","player_choice":"Embrace Madness","floor":90.0,"gold_loss":0.0,"damage_taken":39.0,"cards_obtained":["Madness","Madness"]},{"damage_healed":0.0,"max_hp_gain":0.0,"max_hp_loss":0.0,"gold_gain":0.0,"event_name":"Tomb of Lord Red Mask","player_choice":"Ignored","floor":93.0,"gold_loss":0.0,"damage_taken":0.0},{"damage_healed":0.0,"max_hp_gain":0.0,"max_hp_loss":0.0,"gold_gain":0.0,"event_name":"Mysterious Sphere","player_choice":"Fight","floor":94.0,"gold_loss":0.0,"damage_taken":0.0},{"damage_healed":0.0,"max_hp_gain":0.0,"max_hp_loss":0.0,"gold_gain":0.0,"event_name":"SecretPortal","player_choice":"Ignored","floor":96.0,"gold_loss":0.0,"damage_taken":0.0},{"cards_removed":["Twilight"],"damage_healed":0.0,"max_hp_gain":0.0,"max_hp_loss":0.0,"gold_gain":0.0,"event_name":"Falling","player_choice":"Removed Attack","floor":98.0,"gold_loss":0.0,"damage_taken":0.0},{"damage_healed":0.0,"max_hp_gain":0.0,"max_hp_loss":0.0,"gold_gain":150.0,"event_name":"Liars Game","player_choice":"AGREE","floor":106.0,"gold_loss":0.0,"damage_taken":0.0,"cards_obtained":["Doubt"]},{"damage_healed":0.0,"max_hp_gain":0.0,"max_hp_loss":0.0,"gold_gain":0.0,"event_name":"Accursed Blacksmith","player_choice":"Rummage","floor":107.0,"gold_loss":0.0,"damage_taken":0.0,"relics_obtained":["WarpedTongs"],"cards_obtained":["Pain"]},{"damage_healed":0.0,"max_hp_gain":0.0,"max_hp_loss":0.0,"gold_gain":0.0,"cards_transformed":["Madness"],"event_name":"Transmorgrifier","player_choice":"Transformed","floor":108.0,"gold_loss":0.0,"damage_taken":0.0,"cards_obtained":["Mayhem"]},{"damage_healed":0.0,"max_hp_gain":5.0,"max_hp_loss":0.0,"gold_gain":0.0,"event_name":"Big Fish","player_choice":"Donut","floor":109.0,"gold_loss":0.0,"damage_taken":0.0},{"cards_removed":["Pain","Doubt"],"damage_healed":0.0,"max_hp_gain":0.0,"max_hp_loss":0.0,"gold_gain":0.0,"event_name":"Fountain of Cleansing","player_choice":"Removed Curses","floor":111.0,"gold_loss":0.0,"damage_taken":0.0},{"damage_healed":0.0,"max_hp_gain":0.0,"max_hp_loss":0.0,"gold_gain":0.0,"event_name":"WeMeetAgain","player_choice":"Gave Potion","floor":112.0,"gold_loss":0.0,"damage_taken":0.0,"relics_obtained":["InkBottle"]},{"damage_healed":0.0,"max_hp_gain":0.0,"max_hp_loss":0.0,"gold_gain":0.0,"event_name":"Mushrooms","player_choice":"Fought Mushrooms","floor":114.0,"gold_loss":0.0,"damage_taken":0.0}],"is_beta":false,"boss_relics":[{"not_picked":["Hololive_TopUpMoneyS","Busted Crown"],"picked":"SlaversCollar"},{"not_picked":["Hololive_ChaosS","Snecko Eye"],"picked":"Tiny House"},{"not_picked":["SacredBark","Sozu"],"picked":"Cursed Key"},{"not_picked":["Philosopher\u0027s Stone","Coffee Dripper"],"picked":"Calling Bell"},{"not_picked":["Hololive_ChaosS","Fusion Hammer"],"picked":"SacredBark"},{"not_picked":["Snecko Eye","Sozu"],"picked":"Tiny House"}],"items_purged_floors":[13,22,31,37,38,39,60,91,100],"is_endless":true,"potions_floor_spawned":[10,51,62],"ascension_level":20}}