{"host":"uc3yqlcea8xhzyx4","time":1608496864,"event":{"mods":["Act Like it!","BaseMod","Better Altar","Better Third Choice","CCEM","Colored Map","Colored Powertips","Downfall","GifTheSpireLib","Highlight Path","Jedi Mod","Marisa????????","Minty Spire (QoL Compilation)","Permanent Neow","Quick Restart","Replay The Spire","Shop Mod","Spicy Shops","StSLib"],"gold_per_floor":[114,152,152,4,78,110,41,60,60,60,94,94,120,120,130,130,231,231,231,336,336,354,373,373,413,440,440,479,479,479,479,534,560,585,332,357,357,27,52,52,192,192,209,209,209,229,229,229,269,294,319,342,361,431,494,93,169,169,169,197,197,197,12,99,127],"floor_reached":66,"playtime":2888,"items_purged":["UpSweep","Defend_MRS","Pain","SuperPerseids","Defend_MRS","Defend_MRS","Defend_MRS"],"score":1421,"play_id":"0988da84-cc47-4ed8-b1bb-7af79c1dda2c","local_time":"20201220214104","is_ascension_mode":true,"campfire_choices":[{"data":"UltimateShortwave","floor":12,"key":"SMITH"},{"floor":14,"key":"REST"},{"data":"PulseMagic","floor":16,"key":"SMITH"},{"floor":19,"key":"REST"},{"floor":27,"key":"RECALL"},{"floor":29,"key":"REST"},{"data":"Robbery","floor":31,"key":"SMITH"},{"data":"OortCloud","floor":37,"key":"SMITH"},{"data":"AlicesGift","floor":40,"key":"SMITH"},{"data":"DarkMatter","floor":48,"key":"SMITH"},{"floor":58,"key":"DIG"},{"data":"MasterSpark","floor":59,"key":"SMITH"},{"data":"TreasureHunter","floor":62,"key":"SMITH"}],"circlet_count":0,"master_deck":["Strike_MRS","Strike_MRS","MasterSpark+1","AsteroidBelt","UltimateShortwave+1","PulseMagic+1","TreasureHunter+1","AlicesGift+1","AbsoluteMagnitude+1","DoubleSpark+1","IllusionStar+1","6A+1","FinalSpark+1","Robbery+1","Occultation+1","CollectingQuirk+1","OortCloud+1","EnergyFlow+1","AbeCurse","CollectingQuirk+1","DarkMatter+1","OortCloud+1"],"relics":["BewitchedHakkero","NeowsBlessing","jedi:kaleidoscope","Mummified Hand","Mirror","TungstenRod","Orichalcum","HandmadeGrimoire","Ancient Tea Set","Golden Egg","Replay:Bottled Snecko","SproutingBranch","Astrolabe","Incense Burner","Tiny Chest","Ornamental Fan","AmplifyWand","jedi:shrinkray","jedi:cryingmask","Chameleon Ring","Toy Ornithopter","ClockworkSouvenir","Replay:Rubber Ducky","ReplayTheSpireMod:Lightbulb","RampagingMagicTools","jedi:archwizardhat","Vajra","CCEMRelics:SpiritsEdge","Gremlin Food","Nunchaku","Pet Ghost","Medical Kit","Bottled Flame","Shuriken","jedi:gremlinknob"],"acts_visited":["Exordium","TheCity","TheBeyond","TheEnding"],"potions_floor_usage":[17,32],"damage_taken":[{"damage":0,"enemies":"Jaw Worm","floor":1,"turns":1},{"damage":0,"enemies":"Gremlin Nob","floor":6,"turns":1},{"damage":0,"enemies":"2 Louse","floor":8,"turns":1},{"damage":11,"enemies":"Lagavulin","floor":11,"turns":6},{"damage":23,"enemies":"Gremlin Nob","floor":13,"turns":5},{"damage":0,"enemies":"Small Slimes","floor":15,"turns":1},{"damage":31,"enemies":"The Guardian","floor":17,"turns":13},{"damage":12,"enemies":"The Guardian","floor":20,"turns":7},{"damage":7,"enemies":"3 Byrds","floor":22,"turns":5},{"damage":8,"enemies":"Shell Parasite","floor":23,"turns":3},{"damage":33,"enemies":"Shelled Parasite and Fungi","floor":25,"turns":6},{"damage":5,"enemies":"Chosen and Byrds","floor":26,"turns":5},{"damage":60,"enemies":"Book of Stabbing","floor":28,"turns":8},{"damage":31,"enemies":"Gremlin Leader","floor":32,"turns":6},{"damage":7,"enemies":"Replay:Snechameleon","floor":36,"turns":3},{"damage":0,"enemies":"Gremlin Leader","floor":39,"turns":4},{"damage":1,"enemies":"Pondfish","floor":41,"turns":9},{"damage":0,"enemies":"3 Darklings","floor":43,"turns":2},{"damage":0,"enemies":"Orb Walker","floor":46,"turns":2},{"damage":0,"enemies":"Jaw Worm Horde","floor":49,"turns":3},{"damage":0,"enemies":"Giant Head","floor":50,"turns":3},{"damage":0,"enemies":"Writhing Mass","floor":53,"turns":1},{"damage":0,"enemies":"Reptomancer","floor":54,"turns":5},{"damage":0,"enemies":"Transient","floor":55,"turns":5},{"damage":3,"enemies":"Replay:Hell Engine","floor":60,"turns":2},{"damage":0,"enemies":"Shield and Spear","floor":64,"turns":2},{"damage":25,"enemies":"The Heart","floor":65,"turns":6}],"seed_played":"-1914449421935071010","potions_obtained":[{"floor":6,"key":"DuplicationPotion"},{"floor":11,"key":"ColorlessPotion"},{"floor":17,"key":"Adrenaline Potion"},{"floor":41,"key":"AttackPotion"}],"is_trial":false,"path_per_floor":["M","?","?","$","T","E","$","M","T","T","E","R","E","R","M","R","B",null,"R","B",null,"M","M","?","M","M","R","E","R","?","R","E","T","T","$","E","R","$","E","R","B",null,"M","T","T","M","?","R","M","E","T","T","M","E","M","$","T","R_BF","R","B",null,"R","$","E","B",null],"character_chosen":"MARISA","items_purchased":["UltimateShortwave","TungstenRod","EnergyFlow","ClockworkSouvenir","Replay:Rubber Ducky","Medical Kit","OortCloud"],"campfire_rested":3,"item_purchase_floors":[4,7,35,38,38,56,63],"current_hp_per_floor":[75,45,45,45,45,45,45,45,45,45,34,34,11,33,33,33,2,2,24,27,75,73,67,67,49,58,58,13,35,60,60,44,44,44,44,46,46,46,58,58,72,75,75,75,75,75,75,75,75,75,75,75,75,75,75,75,75,75,75,72,75,75,75,75,56],"gold":127,"neow_bonus":"THREE_ENEMY_KILL","is_daily":false,"chose_seed":false,"campfire_upgraded":8,"win_rate":0.0,"timestamp":1608496864,"path_taken":["M","?","?","$","?","E","?","M","T","T","E","R","E","R","M","R","BOSS","R","BOSS","M","M","?","M","M","R","E","R","?","R","E","T","T","$","E","R","?","E","R","BOSS","M","?","?","?","?","R","M","E","T","T","M","E","M","$","?","R_BF","R","BOSS","R","$","E","BOSS"],"items_purchased_type":["Card","Relic","Card","Relic","Relic","Relic","Card"],"build_version":"2020-12-13","purchased_purges":7,"victory":true,"max_hp_per_floor":[75,75,75,75,75,75,75,75,75,75,75,75,75,75,75,75,75,75,75,75,75,75,75,75,75,75,75,75,75,75,75,75,75,75,75,75,75,75,75,75,75,75,75,75,75,75,75,75,75,75,75,75,75,75,75,75,75,75,75,75,75,75,75,75,75],"card_choices":[{"not_picked":["MysteriousBeam","IllusionStar"],"picked":"DarkSpark","floor":1},{"not_picked":["MagicChant","GasGiant"],"picked":"AsteroidBelt","floor":2},{"not_picked":["WitchOfGreed","DC"],"picked":"PulseMagic","floor":6},{"not_picked":["OneTimeOff","GalacticHalo"],"picked":"SuperPerseids","floor":8},{"not_picked":["DoubleSpark","OneTimeOff"],"picked":"TreasureHunter","floor":11},{"not_picked":["MagicAbsorber","Orbital"],"picked":"AlicesGift","floor":13},{"not_picked":["Acceleration","OrrerysSun","DarkSpark"],"picked":"SKIP","floor":15},{"not_picked":["SuperNova","CasketOfStar"],"picked":"AbsoluteMagnitude","floor":17},{"not_picked":["StarDustReverie","TreasureHunter"],"picked":"FinalSpark","floor":20},{"not_picked":["Orbital","MilkyWay+1"],"picked":"Robbery","floor":22},{"not_picked":["Orbital","GrandCross","EventHorizon+1"],"picked":"SKIP","floor":23},{"not_picked":["DC","AsteroidBelt"],"picked":"Occultation+1","floor":25},{"not_picked":["LuminesStrike","6A","GalacticHalo"],"picked":"SKIP","floor":26},{"not_picked":["MilkyWay","6A+1"],"picked":"CollectingQuirk","floor":28},{"not_picked":["GalacticHalo","IllusionStar"],"picked":"OortCloud","floor":32},{"not_picked":["GravityBeat","6A","WitchOfGreed"],"picked":"SKIP","floor":36},{"not_picked":["OrrerysSun","RefractionSpark","BlazeAway"],"picked":"SKIP","floor":39},{"not_picked":["BigCrunch","SuperNova"],"picked":"CollectingQuirk","floor":41},{"not_picked":["DC+1","GravityBeat+1","OneTimeOff"],"picked":"SKIP","floor":43},{"not_picked":["PowerUp+1","GalacticHalo"],"picked":"DarkMatter","floor":46},{"not_picked":["RefractionSpark+1","Acceleration","PowerUp+1"],"picked":"SKIP","floor":49},{"not_picked":["ChargeUpSpray+1","AsteroidBelt+1","SuperPerseids"],"picked":"SKIP","floor":50},{"not_picked":["AsteroidBelt+1","Robbery+1","LuminesStrike"],"picked":"SKIP","floor":53},{"not_picked":["NonDirectionalLaser","AbsoluteMagnitude","OneTimeOff"],"picked":"SKIP","floor":54},{"not_picked":["SprinkleStarSeal+1","DoubleSpark+1","ShootingEcho+1"],"picked":"SKIP","floor":55},{"not_picked":["PowerUp","SporeBomb","GalacticHalo"],"picked":"SKIP","floor":64}],"player_experience":222528,"relics_obtained":[{"floor":2,"key":"jedi:kaleidoscope"},{"floor":5,"key":"Mummified Hand"},{"floor":6,"key":"Mirror"},{"floor":9,"key":"Orichalcum"},{"floor":10,"key":"HandmadeGrimoire"},{"floor":11,"key":"Ancient Tea Set"},{"floor":13,"key":"Golden Egg"},{"floor":13,"key":"Replay:Bottled Snecko"},{"floor":17,"key":"SproutingBranch"},{"floor":20,"key":"Incense Burner"},{"floor":28,"key":"Tiny Chest"},{"floor":32,"key":"Ornamental Fan"},{"floor":32,"key":"AmplifyWand"},{"floor":33,"key":"jedi:shrinkray"},{"floor":34,"key":"jedi:cryingmask"},{"floor":36,"key":"Chameleon Ring"},{"floor":36,"key":"Toy Ornithopter"},{"floor":39,"key":"ReplayTheSpireMod:Lightbulb"},{"floor":44,"key":"jedi:archwizardhat"},{"floor":50,"key":"Vajra"},{"floor":51,"key":"CCEMRelics:SpiritsEdge"},{"floor":52,"key":"Gremlin Food"},{"floor":54,"key":"Nunchaku"},{"floor":54,"key":"Pet Ghost"},{"floor":57,"key":"Bottled Flame"},{"floor":58,"key":"Shuriken"},{"floor":64,"key":"jedi:gremlinknob"}],"event_choices":[{"damage_healed":0,"gold_gain":0,"player_choice":"Ignored","damage_taken":0,"max_hp_gain":0,"max_hp_loss":0,"event_name":"Vampires","floor":24,"gold_loss":0},{"damage_healed":25,"gold_gain":0,"player_choice":"Heal","damage_taken":0,"max_hp_gain":0,"max_hp_loss":0,"event_name":"The Library","floor":30,"gold_loss":0},{"damage_healed":0,"gold_gain":0,"player_choice":"Ignored","damage_taken":0,"max_hp_gain":0,"max_hp_loss":0,"event_name":"Tomb of Lord Red Mask","floor":47,"gold_loss":0}],"is_beta":false,"boss_relics":[{"not_picked":["Replay:Bronze Core","Replay:Drink Me"],"picked":"Astrolabe"},{"not_picked":["Fusion Hammer","Philosopher\u0027s Stone"],"picked":"BewitchedHakkero"},{"not_picked":["jedi:battlestandard","CCEMRelics:TransientCore"],"picked":"RampagingMagicTools"}],"items_purged_floors":[35,35,38,38,56,56,63],"is_endless":false,"potions_floor_spawned":[6,11,17,22,25,26,41,46,55],"ascension_level":2}}