{"host":"bxn2em57qlx5u4i0","time":1608507953,"event":{"mods":["BaseMod","Colored Map","Colored Powertips","Highlight Path","Minty Spire (QoL Compilation)","Random Character Button","Relic Sorter","Relic Stats","StSLib","SuperFastMode"],"gold_per_floor":[116,96,21,40,40,74,134,134,157,57,57,92,92,107,107,183,183,196,41,41,60,72,72,102,115,115,149,149,149,149,99,117,117,194,194,210,225,239,33,33,62,117,117,193,193,206,233,247,67,67,67,67,67,67,44,75,75,75],"floor_reached":57,"playtime":1879,"items_purged":["Strike_G","Strike_G","Strike_G","Shame"],"score":2012,"play_id":"3518f26a-aa3b-4a5c-8d82-bb78fabc40c6","local_time":"20201220184553","is_ascension_mode":true,"campfire_choices":[{"data":"Bouncing Flask","floor":8.0,"key":"SMITH"},{"data":"Bane","floor":11.0,"key":"SMITH"},{"floor":13.0,"key":"REST"},{"data":"Neutralize","floor":15.0,"key":"SMITH"},{"floor":23.0,"key":"REST"},{"floor":29.0,"key":"REST"},{"floor":33.0,"key":"REST"},{"floor":45.0,"key":"RECALL"},{"floor":50.0,"key":"REST"},{"floor":54,"key":"REST"}],"circlet_count":0,"master_deck":["AscendersBane","Strike_G","Strike_G","Defend_G","Defend_G+1","Defend_G","Defend_G","Defend_G","Survivor","Neutralize+1","Bouncing Flask+1","Bane+1","Catalyst+1","Bullet Time","Flying Knee+1","Backflip","Backflip","Crippling Poison+1","Blur","Noxious Fumes+1","After Image+1","Leg Sweep+1","Backflip+1","Caltrops+1","Finesse","Panache+1","Apotheosis+1","Injury","Escape Plan"],"relics":["Ring of the Snake","NeowsBlessing","Blood Vial","StoneCalendar","Pen Nib","War Paint","Fusion Hammer","Mummified Hand","Calipers","Frozen Egg 2","Gremlin Horn","Cursed Key","Membership Card","The Courier","Kunai","Bag of Preparation","Paper Crane","Strawberry"],"acts_visited":["Exordium","TheCity","TheBeyond","TheEnding"],"potions_floor_usage":[51,56,57],"damage_taken":[{"damage":0.0,"enemies":"Jaw Worm","floor":1.0,"turns":1.0},{"damage":0.0,"enemies":"Cultist","floor":4.0,"turns":1.0},{"damage":0.0,"enemies":"3 Sentries","floor":6.0,"turns":1.0},{"damage":17.0,"enemies":"Lagavulin Event","floor":7.0,"turns":6.0},{"damage":43.0,"enemies":"Gremlin Nob","floor":12.0,"turns":5.0},{"damage":0.0,"enemies":"Small Slimes","floor":14.0,"turns":3.0},{"damage":5.0,"enemies":"Hexaghost","floor":16.0,"turns":7.0},{"damage":26.0,"enemies":"Shell Parasite","floor":18.0,"turns":5.0},{"damage":0.0,"enemies":"Chosen","floor":21.0,"turns":4.0},{"damage":8.0,"enemies":"Centurion and Healer","floor":22.0,"turns":5.0},{"damage":9.0,"enemies":"Book of Stabbing","floor":24.0,"turns":5.0},{"damage":4.0,"enemies":"Sentry and Sphere","floor":25.0,"turns":5.0},{"damage":52.0,"enemies":"Slavers","floor":27.0,"turns":5.0},{"damage":0.0,"enemies":"Shelled Parasite and Fungi","floor":32.0,"turns":3.0},{"damage":14.0,"enemies":"Collector","floor":34.0,"turns":6.0},{"damage":0.0,"enemies":"3 Shapes","floor":36.0,"turns":3.0},{"damage":0.0,"enemies":"3 Darklings","floor":37.0,"turns":5.0},{"damage":0.0,"enemies":"Transient","floor":38.0,"turns":6.0},{"damage":0.0,"enemies":"Giant Head","floor":41.0,"turns":7.0},{"damage":6.0,"enemies":"Writhing Mass","floor":46.0,"turns":6.0},{"damage":4.0,"enemies":"Reptomancer","floor":47.0,"turns":6.0},{"damage":0.0,"enemies":"Jaw Worm Horde","floor":48.0,"turns":4.0},{"damage":51,"enemies":"Awakened One","floor":51,"turns":16},{"damage":1,"enemies":"Time Eater","floor":52,"turns":12},{"damage":41,"enemies":"Shield and Spear","floor":56,"turns":10},{"damage":35,"enemies":"The Heart","floor":57,"turns":9}],"seed_played":"-2803619567487899596","potions_obtained":[{"floor":1.0,"key":"BlessingOfTheForge"},{"floor":2.0,"key":"PowerPotion"},{"floor":14.0,"key":"FairyPotion"},{"floor":18.0,"key":"GhostInAJar"},{"floor":21.0,"key":"CultistPotion"},{"floor":25.0,"key":"Dexterity Potion"},{"floor":27.0,"key":"Block Potion"},{"floor":37.0,"key":"FearPotion"},{"floor":41.0,"key":"DistilledChaos"},{"floor":46.0,"key":"GhostInAJar"},{"floor":48.0,"key":"EssenceOfSteel"},{"floor":56,"key":"SmokeBomb"}],"is_trial":false,"path_per_floor":["M","?","$","M","?","E","?","R","T","$","R","E","R","M","R","B",null,"M","$","?","M","M","R","E","M","T","E","T","R","?","?","M","R","B",null,"M","M","M","$","?","E","T","?","T","R","M","E","M","$","R","B","B",null,"R","$","E","B"],"character_chosen":"THE_SILENT","items_purchased":["Backflip","Membership Card","Caltrops+1","Paper Crane","Swift Potion"],"campfire_rested":6,"item_purchase_floors":[19,39,39,49,55],"current_hp_per_floor":[59,59,59,59,59,59,44,44,44,44,44,3,22,24,24,21,55,31,31,22,24,18,37,30,28,28,2,2,21,21,21,23,42,30,57,59,61,63,63,53,55,55,55,55,55,51,49,51,51,66,15,16,54,66,66,32,0,0],"gold":75,"neow_bonus":"THREE_ENEMY_KILL","is_daily":false,"chose_seed":false,"campfire_upgraded":3,"win_rate":0.0,"timestamp":1608507953,"path_taken":["M","?","?","M","?","E","?","R","T","$","R","E","R","M","R","BOSS","M","$","?","M","M","R","E","?","T","E","?","R","?","?","M","R","BOSS","M","M","?","$","?","E","?","?","T","R","?","E","M","$","R","BOSS","BOSS","R","$","E","BOSS"],"items_purchased_type":["Card","Relic","Card","Relic","Potion"],"build_version":"2020-12-13","purchased_purges":4,"victory":false,"max_hp_per_floor":[66,66,66,66,66,66,66,66,66,66,66,66,66,66,66,66,66,66,66,66,66,66,66,66,66,66,66,66,66,66,66,66,66,66,66,66,66,66,66,66,66,66,66,66,66,66,66,66,66,66,66,66,66,66,66,73,73,73],"relic_stats":{"Blood Vial":42,"Gremlin Horn":[16,19],"counters":[26,146],"Mummified Hand":[36],"StoneCalendar":[214],"Pen Nib":[15],"Bag of Preparation":[10],"Kunai":[5],"War Paint":["Defend_G","Catalyst"],"Cursed Key":2,"obtain_stats":[{"Calipers":26,"NeowsBlessing":0,"Gremlin Horn":28,"StoneCalendar":7,"Pen Nib":9,"The Courier":41,"Bag of Preparation":47,"War Paint":12,"Frozen Egg 2":27,"Paper Crane":49,"Cursed Key":35,"Blood Vial":6,"Mummified Hand":24,"Strawberry":56,"Fusion Hammer":17,"Membership Card":39,"Kunai":44,"Ring of the Snake":0},{"Calipers":12,"NeowsBlessing":0,"Gremlin Horn":13,"StoneCalendar":4,"Pen Nib":4,"The Courier":19,"Bag of Preparation":21,"War Paint":5,"Frozen Egg 2":13,"Paper Crane":22,"Cursed Key":15,"Blood Vial":3,"Mummified Hand":11,"Strawberry":25,"Fusion Hammer":7,"Membership Card":18,"Kunai":19,"Ring of the Snake":0},{"Calipers":48,"NeowsBlessing":0,"Gremlin Horn":53,"StoneCalendar":9,"Pen Nib":9,"The Courier":83,"Bag of Preparation":95,"War Paint":14,"Frozen Egg 2":53,"Paper Crane":99,"Cursed Key":62,"Blood Vial":3,"Mummified Hand":43,"Strawberry":137,"Fusion Hammer":24,"Membership Card":76,"Kunai":83,"Ring of the Snake":0}],"Ring of the Snake":[52]},"card_choices":[{"not_picked":["Endless Agony","Outmaneuver"],"picked":"Bouncing Flask","floor":1.0},{"not_picked":["Blade Dance","Choke"],"picked":"Bane","floor":4.0},{"not_picked":["Flechettes","Dodge and Roll","Tactician"],"picked":"SKIP","floor":6.0},{"not_picked":["Tactician","Deflect"],"picked":"Catalyst","floor":12.0},{"not_picked":["Dagger Spray","Distraction","Eviscerate"],"picked":"SKIP","floor":14.0},{"not_picked":["Doppelganger","Envenom"],"picked":"Bullet Time","floor":16.0},{"not_picked":["Quick Slash","Outmaneuver"],"picked":"Flying Knee+1","floor":18.0},{"not_picked":["Acrobatics","Predator"],"picked":"Backflip","floor":21.0},{"not_picked":["Flying Knee","Blade Dance"],"picked":"Crippling Poison+1","floor":22.0},{"not_picked":["Masterful Stab","Concentrate"],"picked":"Blur","floor":24.0},{"not_picked":["Accuracy","Dodge and Roll","Quick Slash"],"picked":"SKIP","floor":25.0},{"not_picked":["Deflect","Prepared","Dagger Spray"],"picked":"SKIP","floor":27.0},{"not_picked":["A Thousand Cuts+1","Deadly Poison"],"picked":"Noxious Fumes+1","floor":32.0},{"not_picked":["Wraith Form v2+1","Unload"],"picked":"After Image+1","floor":34.0},{"not_picked":["Outmaneuver","Cloak And Dagger"],"picked":"Leg Sweep+1","floor":36.0},{"not_picked":["Bouncing Flask+1","Flying Knee"],"picked":"Backflip+1","floor":37.0},{"not_picked":["All Out Attack+1","Deflect","Prepared+1"],"picked":"SKIP","floor":38.0},{"not_picked":["Violence","Madness"],"picked":"Finesse","floor":40.0},{"not_picked":["Flash of Steel","Discovery"],"picked":"Panache+1","floor":40.0},{"not_picked":["Impatience","Blind"],"picked":"Apotheosis","floor":40.0},{"not_picked":["Skewer","Outmaneuver","Quick Slash"],"picked":"SKIP","floor":41.0},{"not_picked":["Acrobatics","Dash","Crippling Poison"],"picked":"SKIP","floor":46.0},{"not_picked":["Blade Dance","Reflex","Distraction"],"picked":"SKIP","floor":47.0},{"not_picked":["Prepared","Dagger Spray+1","Concentrate"],"picked":"SKIP","floor":48.0},{"not_picked":["Deflect","Bane"],"picked":"Escape Plan","floor":56}],"player_experience":2835478,"relics_obtained":[{"floor":6.0,"key":"Blood Vial"},{"floor":7.0,"key":"StoneCalendar"},{"floor":9.0,"key":"Pen Nib"},{"floor":12.0,"key":"War Paint"},{"floor":24.0,"key":"Mummified Hand"},{"floor":26.0,"key":"Calipers"},{"floor":27.0,"key":"Frozen Egg 2"},{"floor":28.0,"key":"Gremlin Horn"},{"floor":41.0,"key":"The Courier"},{"floor":44.0,"key":"Kunai"},{"floor":47.0,"key":"Bag of Preparation"},{"floor":56,"key":"Strawberry"}],"event_choices":[{"damage_healed":0.0,"max_hp_gain":0.0,"max_hp_loss":0.0,"gold_gain":0.0,"event_name":"The Woman in Blue","player_choice":"Bought 1 Potion","floor":2.0,"gold_loss":0.0,"damage_taken":0.0},{"damage_healed":0.0,"max_hp_gain":0.0,"max_hp_loss":0.0,"gold_gain":0.0,"event_name":"Liars Game","player_choice":"Ignored","floor":5.0,"gold_loss":0.0,"damage_taken":0.0},{"damage_healed":0.0,"max_hp_gain":0.0,"max_hp_loss":0.0,"gold_gain":0.0,"event_name":"Dead Adventurer","player_choice":"Searched \u00271\u0027 times","floor":7.0,"gold_loss":0.0,"damage_taken":0.0},{"damage_healed":0.0,"max_hp_gain":0.0,"max_hp_loss":0.0,"gold_gain":0.0,"event_name":"Wheel of Change","player_choice":"Damaged","floor":20.0,"gold_loss":0.0,"damage_taken":9.0},{"damage_healed":0.0,"max_hp_gain":0.0,"max_hp_loss":0.0,"gold_gain":0.0,"event_name":"The Mausoleum","player_choice":"Ignored","floor":30.0,"gold_loss":0.0,"damage_taken":0.0},{"damage_healed":0.0,"max_hp_gain":0.0,"max_hp_loss":0.0,"gold_gain":0.0,"event_name":"The Joust","player_choice":"Bet on Owner","floor":31.0,"gold_loss":50.0,"damage_taken":0.0},{"damage_healed":0.0,"max_hp_gain":0.0,"max_hp_loss":0.0,"gold_gain":0.0,"event_name":"SensoryStone","player_choice":"Memory 3","floor":40.0,"gold_loss":0.0,"damage_taken":10.0},{"damage_healed":0.0,"max_hp_gain":0.0,"max_hp_loss":0.0,"gold_gain":0.0,"event_name":"Accursed Blacksmith","player_choice":"Forge","floor":43.0,"gold_loss":0.0,"damage_taken":0.0,"cards_upgraded":["Apotheosis"]}],"is_beta":false,"boss_relics":[{"not_picked":["Busted Crown","HoveringKite"],"picked":"Fusion Hammer"},{"not_picked":["Runic Pyramid","Tiny House"],"picked":"Cursed Key"}],"items_purged_floors":[3,10,19,49],"is_endless":false,"potions_floor_spawned":[1,6,14,18,21,25,27,37,41,46,48,56],"killed_by":"The Heart","ascension_level":20}}