{"host":"qwttrqaysb380yri","time":1608499061,"event":{"mods":["BaseMod","Custom Start","Minty Spire (QoL Compilation)","Permanent Neow","Puzzle Mod","Relic Stats","StSLib","The Cursed","The Hierophant"],"gold_per_floor":[112,127,127,144,22,22,49,49,49,76,76,109,129,144,144,221,221,235,251,265,282,282,316,316,334,334,334,334],"floor_reached":27,"playtime":2114,"items_purged":[],"score":434,"play_id":"3e52e142-9507-456b-9b5d-cd0b4d860e3b","local_time":"20201220221741","is_ascension_mode":true,"campfire_choices":[{"data":"Defragment","floor":6.0,"key":"SMITH"},{"floor":11,"key":"REST"},{"data":"Darkness","floor":15,"key":"SMITH"},{"floor":24,"key":"REST"}],"circlet_count":0,"master_deck":["AscendersBane","Zap","Dualcast","Go for the Eyes+1","Sweeping Beam","Defragment+1","Darkness+1","Ball Lightning","Go for the Eyes","Auto Shields","Fusion","White Noise","Doom and Gloom","Biased Cognition","Conserve Battery","Coolheaded","Sunder","Core Surge","Steam Power","Multi-Cast","BootSequence","Steam Power+1","Steam","Defragment","Conserve Battery"],"relics":["SlaversCollar","Meat on the Bone","Smiling Mask","Whetstone","Dream Catcher","Pandora\u0027s Box","Akabeko","Shuriken"],"acts_visited":["Exordium","TheCity"],"potions_floor_usage":[10,10,16,21],"damage_taken":[{"damage":1.0,"enemies":"Cultist","floor":1.0,"turns":4.0},{"damage":1.0,"enemies":"2 Louse","floor":2.0,"turns":4.0},{"damage":7.0,"enemies":"Jaw Worm","floor":4.0,"turns":4.0},{"damage":15.0,"enemies":"Lagavulin","floor":7.0,"turns":5.0},{"damage":30,"enemies":"Gremlin Nob","floor":10,"turns":4},{"damage":15,"enemies":"Lagavulin","floor":12,"turns":6},{"damage":13,"enemies":"3 Louse","floor":13,"turns":4},{"damage":13,"enemies":"Large Slime","floor":14,"turns":5},{"damage":27,"enemies":"Hexaghost","floor":16,"turns":7},{"damage":2,"enemies":"3 Byrds","floor":18,"turns":4},{"damage":16,"enemies":"2 Thieves","floor":19,"turns":5},{"damage":22,"enemies":"Centurion and Healer","floor":20,"turns":6},{"damage":16,"enemies":"Cultist and Chosen","floor":21,"turns":6},{"damage":14,"enemies":"Book of Stabbing","floor":23,"turns":4},{"damage":14,"enemies":"Chosen and Byrds","floor":25,"turns":5},{"damage":49,"enemies":"Slavers","floor":27,"turns":3}],"seed_played":"3992171035591869405","potions_obtained":[{"floor":8.0,"key":"LiquidMemories"},{"floor":10,"key":"SpeedPotion"},{"floor":13,"key":"Explosive Potion"},{"floor":14,"key":"BlessingOfTheForge"},{"floor":16,"key":"Ancient Potion"},{"floor":25,"key":"PotionOfCapacity"}],"is_trial":false,"path_per_floor":["M","M","?","M","$","R","E","?","T","E","R","E","M","M","R","B",null,"M","M","M","M","?","E","R","M","T","E"],"character_chosen":"DEFECT","items_purchased":["Ball Lightning","DuplicationPotion"],"campfire_rested":2,"item_purchase_floors":[5,5],"current_hp_per_floor":[63,62,62,55,55,55,40,40,40,22,43,40,39,38,38,23,59,57,41,31,27,50,36,57,43,43,0,0],"gold":334,"neow_bonus":"BOSS_RELIC","is_daily":false,"chose_seed":false,"campfire_upgraded":2,"win_rate":0.0,"timestamp":1608499061,"path_taken":["M","M","?","?","$","R","E","?","T","E","R","E","M","M","R","BOSS","M","?","M","M","?","E","R","M","T","E"],"items_purchased_type":["Card","Potion"],"build_version":"2020-12-13","purchased_purges":0,"victory":false,"max_hp_per_floor":[71,71,71,71,71,71,71,71,71,71,71,71,71,71,71,71,71,71,71,71,71,71,71,71,71,71,71,71],"relic_stats":{"Dream Catcher":1,"counters":[16,76],"Shuriken":[0],"Pandora\u0027s Box":["Conserve Battery","Coolheaded","Sunder","Core Surge","Steam Power","Multi-Cast","BootSequence"],"Whetstone":["Go for the Eyes","Strike_B"],"Smiling Mask":0,"obtain_stats":[{"SlaversCollar":0,"Dream Catcher":12,"Shuriken":26,"Pandora\u0027s Box":17,"Whetstone":10,"Cracked Core":0,"Smiling Mask":9,"Akabeko":23,"Meat on the Bone":7},{"SlaversCollar":0,"Dream Catcher":6,"Shuriken":15,"Pandora\u0027s Box":9,"Whetstone":5,"Cracked Core":0,"Smiling Mask":4,"Akabeko":14,"Meat on the Bone":4},{"SlaversCollar":0,"Dream Catcher":27,"Shuriken":73,"Pandora\u0027s Box":43,"Whetstone":21,"Cracked Core":0,"Smiling Mask":17,"Akabeko":68,"Meat on the Bone":17}],"Meat on the Bone":84},"card_choices":[{"not_picked":["Redo","Auto Shields"],"picked":"Go for the Eyes","floor":1.0},{"not_picked":["Go for the Eyes","Gash"],"picked":"Sweeping Beam","floor":2.0},{"not_picked":["Conserve Battery","Turbo"],"picked":"Darkness","floor":4.0},{"not_picked":["Streamline","Compile Driver"],"picked":"Go for the Eyes","floor":7.0},{"not_picked":["White Noise","Gash"],"picked":"Auto Shields","floor":10},{"not_picked":["Stack","Hello World"],"picked":"Fusion","floor":12},{"not_picked":["Hyperbeam","Leap"],"picked":"White Noise","floor":13},{"not_picked":["BootSequence","Stack"],"picked":"Doom and Gloom","floor":14},{"not_picked":["Reboot","Machine Learning"],"picked":"Biased Cognition","floor":16},{"not_picked":["Leap","Beam Cell"],"picked":"Steam Power+1","floor":18},{"not_picked":["Darkness","Streamline","Sweeping Beam"],"picked":"SKIP","floor":19},{"not_picked":["Beam Cell","Reinforced Body"],"picked":"Steam","floor":20},{"not_picked":["Barrage","Melter","Hyperbeam"],"picked":"SKIP","floor":21},{"not_picked":["Reinforced Body","Force Field","Rebound"],"picked":"SKIP","floor":23},{"not_picked":["Sweeping Beam","Streamline+1"],"picked":"Defragment","floor":24},{"not_picked":["Chill","Double Energy"],"picked":"Conserve Battery","floor":25}],"player_experience":1913677,"relics_obtained":[{"floor":7.0,"key":"Meat on the Bone"},{"floor":9.0,"key":"Smiling Mask"},{"floor":10,"key":"Whetstone"},{"floor":12,"key":"Dream Catcher"},{"floor":23,"key":"Akabeko"},{"floor":26,"key":"Shuriken"}],"event_choices":[{"damage_healed":0.0,"max_hp_gain":0.0,"max_hp_loss":0.0,"gold_gain":0.0,"cards_transformed":["Strike_B"],"event_name":"Transmorgrifier","player_choice":"Transformed","floor":3.0,"gold_loss":0.0,"damage_taken":0.0,"cards_obtained":["Defragment"]},{"damage_healed":0.0,"max_hp_gain":0.0,"max_hp_loss":0.0,"gold_gain":0.0,"event_name":"Lab","player_choice":"Got Potions","floor":8.0,"gold_loss":0.0,"damage_taken":0.0},{"damage_healed":23,"gold_gain":0,"player_choice":"Heal","damage_taken":0,"max_hp_gain":0,"max_hp_loss":0,"event_name":"The Library","floor":22,"gold_loss":0}],"is_beta":false,"boss_relics":[{"not_picked":["Runic Dome","Velvet Choker"],"picked":"Pandora\u0027s Box"}],"items_purged_floors":[],"is_endless":false,"potions_floor_spawned":[10,13,14,16,19,25],"killed_by":"Slavers","ascension_level":14}}