{"host":"1ewc6jxpaqi263j3","time":1608448749,"event":{"mods":["Act Like it!","BaseMod","Better Vampires","Better-Laid Plans","BetterRewards","Card Forge","Colored Map","Elementarium","Gensokyo","Hallownest","HololiveMod","Luminous","Menagerie","Minty Spire (QoL Compilation)","Quick Restart","Rare Cards Sparkle","Shop Mod","StSLib","The Animator","The Bug Knight","UnlockEverythingMod"],"gold_per_floor":[114,129,151,167,180,180,20,36,90,90,90,103,114,128,128,224,224,255,101,111,111,111,142,142,156,156,7,20,20,48,66,66,66,66],"floor_reached":33,"playtime":1612,"items_purged":["animator:Strike","animator:Strike"],"score":408,"play_id":"50d5a11e-0216-4d1e-af1e-5176152aa82e","local_time":"20201220151909","is_ascension_mode":false,"campfire_choices":[{"data":"animator:Lu","floor":6,"key":"SMITH"},{"data":"animator:DolaStephanie","floor":15,"key":"SMITH"},{"floor":24,"key":"REST"},{"data":"animator:DolaSchwi","floor":29,"key":"SMITH"},{"floor":32,"key":"REST"}],"circlet_count":0,"master_deck":["animator:Strike_NoGameNoLife","animator:Defend_NoGameNoLife","animator:Strike","animator:Defend+1","animator:Defend","animator:Defend","animator:DolaSchwi","animator:DolaCouronne","animator:Mitsurugi","animator:SayakaMiki","animator:DolaStephanie+1","animator:DolaSchwi","animator:Lu+1","animator:ItamiYouji+1","animator:DolaRiku+1","animator:Chung","animator:MadokaKaname","animator:Jibril","animator:Mitsurugi","animator:Megumin+11","animator:DolaSchwi+1","animator:DolaSchwi+1","animator:Vanir","animator:DolaRiku"],"relics":["animator:LivingPicture","animator:TheMissingPiece","Hammer of Thor","Seething Fire","Anvil of the Gods","Sozu","Gensokyo:Bombinomicon","Bag of Marbles","Gensokyo:NagashiBinaDoll","Philosopher\u0027s Stone","War Paint","HollowMod:LifeEnderRelic","Boot","Hololive_LightStick"],"acts_visited":["Exordium","Gensokyo:Gensokyo"],"potions_floor_usage":[],"damage_taken":[{"damage":0,"enemies":"Gensokyo:3_Fairies","floor":1,"turns":4},{"damage":4,"enemies":"Gensokyo:Gryphon","floor":2,"turns":4},{"damage":0,"enemies":"Gensokyo:Python","floor":3,"turns":3},{"damage":2,"enemies":"Gensokyo:Gryphon_and_Rabbit","floor":4,"turns":5},{"damage":0,"enemies":"Gensokyo:LivingMonolith","floor":5,"turns":3},{"damage":0,"enemies":"Gensokyo:VengefulSpirit","floor":8,"turns":3},{"damage":18,"enemies":"Gensokyo:5_Fairies","floor":12,"turns":3},{"damage":1,"enemies":"Gensokyo:Gryphon_and_Rabbit","floor":13,"turns":3},{"damage":0,"enemies":"Gensokyo:VengefulSpirit","floor":14,"turns":3},{"damage":23,"enemies":"Gensokyo:Kokoro","floor":16,"turns":8},{"damage":23,"enemies":"Gensokyo:AngelMirror","floor":18,"turns":3},{"damage":31,"enemies":"Gensokyo:3_Dogs","floor":20,"turns":4},{"damage":3,"enemies":"Gensokyo:Reisen","floor":23,"turns":4},{"damage":0,"enemies":"Gensokyo:3_Gloops","floor":25,"turns":3},{"damage":15,"enemies":"Gensokyo:Chomper_and_Gloop","floor":28,"turns":3},{"damage":13,"enemies":"Gensokyo:Koishi","floor":30,"turns":4},{"damage":0,"enemies":"Gensokyo:Wraith","floor":31,"turns":2},{"damage":35,"enemies":"Gensokyo:Eiki","floor":33,"turns":4}],"seed_played":"-8395177639552124146","potions_obtained":[],"is_trial":false,"path_per_floor":["M","M","M","M","M","R","?","M","T","?","?","M","M","M","R","B",null,"M","$","M","?","?","E","R","M","T","$","M","R","E","M","R","B"],"character_chosen":"THE_ANIMATOR","items_purchased":["animator:Mitsurugi","animator:Mitsurugi","Boot"],"campfire_rested":2,"item_purchase_floors":[0,19,27],"current_hp_per_floor":[60,56,56,54,54,54,54,54,54,54,54,36,36,36,36,13,67,44,44,13,13,13,10,30,30,30,30,15,15,2,2,22,0,0],"gold":66,"neow_bonus":"","is_daily":false,"chose_seed":false,"campfire_upgraded":3,"win_rate":0.0,"timestamp":1608448749,"path_taken":["M","M","M","M","M","R","?","M","T","?","?","M","M","M","R","BOSS","M","$","M","?","?","E","R","M","T","?","M","R","E","M","R","BOSS"],"items_purchased_type":["Card","Card","Relic"],"build_version":"2020-12-13","purchased_purges":2,"victory":false,"max_hp_per_floor":[66,66,66,66,66,66,66,66,66,66,66,66,67,67,67,67,67,67,67,67,67,67,67,67,67,67,67,67,67,67,67,67,67,67],"card_choices":[{"not_picked":["animator:Ara","animator:DolaCouronne","animator:Verdia"],"picked":"SKIP","floor":1},{"not_picked":["animator:Add","animator:Konayuki"],"picked":"animator:SayakaMiki","floor":2},{"not_picked":["animator:Jibril","animator:Nanami"],"picked":"animator:DolaStephanie","floor":3},{"not_picked":["animator:DolaCouronne","animator:IzunaHatsuse"],"picked":"animator:DolaSchwi","floor":4},{"not_picked":["animator:Konayuki","animator:Emonzaemon"],"picked":"animator:Lu","floor":5},{"not_picked":["animator:IzunaHatsuse","animator:WinryRockbell","animator:Aqua"],"picked":"SKIP","floor":8},{"not_picked":["animator:Nanami","animator:Sloth","animator:DolaCouronne"],"picked":"SKIP","floor":12},{"not_picked":["animator:DolaSchwi","animator:DolaStephanie"],"picked":"animator:DolaRiku","floor":13},{"not_picked":["animator:Verdia","animator:Wiz"],"picked":"animator:Chung","floor":14},{"not_picked":["animator:Greed","animator:Biyorigo"],"picked":"animator:MadokaKaname","floor":16},{"not_picked":["animator:ZankiKiguchi","animator:Kuribayashi"],"picked":"animator:Jibril","floor":18},{"not_picked":["animator:Ara","animator:ElricAlphonse","animator:TsurugaMeisai"],"picked":"SKIP","floor":20},{"not_picked":["animator:DolaCouronne","animator:Jibril"],"picked":"animator:DolaSchwi","floor":23},{"not_picked":["animator:Vanir","animator:Scar"],"picked":"animator:DolaSchwi+1","floor":25},{"not_picked":["animator:SuzuneAmano+1","animator:ZankiKiguchi","animator:OrikoMikuni"],"picked":"SKIP","floor":28},{"not_picked":["animator:YuiTsuruno+1","animator:Kuribayashi"],"picked":"animator:Vanir","floor":30},{"not_picked":["animator:Jibril","animator:ChlammyZell"],"picked":"animator:DolaRiku","floor":31}],"player_experience":226541,"relics_obtained":[{"floor":9,"key":"Bag of Marbles"},{"floor":23,"key":"War Paint"},{"floor":26,"key":"HollowMod:LifeEnderRelic"},{"floor":30,"key":"Hololive_LightStick"}],"event_choices":[],"is_beta":false,"boss_relics":[{"not_picked":["Black Star","Coffee Dripper"],"picked":"Philosopher\u0027s Stone"}],"items_purged_floors":[0,19],"is_endless":false,"potions_floor_spawned":[3,4,8,14,28,30],"killed_by":"Gensokyo:Eiki","ascension_level":0}}