{"host":"gx7yyrn1gkym3qpb","time":1608462285,"event":{"mods":["AchievementEnabler","BaseMod","Better Altar","Better Match","Better Note","Better Sensory Stone","Better Skull","Better Third Choice","Hubris","Infinite Spire","Minty Spire (QoL Compilation)","Permanent Neow","StSLib","Unceasing Turn Reminder"],"gold_per_floor":[219,238,257,270,280,313,313,330,353,353,382,382,417,200,200,200,200],"floor_reached":16,"playtime":690,"items_purged":["Strike_G"],"score":214,"play_id":"9dce7a2e-d66e-4848-9236-139c8be8b79a","local_time":"20201220060445","is_ascension_mode":true,"campfire_choices":[{"data":"Dash","floor":7,"key":"SMITH"},{"floor":10,"key":"REST"},{"data":"Glass Knife","floor":15,"key":"SMITH"}],"circlet_count":0,"master_deck":["AscendersBane","Deadly Poison+1","Strike_G","Strike_G","Strike_G","Strike_G","Defend_G","Defend_G+1","Defend_G","Defend_G","Defend_G","Survivor+1","Neutralize","Dash+1","PiercingWail","Dagger Spray","Blur","Adrenaline","Blur","Glass Knife+1"],"relics":["Ring of the Snake","War Paint","Bag of Marbles","Regal Pillow","TwistedFunnel","Vajra"],"acts_visited":["Exordium"],"potions_floor_usage":[5,6,11,13],"damage_taken":[{"damage":0,"enemies":"Cultist","floor":1,"turns":4},{"damage":13,"enemies":"infinitespire:Voidling","floor":2,"turns":4},{"damage":0,"enemies":"Jaw Worm","floor":3,"turns":3},{"damage":16,"enemies":"Lots of Slimes","floor":4,"turns":6},{"damage":3,"enemies":"Gremlin Gang","floor":5,"turns":4},{"damage":21,"enemies":"Lagavulin","floor":6,"turns":6},{"damage":1,"enemies":"Exordium Wildlife","floor":8,"turns":4},{"damage":20,"enemies":"3 Sentries","floor":11,"turns":8},{"damage":1,"enemies":"Lagavulin","floor":13,"turns":5},{"damage":9,"enemies":"Hexaghost","floor":16,"turns":9}],"seed_played":"-7909595970958225424","potions_obtained":[{"floor":3,"key":"Poison Potion"},{"floor":4,"key":"Energy Potion"},{"floor":6,"key":"Strength Potion"},{"floor":8,"key":"ColorlessPotion"}],"is_trial":false,"path_per_floor":["M","M","M","M","M","E","R","M","T","R","E","$","E","$","R","B"],"character_chosen":"THE_SILENT","items_purchased":["TwistedFunnel","Glass Knife"],"campfire_rested":1,"item_purchase_floors":[12,14],"current_hp_per_floor":[59,58,58,42,39,18,18,17,17,36,16,6,5,5,5,0,0],"gold":200,"neow_bonus":"HUNDRED_GOLD","is_daily":false,"chose_seed":false,"campfire_upgraded":2,"win_rate":0.0,"timestamp":1608462285,"path_taken":["M","M","M","M","M","E","R","M","T","R","E","?","E","$","R","BOSS"],"items_purchased_type":["Relic","Card"],"build_version":"2020-12-13","purchased_purges":1,"victory":false,"max_hp_per_floor":[66,66,66,66,66,66,66,66,66,66,66,66,66,66,66,66,66],"card_choices":[{"not_picked":["Distraction","Prepared","Deflect"],"picked":"SKIP","floor":1},{"not_picked":["Acrobatics","Accuracy"],"picked":"Dash","floor":2},{"not_picked":["Quick Slash","Flying Knee","Distraction"],"picked":"SKIP","floor":3},{"not_picked":["Acrobatics","Slice"],"picked":"PiercingWail","floor":4},{"not_picked":["Flying Knee","Masterful Stab","Deflect"],"picked":"SKIP","floor":5},{"not_picked":["Eviscerate","Cloak And Dagger"],"picked":"Dagger Spray","floor":6},{"not_picked":["Slice","Expertise"],"picked":"Blur","floor":8},{"not_picked":["Backflip","Dodge and Roll"],"picked":"Adrenaline","floor":11},{"not_picked":["Slice","Dodge and Roll"],"picked":"Blur","floor":13}],"player_experience":348985,"relics_obtained":[{"floor":6,"key":"War Paint"},{"floor":9,"key":"Bag of Marbles"},{"floor":11,"key":"Regal Pillow"},{"floor":13,"key":"Vajra"}],"event_choices":[],"is_beta":false,"boss_relics":[],"items_purged_floors":[14],"is_endless":false,"potions_floor_spawned":[3,4,6,8],"killed_by":"Hexaghost","ascension_level":15}}