{"host":"373g0ui1bgeshz9m","time":1608503923,"event":{"mods":["Act Like it!","Aspiration","BaseMod","Beaked The Cultist","Better Third Choice","Colored Map","Conspire","Downfall","Halation","Hermit","Hubris","Infinite Spire","Jorbs\u0027s Wanderer Trilogy","Minty Spire (QoL Compilation)","Pale of the Ancients","Permanent Neow","Quick Restart","Replay The Spire","Shade Mod","Shop Mod","Spikes Relics","StSLib","The Animator","The Bladedancer","The Bug Knight","The Construct","The Cursed","The Factory","The Florist","The Judge","The Jungle","The Necromancer","The Sage","The Wild Card","Trackpad","vexMod"],"gold_per_floor":[99,99,24,56,41,56,83,105,147,171,183,195,222,234,264,378,390,327,351,363,385,397,509,591,618,630,674,686,710,781,266,282,385,385,385,398,416,416,416,416,416,432,467,392,411,411,411,422,433,433],"floor_reached":51,"playtime":3645,"items_purged":["Spreading Infection"],"score":765,"play_id":"669560bd-6782-47b5-b62b-0a8056bc7ef0","local_time":"20201220173843","is_ascension_mode":true,"campfire_choices":[{"floor":1.0,"key":"RECALL"},{"data":"Slimebound:CorrosiveSpit","floor":3.0,"key":"SMITH"},{"data":"Slimebound:Nibble","floor":20.0,"key":"SMITH"},{"data":"Slimebound:RainOfGoop","floor":26.0,"key":"SMITH"},{"floor":35.0,"key":"DIG"},{"data":"Slimebound:WasteNot","floor":38,"key":"SMITH"},{"data":"Slimebound:LeadByExample","floor":40,"key":"SMITH"},{"data":"Slimebound:TongueLash","floor":44,"key":"SMITH"}],"circlet_count":0,"master_deck":["Slimebound:Strike_Slimebound+1","Slimebound:Strike_Slimebound+1","Slimebound:Strike_Slimebound+1","Slimebound:Tackle","Slimebound:Defend_Slimebound+1","Slimebound:Defend_Slimebound+1","Slimebound:Defend_Slimebound+1","Slimebound:Defend_Slimebound+1","Slimebound:Split","Slimebound:CorrosiveSpit+1","Bandage Up","Slimebound:ViciousTackle","Slimebound:RollThrough","Slimebound:Nibble+1","Slimebound:SamplingLick","Slimebound:RainOfGoop+1","Slimebound:SpikyOuterGoop+1","Slimebound:TongueLash+1","Slimebound:SamplingLick+1","Slimebound:MassFeed","Slimebound:GoopSpray+1","Slimebound:SplitMire","Slimebound:Schlurp","Slimebound:LeadByExample+1","Slimebound:Gluttony","Slimebound:WasteNot+1","Slimebound:MegaLick+1","Slimebound:SplitMire","Parasite"],"relics":["Slimebound:AbsorbEndCombat","downfall:HeartBlessingRed","Matryoshka","MawBank","Pet Ghost","trackpad:ByrdCharm","ReplayFunnel","hubris:HollowSoul","downfall:HeartBlessingBlue","Ring of Peace","ReplayTheSpireMod:Ring of Sloth","hubris:BottledRain","Tiny Chest","Smiling Mask","Pear","aspiration:Nostalgia","Vampire_Amulet","construct:WeddingRing","infinitespire:CheckeredPen","Garlic","Nunchaku","downfall:HeartBlessingGreen","construct:FoamFinger","halation:EternalFortune"],"acts_visited":["Exordium","TheCity","TheBeyond"],"potions_floor_usage":[],"damage_taken":[{"damage":26.0,"enemies":"Lagavulin","floor":4.0,"turns":7.0},{"damage":12.0,"enemies":"downfall:FleeingMerchant","floor":5.0,"turns":4.0},{"damage":13.0,"enemies":"Jaw Worm","floor":6.0,"turns":3.0},{"damage":0.0,"enemies":"Cultist","floor":8.0,"turns":3.0},{"damage":31.0,"enemies":"Gremlin Nob","floor":9.0,"turns":4.0},{"damage":0.0,"enemies":"Small Slimes","floor":10.0,"turns":4.0},{"damage":0.0,"enemies":"Blue Slaver","floor":13.0,"turns":2.0},{"damage":0.0,"enemies":"Exordium Thugs","floor":15.0,"turns":4.0},{"damage":82.0,"enemies":"downfall:Silent","floor":16.0,"turns":11.0},{"damage":25.0,"enemies":"Spheric Guardian","floor":19.0,"turns":5.0},{"damage":30.0,"enemies":"Shelled Parasite and Fungi","floor":21.0,"turns":8.0},{"damage":6.0,"enemies":"Snake Plant","floor":25.0,"turns":5.0},{"damage":35.0,"enemies":"Nightmare","floor":27.0,"turns":11.0},{"damage":10.0,"enemies":"Snecko","floor":29.0,"turns":6.0},{"damage":4.0,"enemies":"downfall:FleeingMerchant","floor":31.0,"turns":4.0},{"damage":4.0,"enemies":"Centurion and Healer","floor":32.0,"turns":7.0},{"damage":54.0,"enemies":"downfall:Ironclad","floor":33.0,"turns":8.0},{"damage":14,"enemies":"Orb Walker","floor":36,"turns":4},{"damage":0,"enemies":"3 Shapes","floor":37,"turns":2},{"damage":22,"enemies":"Maw","floor":42,"turns":7},{"damage":42,"enemies":"Reptomancer","floor":43,"turns":5},{"damage":43,"enemies":"Spire Growth","floor":45,"turns":5},{"damage":3,"enemies":"Sphere and 2 Shapes","floor":48,"turns":3},{"damage":9,"enemies":"Writhing Mass","floor":49,"turns":5},{"damage":53,"enemies":"downfall:Defect","floor":50,"turns":6}],"seed_played":"2953632052232934017","potions_obtained":[{"floor":2.0,"key":"Guardian:BlockOnCardUsePotion"},{"floor":2.0,"key":"FairyPotion"},{"floor":2.0,"key":"Fruit Juice"},{"floor":25.0,"key":"Milkshake"},{"floor":27.0,"key":"FairyPotion"}],"is_trial":false,"path_per_floor":["R","?","R","E","$","M","T","M","E","M","?","?","M","T","M","B",null,"R_BF","M","R","M","?","?","T","M","R","NM","?","M","?","$","M","B",null,"R_BF","M","M","R","?","R","T","M","E","R","M","T","?","M","M","B",null],"character_chosen":"SLIMEBOUND","items_purchased":["Pear","aspiration:Nostalgia","Slimebound:Gluttony"],"campfire_rested":0,"item_purchase_floors":[31,31,31],"current_hp_per_floor":[60,60,60,53,60,59,59,60,33,49,55,55,60,60,60,22,65,75,66,66,68,68,68,68,75,75,63,63,65,35,61,85,69,85,85,88,91,91,91,91,91,91,85,85,67,67,70,97,97,86],"gold":433,"neow_bonus":"RANDOM_COLORLESS","is_daily":false,"chose_seed":false,"campfire_upgraded":6,"win_rate":0.0,"timestamp":1608503923,"path_taken":["R","?","R","E","?","?","T","M","E","M","?","?","M","?","M","BOSS","R_BF","M","R","M","?","?","T","?","R","NM","?","M","?","$","M","BOSS","R_BF","M","M","R","?","R","T","M","E","R","M","?","?","M","M","BOSS"],"items_purchased_type":["Relic","Relic","Card"],"build_version":"2020-12-13","purchased_purges":1,"victory":true,"max_hp_per_floor":[60,60,60,60,60,60,60,60,60,60,60,60,60,60,60,65,65,75,75,75,75,75,75,75,75,75,75,75,75,75,85,85,85,85,85,88,91,91,91,91,91,91,91,91,94,94,97,97,97,97],"card_choices":[{"not_picked":["expansioncontent:FaceSlap","Replay:SS_hec_2"],"picked":"Bandage Up","floor":0.0},{"not_picked":["Slimebound:LevelUp","Slimebound:Prepare"],"picked":"Slimebound:ViciousTackle","floor":4.0},{"not_picked":["Slimebound:SplitBruiser","Slimebound:SamplingLick"],"picked":"Slimebound:RollThrough","floor":5.0},{"not_picked":["Slimebound:SplitAcid","Slimebound:LeechingTouch","Slimebound:SlimeBrawl"],"picked":"SKIP","floor":6.0},{"not_picked":["Slimebound:ComboTackle","Slimebound:ForwardTackle","Slimebound:SplitLeeching"],"picked":"SKIP","floor":8.0},{"not_picked":["Slimebound:SlimeTap","Slimebound:Schlurp"],"picked":"Slimebound:Nibble","floor":9.0},{"not_picked":["Slimebound:Schlurp","Slimebound:HauntingLick"],"picked":"Slimebound:SamplingLick","floor":10.0},{"not_picked":["Slimebound:ViciousTackle","Slimebound:LeechEnergy","Slimebound:SplitLeeching"],"picked":"SKIP","floor":13.0},{"not_picked":["Slimebound:SlimeTap","Slimebound:LevelUp"],"picked":"Slimebound:RainOfGoop","floor":15.0},{"not_picked":["Slimebound:FinishingTackle+1","Slimebound:ComboTackle+1","Slimebound:LeechEnergy+1"],"picked":"SKIP","floor":19.0},{"not_picked":["Slimebound:FormOfPuddle","Slimebound:FirmFortitude+1"],"picked":"Slimebound:SpikyOuterGoop","floor":21.0},{"not_picked":["Slimebound:LeechEnergy","Slimebound:ForwardTackle"],"picked":"Slimebound:TongueLash","floor":25.0},{"not_picked":["Slimebound:Prepare+1","Slimebound:GrowthPunch"],"picked":"Slimebound:SamplingLick+1","floor":27.0},{"not_picked":["Slimebound:SamplingLick","Slimebound:ViciousTackle+1"],"picked":"Slimebound:GoopSpray+1","floor":29.0},{"not_picked":["Slimebound:SlimeSlap","Slimebound:Prepare"],"picked":"Slimebound:SplitMire","floor":30.0},{"not_picked":["Slimebound:Grow","Slimebound:BestDefense+1"],"picked":"Slimebound:Schlurp","floor":30.0},{"not_picked":["Slimebound:LeechEnergy","Slimebound:GoopSpray"],"picked":"Slimebound:LeadByExample","floor":31.0},{"not_picked":["Slimebound:Dissolve","Slimebound:Replication","Slimebound:FlameTackle"],"picked":"SKIP","floor":32.0},{"not_picked":["Slimebound:SlimeSlap","Slimebound:DuplicatedForm"],"picked":"Slimebound:WasteNot","floor":33.0},{"not_picked":["Slimebound:SplitBruiser","Slimebound:SamplingLick"],"picked":"Slimebound:MegaLick+1","floor":36},{"not_picked":["Slimebound:SlimeBrawl","Slimebound:ComboTackle+1","Slimebound:SplitLeeching+1"],"picked":"SKIP","floor":37},{"not_picked":["Slimebound:SlimeBrawl","Slimebound:Grow+1","Slimebound:ForwardTackle+1"],"picked":"SKIP","floor":42},{"not_picked":["Slimebound:FirmFortitude","Slimebound:Overexert","Slimebound:PressTheAttack+1"],"picked":"SKIP","floor":43},{"not_picked":["Slimebound:ComboTackle+1","Slimebound:LeechEnergy+1"],"picked":"Slimebound:SplitMire","floor":45},{"not_picked":["Slimebound:SplitAcid+1","Slimebound:GrowthPunch+1","Slimebound:FinishingTackle+1"],"picked":"SKIP","floor":48},{"not_picked":["Slimebound:Replication+1","Slimebound:GrowthPunch","Slimebound:GoopSpray"],"picked":"SKIP","floor":49}],"player_experience":122063,"relics_obtained":[{"floor":4.0,"key":"Matryoshka"},{"floor":7.0,"key":"MawBank"},{"floor":7.0,"key":"Pet Ghost"},{"floor":9.0,"key":"trackpad:ByrdCharm"},{"floor":14.0,"key":"ReplayFunnel"},{"floor":18.0,"key":"Ring of Peace"},{"floor":18.0,"key":"ReplayTheSpireMod:Ring of Sloth"},{"floor":24.0,"key":"hubris:BottledRain"},{"floor":27.0,"key":"Tiny Chest"},{"floor":30.0,"key":"Smiling Mask"},{"floor":35.0,"key":"infinitespire:CheckeredPen"},{"floor":41,"key":"Garlic"},{"floor":43,"key":"Nunchaku"},{"floor":46,"key":"construct:FoamFinger"}],"event_choices":[{"damage_healed":0.0,"max_hp_gain":0.0,"max_hp_loss":0.0,"gold_gain":0.0,"event_name":"Lab","player_choice":"Got Potions","floor":2.0,"gold_loss":0.0,"damage_taken":0.0},{"damage_healed":0.0,"max_hp_gain":0.0,"max_hp_loss":0.0,"gold_gain":0.0,"event_name":"conspire:LoneGhost","player_choice":"Disagree","floor":12.0,"gold_loss":0.0,"damage_taken":0.0},{"damage_healed":0.0,"max_hp_gain":0.0,"max_hp_loss":7.0,"gold_gain":0.0,"event_name":"betterThird:BetterWriting","player_choice":"Simplicity","floor":22.0,"gold_loss":0.0,"damage_taken":0.0},{"damage_healed":0.0,"max_hp_gain":0.0,"max_hp_loss":0.0,"gold_gain":0.0,"event_name":"The Library","player_choice":"Read","floor":28.0,"gold_loss":0.0,"damage_taken":0.0,"cards_obtained":["Slimebound:MassFeed"]},{"damage_healed":0,"gold_gain":0,"player_choice":"Forge","damage_taken":0,"max_hp_gain":0,"max_hp_loss":0,"event_name":"Accursed Blacksmith","floor":39,"gold_loss":0,"cards_upgraded":["Slimebound:SpikyOuterGoop"]}],"is_beta":false,"boss_relics":[{"not_picked":["vexMod:EndlessSickness","Kintsugi"],"picked":"hubris:HollowSoul"},{"not_picked":["conspire:RunicOctahedron","beaked:SacredDeck"],"picked":"construct:WeddingRing"}],"items_purged_floors":[31],"is_endless":false,"potions_floor_spawned":[4,9,10,25,27,32,33,36,43,48,49],"ascension_level":1}}