{"host":"fne7yx97fnz7kq05","time":1608470088,"event":{"mods":["BaseMod","Colored Map","Colored Powertips","Highlight Path","Minty Spire (QoL Compilation)","Relic Stats"],"gold_per_floor":[365,1,12,12,27,55,55,55,55],"floor_reached":8,"playtime":337,"items_purged":["Pain"],"score":90,"play_id":"ca683d88-a695-4608-8de3-99045cab751d","local_time":"20201220071448","is_ascension_mode":true,"campfire_choices":[{"data":"Clothesline","floor":7,"key":"SMITH"}],"circlet_count":0,"master_deck":["AscendersBane","Strike_R","Strike_R","Strike_R","Strike_R","Strike_R","Defend_R","Defend_R","Defend_R","Defend_R","Bash","Cleave","Shrug It Off","Shrug It Off","Clothesline+1"],"relics":["Burning Blood","Mercury Hourglass","White Beast Statue"],"acts_visited":["Exordium"],"potions_floor_usage":[6],"damage_taken":[{"damage":19,"enemies":"Small Slimes","floor":1,"turns":5},{"damage":6,"enemies":"Cultist","floor":3,"turns":3},{"damage":0,"enemies":"2 Louse","floor":5,"turns":1},{"damage":27,"enemies":"3 Sentries","floor":6,"turns":6},{"damage":47,"enemies":"Lagavulin","floor":8,"turns":7}],"seed_played":"-46920859591573392","potions_obtained":[{"floor":1,"key":"Energy Potion"},{"floor":5,"key":"LiquidBronze"}],"is_trial":false,"path_per_floor":["M","$","M","?","M","E","R","E"],"character_chosen":"IRONCLAD","items_purchased":["Mercury Hourglass","Shrug It Off"],"campfire_rested":0,"item_purchase_floors":[2,2],"current_hp_per_floor":[59,59,59,51,57,36,36,0,0],"gold":55,"neow_bonus":"TWO_FIFTY_GOLD","is_daily":false,"chose_seed":false,"campfire_upgraded":1,"win_rate":0.0,"timestamp":1608470088,"path_taken":["M","$","M","?","?","E","R","E"],"items_purchased_type":["Relic","Card"],"build_version":"2020-12-13","purchased_purges":1,"victory":false,"max_hp_per_floor":[80,80,80,80,80,80,80,80,80],"relic_stats":{"counters":[5,21],"obtain_stats":[{"Burning Blood":0,"White Beast Statue":6,"Mercury Hourglass":2},{"Burning Blood":0,"White Beast Statue":4,"Mercury Hourglass":1},{"Burning Blood":0,"White Beast Statue":14,"Mercury Hourglass":5}],"Burning Blood":24,"Mercury Hourglass":[65]},"card_choices":[{"not_picked":["Pommel Strike","Anger"],"picked":"Cleave","floor":1},{"not_picked":["Carnage","Body Slam"],"picked":"Shrug It Off","floor":3},{"not_picked":["Reckless Charge","Heavy Blade"],"picked":"Clothesline","floor":5},{"not_picked":["Brutality","Thunderclap","Carnage"],"picked":"SKIP","floor":6}],"player_experience":71982,"relics_obtained":[{"floor":6,"key":"White Beast Statue"}],"event_choices":[{"damage_healed":0,"gold_gain":0,"player_choice":"Damaged","damage_taken":8,"max_hp_gain":0,"max_hp_loss":0,"event_name":"Wheel of Change","floor":4,"gold_loss":0}],"is_beta":false,"boss_relics":[],"items_purged_floors":[2],"is_endless":false,"potions_floor_spawned":[1,5],"killed_by":"Lagavulin","ascension_level":12}}