{"host":"ebguxldc2ucorva7","time":1608449862,"event":{"mods":["AchievementEnabler","BaseMod","Best Route Mod","Bestiary","Better Note","Better Third Choice","Better-Laid Plans","Colored Map","Colored Powertips","Disable Question Mark Monsters","Energized Spire","Minty Spire (QoL Compilation)","Permanent Neow","Quick Restart","Rare Cards Sparkle","Relic Stats","Replay The Spire","Shop Mod","StSLib","Synergy Search"],"gold_per_floor":[119,44,61,61,61,93,93,120,120,120,152,164,176,187,187,288,288,321,321,351,389,157,159,159],"floor_reached":23,"playtime":1091,"items_purged":["Glacier"],"score":445,"play_id":"59f263dc-2d5b-483c-b509-f4f007714d7f","local_time":"20201220003742","daily_mods":["Draft","Heirloom","DeadlyEvents","Elite Swarm","Uncertain Future"],"is_ascension_mode":true,"campfire_choices":[{"data":"Hello World","floor":7,"key":"SMITH"},{"floor":10,"key":"DIG"},{"floor":15,"key":"DIG"}],"circlet_count":0,"master_deck":["Heatsinks","Ball Lightning","Glacier+1","Panic Button+1","Double Energy","Ball Lightning","Conserve Battery","FIFO Queue","Coolheaded+1","Self Repair","Hello World+1","Streamline","Gash","Rebound","Rebound","ReplayRNGCard+1","Buffer","Amplify","Ball Lightning","Buffer","Gash","Gash","Echo Form","CurseOfTheBell","Hello World","Amplify+1","Gash","Electrodynamics"],"relics":["Cracked Core","FossilizedHelix","Gambling Chip","Cables","Shovel","War Paint","Prayer Wheel","Smiling Mask","Replay:Bandana","Mango","Replay:Bottled Flurry","Pondfish Scales","PreservedInsect","MerchantsRug"],"acts_visited":["Exordium","TheCity"],"potions_floor_usage":[1,18,21,23,23],"damage_taken":[{"damage":0,"enemies":"2 Louse","floor":1,"turns":2},{"damage":0,"enemies":"Jaw Worm","floor":3,"turns":1},{"damage":0,"enemies":"Lagavulin","floor":6,"turns":7},{"damage":30,"enemies":"3 Sentries","floor":8,"turns":7},{"damage":0,"enemies":"Lagavulin","floor":11,"turns":5},{"damage":0,"enemies":"Cultist","floor":12,"turns":4},{"damage":0,"enemies":"2 Fungi Beasts","floor":13,"turns":2},{"damage":2,"enemies":"Red Slaver","floor":14,"turns":3},{"damage":0,"enemies":"Slime Boss","floor":16,"turns":7},{"damage":25,"enemies":"3 Byrds","floor":18,"turns":4},{"damage":34,"enemies":"Shell Parasite","floor":20,"turns":6},{"damage":57,"enemies":"Slavers","floor":21,"turns":8},{"damage":7,"enemies":"Book of Stabbing","floor":23,"turns":2}],"seed_played":"7829662052436140672","potions_obtained":[{"floor":1,"key":"Fruit Juice"},{"floor":11,"key":"Elixir"},{"floor":13,"key":"Fire Potion"},{"floor":14,"key":"SpeedPotion"},{"floor":18,"key":"Explosive Potion"},{"floor":21,"key":"Venom Potion"}],"is_trial":true,"path_per_floor":["M","$","M","?","?","E","R","E","T","R","E","M","M","M","R","B",null,"M","?","M","E","$","E"],"character_chosen":"DEFECT","items_purchased":["PreservedInsect","MerchantsRug","Block Potion"],"campfire_rested":0,"item_purchase_floors":[22,22,22],"current_hp_per_floor":[80,80,80,80,80,80,80,57,57,57,64,64,64,76,76,76,94,83,83,63,6,6,0,0],"gold":159,"neow_bonus":"","is_daily":false,"chose_seed":false,"campfire_upgraded":1,"win_rate":0.0,"timestamp":1608449862,"path_taken":["M","$","M","?","?","E","R","E","T","R","E","M","M","?","R","BOSS","M","?","M","?","$","E"],"items_purchased_type":["Relic","Relic","Potion"],"build_version":"2020-12-13","purchased_purges":1,"victory":false,"max_hp_per_floor":[80,80,80,80,80,80,80,80,80,80,80,80,80,80,80,80,94,94,94,94,94,94,94,94],"relic_stats":{"Shovel":2,"counters":[13,58],"Gambling Chip":[4],"Prayer Wheel":5,"PreservedInsect":41,"War Paint":["Glacier","Coolheaded"],"Smiling Mask":0,"obtain_stats":[{"MerchantsRug":22,"Mango":17,"PreservedInsect":22,"War Paint":11,"Smiling Mask":15,"Cables":8,"Calling Bell":17,"Replay:Bandana":17,"Pondfish Scales":21,"Shovel":9,"Gambling Chip":6,"Prayer Wheel":12,"Replay:Bottled Flurry":17,"Replay:Bottled Snecko":10,"Cracked Core":0,"FossilizedHelix":0},{"MerchantsRug":12,"Mango":9,"PreservedInsect":12,"War Paint":5,"Smiling Mask":8,"Cables":4,"Calling Bell":9,"Replay:Bandana":9,"Pondfish Scales":12,"Shovel":4,"Gambling Chip":3,"Prayer Wheel":6,"Replay:Bottled Flurry":9,"Replay:Bottled Snecko":4,"Cracked Core":0,"FossilizedHelix":0},{"MerchantsRug":56,"Mango":38,"PreservedInsect":56,"War Paint":22,"Smiling Mask":31,"Cables":17,"Calling Bell":38,"Replay:Bandana":38,"Pondfish Scales":56,"Shovel":17,"Gambling Chip":10,"Prayer Wheel":23,"Replay:Bottled Flurry":38,"Replay:Bottled Snecko":17,"Cracked Core":0,"FossilizedHelix":0}],"Cables":[26,17,6,3,0]},"card_choices":[{"not_picked":["Rebound","Turbo"],"picked":"Heatsinks","floor":0},{"not_picked":["BasicCrystalCard","Cold Snap"],"picked":"Ball Lightning","floor":0},{"not_picked":["Go for the Eyes","Gash"],"picked":"Glacier","floor":0},{"not_picked":["ReplayTheSpireMod:Repulse","Gash"],"picked":"Glacier","floor":0},{"not_picked":["Ball Lightning","Doom and Gloom"],"picked":"Panic Button","floor":0},{"not_picked":["Reinforced Body","Go for the Eyes"],"picked":"Double Energy","floor":0},{"not_picked":["Consume","Barrage"],"picked":"Ball Lightning","floor":0},{"not_picked":["Reprogram","Beam Cell"],"picked":"Conserve Battery","floor":0},{"not_picked":["Sweeping Beam","ReplaySort"],"picked":"FIFO Queue","floor":0},{"not_picked":["Sweeping Beam","ReplayTheSpireMod:Reroute Power"],"picked":"Coolheaded","floor":0},{"not_picked":["ReplayTheSpireMod:Reroute Power","Sweeping Beam"],"picked":"Self Repair","floor":0},{"not_picked":["Scrape","Leap"],"picked":"Redo","floor":0},{"not_picked":["Fusion","Crystallizer"],"picked":"Hello World","floor":0},{"not_picked":["Doom and Gloom","Steam"],"picked":"Streamline","floor":0},{"not_picked":["Sweeping Beam","Sunder"],"picked":"Gash","floor":0},{"not_picked":["Chill","Undo"],"picked":"Rebound","floor":1},{"not_picked":["Panic Button","Scrape"],"picked":"Rebound","floor":3},{"not_picked":["Multi-Cast","Fission"],"picked":"Buffer","floor":6},{"not_picked":["Mirror Shield","Machine Learning"],"picked":"Amplify","floor":8},{"not_picked":["ReplayRNGCard","Multi-Cast"],"picked":"ReplayTheSpireMod:Fabricate Wheel","floor":11},{"not_picked":["Melter","Go for the Eyes"],"picked":"Ball Lightning","floor":12},{"not_picked":["Doom and Gloom","Rip and Tear","Compile Driver"],"picked":"SKIP","floor":12},{"not_picked":["Darkness","Turbo"],"picked":"Buffer","floor":13},{"not_picked":["Beam Cell","Hologram","Coolheaded"],"picked":"SKIP","floor":13},{"not_picked":["Lockon","Stack"],"picked":"Gash","floor":14},{"not_picked":["Force Field","Panic Button"],"picked":"Gash","floor":14},{"not_picked":["ReplayTheSpireMod:Omega Cannon","All For One"],"picked":"Echo Form","floor":16},{"not_picked":["Coolheaded","Leap"],"picked":"Hello World","floor":18},{"not_picked":["Cold Snap","Consume","Go for the Eyes"],"picked":"SKIP","floor":18},{"not_picked":["Compile Driver","Conserve Battery"],"picked":"Gash","floor":20},{"not_picked":["Beam Cell","Compile Driver","Consume"],"picked":"SKIP","floor":20},{"not_picked":["ReplayTheSpireMod:Omega Cannon","Thunder Strike"],"picked":"Electrodynamics","floor":21}],"player_experience":135242,"relics_obtained":[{"floor":6,"key":"Gambling Chip"},{"floor":8,"key":"Cables"},{"floor":9,"key":"Shovel"},{"floor":10,"key":"Replay:Bottled Snecko"},{"floor":11,"key":"War Paint"},{"floor":15,"key":"Smiling Mask"},{"floor":17,"key":"Replay:Bandana"},{"floor":17,"key":"Mango"},{"floor":17,"key":"Replay:Bottled Flurry"},{"floor":21,"key":"Pondfish Scales"}],"event_choices":[{"cards_removed":["Amplify"],"damage_healed":0,"gold_gain":0,"player_choice":"Take \u0026 Give","damage_taken":0,"max_hp_gain":0,"max_hp_loss":0,"event_name":"betterNote:BetterNote","floor":19,"gold_loss":0,"cards_obtained":["Amplify"]}],"is_beta":false,"boss_relics":[{"not_picked":["Abe\u0027s Treasure","energizedSpire:EnergizedDie"],"picked":"Calling Bell"}],"items_purged_floors":[2],"is_endless":true,"potions_floor_spawned":[1,11,13,14,16,18,21],"killed_by":"Book of Stabbing","ascension_level":4}}