{"host":"jpzdg3po3tjxdjri","time":1608477337,"event":{"mods":["BaseMod","Better Third Choice","Colored Map","Colored Powertips","Minty Spire (QoL Compilation)","StSLib"],"gold_per_floor":[109,109,122,24,44,71,71,97,136,148,175,108,135,48,48,120,120,137,148,163,177,61,61,95,109,109,109,109],"floor_reached":27,"playtime":1057,"items_purged":["Strike_G"],"score":417,"play_id":"e653b0f4-69c4-41a6-ba2e-9da3dd2b9fe0","local_time":"20201220151537","is_ascension_mode":true,"campfire_choices":[{"data":"Dagger Throw","floor":7,"key":"SMITH"},{"floor":10,"key":"REST"},{"data":"Poisoned Stab","floor":15,"key":"SMITH"},{"data":"Noxious Fumes","floor":23,"key":"SMITH"}],"circlet_count":0,"master_deck":["AscendersBane","Strike_G","Strike_G","Strike_G","Defend_G","Defend_G+1","Defend_G+1","Defend_G","Defend_G","Survivor","Neutralize","Quick Slash","PiercingWail","Quick Slash","Dagger Throw+1","Backstab","Dodge and Roll","Poisoned Stab+1","Dagger Throw","Footwork","Well Laid Plans","Glass Knife","Noxious Fumes+1","PiercingWail","Noxious Fumes","Dash","Noxious Fumes","Dagger Spray","Shame"],"relics":["Ring of the Snake","War Paint","Snake Skull","MawBank","Regal Pillow","Bag of Preparation","Pocketwatch","Cursed Key","Anchor","Pantograph"],"acts_visited":["Exordium","TheCity"],"potions_floor_usage":[6,8,24,24],"damage_taken":[{"damage":3,"enemies":"Jaw Worm","floor":1,"turns":5},{"damage":0,"enemies":"Cultist","floor":3,"turns":3},{"damage":0,"enemies":"Small Slimes","floor":5,"turns":4},{"damage":9,"enemies":"3 Sentries","floor":6,"turns":9},{"damage":32,"enemies":"Lagavulin","floor":8,"turns":8},{"damage":3,"enemies":"Gremlin Gang","floor":11,"turns":6},{"damage":14,"enemies":"Gremlin Nob","floor":13,"turns":4},{"damage":13,"enemies":"Hexaghost","floor":16,"turns":13},{"damage":0,"enemies":"Shell Parasite","floor":18,"turns":5},{"damage":0,"enemies":"Chosen","floor":19,"turns":4},{"damage":5,"enemies":"3 Cultists","floor":20,"turns":5},{"damage":13,"enemies":"Snake Plant","floor":21,"turns":4},{"damage":10,"enemies":"Slavers","floor":24,"turns":5},{"damage":11,"enemies":"Snecko","floor":25,"turns":5},{"damage":25,"enemies":"Book of Stabbing","floor":27,"turns":4}],"seed_played":"-4306216242159634475","potions_obtained":[{"floor":3,"key":"CunningPotion"},{"floor":5,"key":"Ancient Potion"},{"floor":6,"key":"Strength Potion"},{"floor":18,"key":"Ancient Potion"},{"floor":20,"key":"Strength Potion"},{"floor":25,"key":"FearPotion"}],"is_trial":false,"path_per_floor":["M","?","M","$","M","E","R","E","T","R","M","$","E","?","R","B",null,"M","M","M","M","$","R","E","M","T","E"],"character_chosen":"THE_SILENT","items_purchased":["Dagger Throw","Footwork","Noxious Fumes","Dash"],"campfire_rested":1,"item_purchase_floors":[4,12,22,22],"current_hp_per_floor":[60,60,60,60,60,51,51,19,19,55,52,52,38,38,38,25,59,59,59,54,41,41,41,31,20,20,0,0],"gold":109,"neow_bonus":"RANDOM_COMMON_RELIC","is_daily":false,"chose_seed":false,"campfire_upgraded":3,"win_rate":0.0,"timestamp":1608477337,"path_taken":["M","?","M","$","?","E","R","E","T","R","M","?","E","?","R","BOSS","M","M","?","M","$","R","E","M","T","E"],"items_purchased_type":["Card","Card","Card","Card"],"build_version":"2020-12-13","purchased_purges":1,"victory":false,"max_hp_per_floor":[70,70,70,70,70,70,70,70,70,70,70,70,70,70,70,70,70,70,70,70,70,70,70,70,70,70,70,70],"card_choices":[{"not_picked":["Deflect","Endless Agony"],"picked":"Quick Slash","floor":1},{"not_picked":["Blur","Terror"],"picked":"Quick Slash","floor":3},{"not_picked":["Setup","Slice"],"picked":"Backstab","floor":5},{"not_picked":["Outmaneuver","Underhanded Strike"],"picked":"Dodge and Roll","floor":6},{"not_picked":["Predator","Calculated Gamble"],"picked":"Poisoned Stab","floor":8},{"not_picked":["Acrobatics","Dodge and Roll"],"picked":"Dagger Throw","floor":11},{"not_picked":["Reflex","Setup"],"picked":"Well Laid Plans","floor":13},{"not_picked":["Bullet Time","Burst"],"picked":"Glass Knife","floor":16},{"not_picked":["Predator","Accuracy"],"picked":"Noxious Fumes","floor":18},{"not_picked":["Predator","Acrobatics","Deflect"],"picked":"SKIP","floor":19},{"not_picked":["Predator","Outmaneuver","Calculated Gamble+1"],"picked":"SKIP","floor":20},{"not_picked":["Flying Knee","Distraction"],"picked":"PiercingWail","floor":21},{"not_picked":["Wraith Form v2","Skewer"],"picked":"Noxious Fumes","floor":24},{"not_picked":["Well Laid Plans","Prepared"],"picked":"Dagger Spray","floor":25}],"player_experience":800952,"relics_obtained":[{"floor":6,"key":"Snake Skull"},{"floor":8,"key":"MawBank"},{"floor":9,"key":"Regal Pillow"},{"floor":13,"key":"Bag of Preparation"},{"floor":24,"key":"Anchor"},{"floor":26,"key":"Pantograph"}],"event_choices":[{"damage_healed":0,"gold_gain":0,"cards_transformed":["Strike_G"],"player_choice":"Transformed","damage_taken":0,"max_hp_gain":0,"max_hp_loss":0,"event_name":"Transmorgrifier","floor":2,"gold_loss":0,"cards_obtained":["PiercingWail"]},{"damage_healed":0,"gold_gain":0,"player_choice":"Paid Gold","damage_taken":0,"relics_obtained":["Pocketwatch"],"max_hp_gain":0,"max_hp_loss":0,"event_name":"WeMeetAgain","floor":14,"gold_loss":87}],"is_beta":false,"boss_relics":[{"not_picked":["Empty Cage","Fusion Hammer"],"picked":"Cursed Key"}],"items_purged_floors":[4],"is_endless":false,"potions_floor_spawned":[3,5,6,18,20,25],"killed_by":"Book of Stabbing","ascension_level":13}}