{"host":"a1eatafr7pisesky","time":1608473455,"event":{"mods":["BaseMod","Colored Map","DeckTracker","Highlight Path","Keyboard Shortcuts","Minty Spire (QoL Compilation)","Permanent Neow","Random Character Button","StSLib","SuperFastMode","everything is the same but u backflip on backflip"],"gold_per_floor":[116,116,130,145,155,155,186,204,204,204,204],"floor_reached":10,"playtime":261,"items_purged":[],"score":105,"play_id":"cd5d0ca6-7b1c-4210-85a3-8a953b01f62c","local_time":"20201220231055","is_ascension_mode":true,"campfire_choices":[{"floor":6.0,"key":"REST"}],"circlet_count":0,"master_deck":["AscendersBane","Strike_R","Strike_R","Strike_R","Strike_R","Strike_R","Defend_R","Defend_R","Defend_R","Defend_R","Bash","Twin Strike","Cleave","Armaments","Twin Strike","True Grit","Disarm"],"relics":["Burning Blood","Bird Faced Urn","Anchor","Pantograph"],"acts_visited":["Exordium"],"potions_floor_usage":[10],"damage_taken":[{"damage":23.0,"enemies":"Jaw Worm","floor":1.0,"turns":4.0},{"damage":11.0,"enemies":"Cultist","floor":3.0,"turns":4.0},{"damage":9.0,"enemies":"2 Louse","floor":4.0,"turns":3.0},{"damage":43.0,"enemies":"Exordium Thugs","floor":5.0,"turns":7.0},{"damage":25.0,"enemies":"3 Sentries","floor":7.0,"turns":7.0},{"damage":4.0,"enemies":"Lots of Slimes","floor":8.0,"turns":3.0},{"damage":26,"enemies":"Gremlin Nob","floor":10,"turns":3}],"seed_played":"7965562138729526386","potions_obtained":[{"floor":4.0,"key":"Explosive Potion"},{"floor":5.0,"key":"FearPotion"},{"floor":7.0,"key":"Ancient Potion"}],"is_trial":false,"path_per_floor":["M","?","M","M","M","R","E","M","T","E"],"character_chosen":"IRONCLAD","items_purchased":[],"campfire_rested":1,"item_purchase_floors":[],"current_hp_per_floor":[55,55,50,47,10,31,12,14,14,0,0],"gold":204,"neow_bonus":"ONE_RARE_RELIC","is_daily":false,"chose_seed":false,"campfire_upgraded":0,"win_rate":0.0,"timestamp":1608473455,"path_taken":["M","?","M","M","?","R","E","M","T","E"],"items_purchased_type":[],"build_version":"2020-12-13","purchased_purges":0,"victory":false,"max_hp_per_floor":[72,72,72,72,72,72,72,72,72,72,72],"card_choices":[{"not_picked":["Perfected Strike","Anger"],"picked":"Twin Strike","floor":1.0},{"not_picked":["Thunderclap","Havoc"],"picked":"Cleave","floor":3.0},{"not_picked":["Entrench","Thunderclap"],"picked":"Armaments","floor":4.0},{"not_picked":["Spot Weakness","Evolve"],"picked":"Twin Strike","floor":5.0},{"not_picked":["Cleave","Twin Strike"],"picked":"True Grit","floor":7.0},{"not_picked":["Cleave","Burning Pact"],"picked":"Disarm","floor":8.0}],"player_experience":227333,"relics_obtained":[{"floor":7.0,"key":"Anchor"},{"floor":9.0,"key":"Pantograph"}],"event_choices":[{"damage_healed":0.0,"max_hp_gain":0.0,"max_hp_loss":0.0,"gold_gain":0.0,"event_name":"Match and Keep!","player_choice":"0 cards matched","floor":2.0,"gold_loss":0.0,"damage_taken":0.0,"cards_obtained":[]}],"is_beta":false,"boss_relics":[],"items_purged_floors":[],"is_endless":false,"potions_floor_spawned":[4,5,7],"killed_by":"Gremlin Nob","ascension_level":10}}