{"host":"vumwfieg2b2mnrfl","time":1608494681,"event":{"mods":["AchievementEnabler","BaseMod","Minty Spire (QoL Compilation)","Rare Cards Sparkle","Relic Stats"],"gold_per_floor":[31,81,137,176,256,256,286,286,286,317,317,329,381,423,423,549,549,592,592,592,436,351,376,376],"floor_reached":23,"playtime":766,"items_purged":["Strike_R"],"score":295,"play_id":"e57d631f-ef80-48a1-b7e9-a372b57d7405","local_time":"20201220140441","is_ascension_mode":true,"campfire_choices":[{"data":"HandOfGreed","floor":6,"key":"SMITH"},{"data":"Flame Barrier","floor":8,"key":"SMITH"},{"floor":11,"key":"REST"},{"data":"Juggernaut","floor":15,"key":"SMITH"}],"circlet_count":0,"master_deck":["Strike_R","Strike_R","Strike_R","Strike_R","Defend_R","Defend_R","Defend_R","Defend_R","Bash","HandOfGreed+1","Thunderclap","Flame Barrier","Juggernaut+1","Headbutt","Flame Barrier+1","Rage","Barricade+1","Hemokinesis+1","Berserk+1","Pommel Strike+1","Swift Strike+1"],"relics":["Burning Blood","Toy Ornithopter","Meat on the Bone","Frozen Egg 2","Molten Egg 2","Sozu","Shuriken","Blood Vial"],"acts_visited":["Exordium","TheCity"],"potions_floor_usage":[4,10,16],"damage_taken":[{"damage":8,"enemies":"Jaw Worm","floor":1,"turns":4},{"damage":7,"enemies":"2 Louse","floor":2,"turns":4},{"damage":5,"enemies":"Small Slimes","floor":3,"turns":3},{"damage":9,"enemies":"Red Slaver","floor":4,"turns":4},{"damage":11,"enemies":"Gremlin Gang","floor":5,"turns":5},{"damage":16,"enemies":"Gremlin Nob","floor":7,"turns":3},{"damage":19,"enemies":"Lagavulin","floor":10,"turns":5},{"damage":3,"enemies":"Large Slime","floor":12,"turns":7},{"damage":20,"enemies":"Gremlin Nob","floor":13,"turns":4},{"damage":3,"enemies":"2 Fungi Beasts","floor":14,"turns":6},{"damage":26,"enemies":"The Guardian","floor":16,"turns":11},{"damage":11,"enemies":"Shell Parasite","floor":18,"turns":7},{"damage":56,"enemies":"Slavers","floor":23,"turns":4}],"seed_played":"-790255186943327077","potions_obtained":[{"floor":1,"key":"SpeedPotion"},{"floor":2,"key":"Energy Potion"},{"floor":7,"key":"DuplicationPotion"},{"floor":10,"key":"LiquidBronze"},{"floor":14,"key":"Fire Potion"}],"is_trial":false,"path_per_floor":["M","M","M","M","M","R","E","R","T","E","R","M","E","M","R","B",null,"M","?","?","$","?","E"],"character_chosen":"IRONCLAD","items_purchased":["Swift Strike+1"],"campfire_rested":1,"item_purchase_floors":[21],"current_hp_per_floor":[70,69,70,67,62,62,52,52,52,56,80,80,66,69,69,54,74,69,54,54,54,54,0,0],"gold":376,"neow_bonus":"RANDOM_COLORLESS_2","is_daily":false,"chose_seed":false,"campfire_upgraded":3,"win_rate":0.0,"timestamp":1608494681,"path_taken":["M","M","M","M","M","R","E","R","T","E","R","M","E","M","R","BOSS","M","?","?","$","?","E"],"items_purchased_type":["Card"],"build_version":"2020-12-13","purchased_purges":1,"victory":false,"max_hp_per_floor":[80,80,80,80,80,80,80,80,80,80,80,80,80,80,80,80,80,80,85,85,85,85,85,85],"relic_stats":{"Sozu":1,"Blood Vial":2,"counters":[13,67],"Shuriken":[0],"obtain_stats":[{"Sozu":17,"Blood Vial":22,"Shuriken":20,"Molten Egg 2":13,"Frozen Egg 2":10,"Burning Blood":0,"Toy Ornithopter":7,"Meat on the Bone":9},{"Sozu":11,"Blood Vial":12,"Shuriken":12,"Molten Egg 2":9,"Frozen Egg 2":7,"Burning Blood":0,"Toy Ornithopter":6,"Meat on the Bone":6},{"Sozu":56,"Blood Vial":63,"Shuriken":63,"Molten Egg 2":39,"Frozen Egg 2":28,"Burning Blood":0,"Toy Ornithopter":23,"Meat on the Bone":23}],"Burning Blood":69,"Toy Ornithopter":10,"Meat on the Bone":12},"card_choices":[{"not_picked":["Mayhem","Magnetism"],"picked":"HandOfGreed","floor":0},{"not_picked":["Body Slam","Clothesline"],"picked":"Thunderclap","floor":1},{"not_picked":["Warcry","Sword Boomerang"],"picked":"Flame Barrier","floor":2},{"not_picked":["Anger","Rupture"],"picked":"Juggernaut","floor":3},{"not_picked":["Heavy Blade","Sword Boomerang"],"picked":"Headbutt","floor":4},{"not_picked":["Whirlwind","Burning Pact","Twin Strike"],"picked":"SKIP","floor":5},{"not_picked":["Sentinel","Clash"],"picked":"Flame Barrier","floor":7},{"not_picked":["Heavy Blade","Twin Strike"],"picked":"Rage","floor":10},{"not_picked":["True Grit","Dual Wield"],"picked":"Barricade+1","floor":12},{"not_picked":["Anger+1","True Grit"],"picked":"Hemokinesis+1","floor":13},{"not_picked":["Clothesline+1","Flex","Thunderclap+1"],"picked":"SKIP","floor":14},{"not_picked":["Offering","Impervious"],"picked":"Berserk+1","floor":16},{"not_picked":["Iron Wave+1","Sever Soul+1"],"picked":"Pommel Strike+1","floor":18}],"player_experience":265783,"relics_obtained":[{"floor":7,"key":"Toy Ornithopter"},{"floor":9,"key":"Meat on the Bone"},{"floor":10,"key":"Frozen Egg 2"},{"floor":13,"key":"Molten Egg 2"}],"event_choices":[{"damage_healed":0,"gold_gain":0,"player_choice":"Shed Blood","damage_taken":20,"max_hp_gain":5,"max_hp_loss":0,"event_name":"Forgotten Altar","floor":19,"gold_loss":0},{"damage_healed":0,"gold_gain":0,"player_choice":"Opened","damage_taken":0,"relics_obtained":["Shuriken"],"max_hp_gain":0,"max_hp_loss":0,"event_name":"The Mausoleum","floor":20,"gold_loss":0},{"damage_healed":0,"gold_gain":0,"player_choice":"Obtained Relic","damage_taken":0,"relics_obtained":["Blood Vial"],"max_hp_gain":0,"max_hp_loss":0,"event_name":"Addict","floor":22,"gold_loss":85}],"is_beta":false,"boss_relics":[{"not_picked":["Calling Bell","Busted Crown"],"picked":"Sozu"}],"items_purged_floors":[21],"is_endless":false,"potions_floor_spawned":[1,2,7,10,14,18],"killed_by":"Slavers","ascension_level":8}}