{"host":"99ad87xtd5ypi7ii","time":1608460351,"event":{"mods":["BaseMod","Hermit","Highlight Path","Marisa????????","Minty Spire (QoL Compilation)","Robot Space Explorer","StSLib","The Bladedancer","The Construct","The Cursed","The Disciple","The Gatherer","The Hierophant","The Runesmith","The Servant 0.9.4","TheVacant"],"gold_per_floor":[114,127,127,127,137,137,148,161,161,174,46,11,11,11,11,114,114,130,146,245,245,256,256,285,285,340,41,41,51,2,16,16,118,118,134,54,69,80,126,126,145,145,145,158,23,23,23,23],"floor_reached":46,"playtime":3465,"items_purged":["Gatherer:Strike_Gatherer","Gatherer:Strike_Gatherer"],"score":482,"play_id":"1094ca66-332e-4373-9cda-44e3f5e69d76","local_time":"20201220113231","is_ascension_mode":false,"metric_token":1041,"campfire_choices":[{"data":"Gatherer:Liquidism","floor":6,"key":"SMITH"},{"data":"Gatherer:Snatch","floor":15,"key":"SMITH"},{"floor":23,"key":"REST"},{"floor":25,"key":"REST"},{"data":"Gatherer:Centralize","floor":28,"key":"SMITH"},{"data":"Gatherer:SealedBomb","floor":32,"key":"SMITH"},{"floor":40,"key":"REST"},{"floor":42,"key":"REST"}],"circlet_count":0,"master_deck":["Gatherer:Strike_Gatherer","Gatherer:Strike_Gatherer","Gatherer:Defend_Gatherer","Gatherer:Defend_Gatherer","Gatherer:Defend_Gatherer","Gatherer:Defend_Gatherer","Gatherer:Defend_Gatherer","Gatherer:Centralize+1","Gatherer:FlowerWhip","Gatherer:Uplift","Gatherer:Liquidism+1","Gatherer:DrugPower","Gatherer:AlchemyTrial+1","Gatherer:SealedBomb+1","Gatherer:Snatch+1","Gatherer:BomberForm","Gatherer:BalancedGrowth","Gatherer:EnergyBasket","Gatherer:EchoOfNature","Gatherer:BlackTea","Gatherer:CollectorsShot","Gatherer:SmartManeuver+1","Gatherer:Overflowing","Gatherer:RecipeChange","Gatherer:OddSpoils+1","Gatherer:FlowerFalling+1","Gatherer:GatherMaterial","Gatherer:Herbalism+1","Gatherer:SaveValuables","Gatherer:UpgradeBag"],"relics":["Gatherer:AlchemyBag","Ginger","Philosopher\u0027s Stone","Mercury Hourglass","Bag of Marbles","Lee\u0027s Waffle","construct:WeddingRing","Gatherer:Leftovers","Strawberry"],"acts_visited":["Exordium","TheCity","TheBeyond"],"potions_floor_usage":[16,22,29,31,33,33,39,41,41],"damage_taken":[{"damage":0,"enemies":"Small Slimes","floor":1,"turns":4},{"damage":0,"enemies":"2 Louse","floor":2,"turns":3},{"damage":0,"enemies":"Cultist","floor":5,"turns":3},{"damage":0,"enemies":"Looter","floor":7,"turns":4},{"damage":15,"enemies":"3 Louse","floor":8,"turns":3},{"damage":15,"enemies":"Exordium Thugs","floor":10,"turns":6},{"damage":1,"enemies":"Slime Boss","floor":16,"turns":8},{"damage":0,"enemies":"Spheric Guardian","floor":18,"turns":3},{"damage":17,"enemies":"3 Byrds","floor":19,"turns":6},{"damage":24,"enemies":"Centurion and Healer","floor":22,"turns":5},{"damage":51,"enemies":"Slavers","floor":24,"turns":4},{"damage":8,"enemies":"Cultist and Chosen","floor":29,"turns":4},{"damage":6,"enemies":"Sentry and Sphere","floor":31,"turns":5},{"damage":20,"enemies":"Automaton","floor":33,"turns":8},{"damage":0,"enemies":"3 Shapes","floor":35,"turns":2},{"damage":0,"enemies":"3 Darklings","floor":37,"turns":3},{"damage":18,"enemies":"Jaw Worm Horde","floor":38,"turns":3},{"damage":50,"enemies":"2 Orb Walkers","floor":39,"turns":4},{"damage":25,"enemies":"Sphere and 2 Shapes","floor":41,"turns":4},{"damage":0,"enemies":"Transient","floor":44,"turns":5},{"damage":78,"enemies":"Reptomancer","floor":46,"turns":4}],"seed_played":"-4071640302785470891","potions_obtained":[{"floor":5,"key":"DuplicationPotion"},{"floor":16,"key":"Swift Potion"},{"floor":22,"key":"Weak Potion"},{"floor":29,"key":"SneckoOil"},{"floor":31,"key":"DuplicationPotion"},{"floor":35,"key":"construct:ShiftPotion"},{"floor":37,"key":"PowerPotion"},{"floor":41,"key":"Fruit Juice"}],"is_trial":false,"path_per_floor":["M","M","?","?","M","R","M","M","T","M","$","?","?","?","R","B",null,"M","M","?","?","M","R","E","R","T","$","R","M","$","M","R","B",null,"M","$","M","M","?","R","M","R","T","M","$","E"],"character_chosen":"THE_GATHERER","items_purchased":["Gatherer:Snatch","Gatherer:BlackTea","Lee\u0027s Waffle","AttackPotion","Gatherer:RecipeChange","Gatherer:UpgradeBag"],"campfire_rested":4,"item_purchase_floors":[11,27,27,30,36,45],"current_hp_per_floor":[79,79,79,79,79,79,79,64,64,49,49,68,73,73,73,72,84,84,67,67,67,43,68,17,42,42,91,91,83,83,77,77,57,91,91,91,91,73,23,50,30,58,65,65,65,0,0,0],"gold":23,"neow_bonus":"TEN_PERCENT_HP_BONUS","is_daily":false,"chose_seed":false,"campfire_upgraded":4,"win_rate":0.0,"timestamp":1608460351,"path_taken":["M","M","?","?","M","R","M","?","T","M","$","?","?","?","R","BOSS","M","M","?","?","M","R","E","R","T","?","R","?","$","M","R","BOSS","M","$","M","M","?","R","M","R","T","M","$","E"],"items_purchased_type":["Card","Card","Relic","Potion","Card","Card"],"build_version":"2020-12-13","purchased_purges":2,"victory":false,"max_hp_per_floor":[79,79,79,79,79,79,79,79,79,79,79,79,84,84,84,84,84,84,84,84,84,84,84,84,84,84,91,91,91,91,91,91,91,91,91,91,91,91,91,91,96,96,103,103,103,103,103,103],"card_choices":[{"not_picked":["Gatherer:Snatch","Gatherer:TacticalStrike"],"picked":"Gatherer:Uplift","floor":1},{"not_picked":["Gatherer:TreeGrowth","Gatherer:SmartManeuver"],"picked":"Gatherer:Liquidism","floor":2},{"not_picked":["Gatherer:EnergyBasket","Gatherer:TreeGrowth"],"picked":"Gatherer:DrugPower","floor":5},{"not_picked":["Gatherer:UpgradeBag","Gatherer:Convert"],"picked":"Gatherer:AlchemyTrial","floor":7},{"not_picked":["Gatherer:LuckyClover","Gatherer:AromaProtection"],"picked":"Gatherer:SealedBomb","floor":8},{"not_picked":["Gatherer:GatherMaterial","Gatherer:Convert","Gatherer:VenomBarrier"],"picked":"SKIP","floor":10},{"not_picked":["Gatherer:CursedBlade","Gatherer:ScrollOfPurity"],"picked":"Gatherer:BomberForm","floor":16},{"not_picked":["Gatherer:PotentialSlash","Gatherer:ScherryThrow"],"picked":"Gatherer:BalancedGrowth","floor":18},{"not_picked":["Gatherer:Duality","Gatherer:PotentialSlash"],"picked":"Gatherer:EnergyBasket","floor":19},{"not_picked":["Gatherer:PotentialSlash","Gatherer:WoolGloves","Gatherer:AromaProtection"],"picked":"SKIP","floor":22},{"not_picked":["Gatherer:WoolGloves","Gatherer:ScherryThrow"],"picked":"Gatherer:EchoOfNature","floor":24},{"not_picked":["Gatherer:Herbalism","Gatherer:TacticalStrike"],"picked":"Gatherer:CollectorsShot","floor":29},{"not_picked":["Gatherer:WoolGloves","Gatherer:AcidicSpray"],"picked":"Gatherer:SmartManeuver+1","floor":31},{"not_picked":["Gatherer:FinishingStrike","Gatherer:HeartToFruit"],"picked":"Gatherer:Overflowing","floor":33},{"not_picked":["Gatherer:Frenzy+1","Gatherer:Solidify+1","Gatherer:EnergyBasket"],"picked":"SKIP","floor":35},{"not_picked":["Gatherer:Frenzy","Gatherer:DrugPower+1"],"picked":"Gatherer:OddSpoils+1","floor":37},{"not_picked":["Gatherer:EnergyBasket","Gatherer:OddSpoils+1"],"picked":"Gatherer:FlowerFalling+1","floor":38},{"not_picked":["Gatherer:Uplift+1","Gatherer:DrugPower"],"picked":"Gatherer:GatherMaterial","floor":39},{"not_picked":["Gatherer:Frenzy+1","Gatherer:CarefulStrike"],"picked":"Gatherer:Herbalism+1","floor":41},{"not_picked":["Gatherer:AromaProtection","Gatherer:PoisonMastery"],"picked":"Gatherer:SaveValuables","floor":44}],"player_experience":791174,"relics_obtained":[{"floor":9,"key":"Ginger"},{"floor":24,"key":"Mercury Hourglass"},{"floor":26,"key":"Bag of Marbles"},{"floor":39,"key":"Gatherer:Leftovers"},{"floor":43,"key":"Strawberry"}],"event_choices":[{"damage_healed":0,"gold_gain":0,"player_choice":"Ignored","damage_taken":0,"max_hp_gain":0,"max_hp_loss":0,"event_name":"Liars Game","floor":3,"gold_loss":0},{"cards_removed":["Gatherer:Strike_Gatherer"],"damage_healed":0,"gold_gain":0,"player_choice":"Purged","damage_taken":0,"max_hp_gain":0,"max_hp_loss":0,"event_name":"Purifier","floor":4,"gold_loss":0},{"damage_healed":19,"gold_gain":0,"player_choice":"Healed","damage_taken":0,"max_hp_gain":0,"max_hp_loss":0,"event_name":"The Cleric","floor":12,"gold_loss":35},{"damage_healed":0,"gold_gain":0,"player_choice":"Donut","damage_taken":0,"max_hp_gain":5,"max_hp_loss":0,"event_name":"Big Fish","floor":13,"gold_loss":0},{"damage_healed":0,"gold_gain":0,"player_choice":"Upgraded","damage_taken":0,"max_hp_gain":0,"max_hp_loss":0,"event_name":"Upgrade Shrine","floor":14,"gold_loss":0,"cards_upgraded":["Gatherer:AlchemyTrial"]},{"damage_healed":0,"gold_gain":99,"player_choice":"Stole From Cult","damage_taken":0,"max_hp_gain":0,"max_hp_loss":0,"event_name":"Nest","floor":20,"gold_loss":0},{"damage_healed":0,"gold_gain":0,"player_choice":"Ignored","damage_taken":0,"max_hp_gain":0,"max_hp_loss":0,"event_name":"Ghosts","floor":21,"gold_loss":0},{"damage_healed":0,"gold_gain":0,"player_choice":"Fight","damage_taken":0,"max_hp_gain":0,"max_hp_loss":0,"event_name":"Mysterious Sphere","floor":39,"gold_loss":0}],"is_beta":false,"boss_relics":[{"not_picked":["Busted Crown","SlaversCollar"],"picked":"Philosopher\u0027s Stone"},{"not_picked":["Astrolabe","Pandora\u0027s Box"],"picked":"construct:WeddingRing"}],"items_purged_floors":[11,45],"is_endless":false,"potions_floor_spawned":[5,16,22,29,31,35,37,41],"killed_by":"Reptomancer","ascension_level":0}}