{"host":"Terry","time":1608460497,"event":{"mods":["BaseMod","Downfall","Hubris","Minty Spire (QoL Compilation)","Replay The Spire","StSLib"],"gold_per_floor":[99,115,115,128,128,156,209,209,220,220,220,238,10,110,128,233,233,233,245,245,245,245,263,263,278,307,232,251,44,55,55,66,161,161,161,161,174,174,191,28,28,54,54,54,77,96,106,106,124,124],"floor_reached":51,"playtime":3066,"items_purged":["Regret","champ:Strike","champ:Strike"],"score":797,"play_id":"7e3781cd-3acd-4320-8d12-8861be9cb609","local_time":"20201220053457","is_ascension_mode":false,"campfire_choices":[{"data":"champ:Taunt","floor":1,"key":"SMITH"},{"data":"champ:Execute","floor":3,"key":"SMITH"},{"data":"champ:ViciousMockery","floor":5,"key":"SMITH"},{"data":"champ:HeavySlash","floor":8,"key":"SMITH"},{"data":"champ:StanceDance","floor":10,"key":"SMITH"},{"data":"champ:SteelEdge","floor":18,"key":"SMITH"},{"data":"champ:IgnorePain","floor":20,"key":"SMITH"},{"data":"champ:Lariat","floor":27,"key":"SMITH"},{"data":"champ:VampiricStrike","floor":35,"key":"SMITH"},{"data":"expansioncontent:DecasProtection","floor":38,"key":"SMITH"},{"data":"expansioncontent:DecasProtection","floor":44,"key":"SMITH"}],"circlet_count":0,"master_deck":["champ:Strike","champ:Strike","champ:Defend","champ:Defend","champ:Defend","champ:Defend","champ:Execute+1","champ:Taunt+1","Master of Strategy+1","champ:BringItOn","champ:ViciousMockery+1","champ:HeavySlash+1","champ:StanceDance+1","champ:FlashCut","champ:Duel","champ:IgnorePain+1","champ:ArenaPreparation","champ:SteelEdge+1","champ:StanceDance","champ:DeathBlow+1","champ:DefensiveShout+1","champ:Lariat+1","champ:TornadoPunch+1","champ:FocusedDefense+1","champ:Devastate","expansioncontent:DecasProtection+1","champ:GladiatorStyle","champ:BringItOn","champ:VampiricStrike+1","expansioncontent:DecasProtection+1","champ:RapidStrikes","expansioncontent:Collect","Apotheosis+1","Replay:SS_hec_2","champ:FlashCut+1","champ:SkillfulDodge+1","champ:SkillfulDodge","champ:GutPunch+1","champ:Circumvent+1","champ:EnGarde+1","champ:PerfectForm"],"relics":["champ:ChampionCrown","Simple Rune","Oddly Smooth Stone","Coffee Dripper","hubris:DisguiseKit","Prayer Wheel","downfall:HeartBlessingGreen","Sozu","ReplayTheSpireMod:ShopPack","champ:FightingForDummies","Pear","ReplayFunnel","MealTicket"],"acts_visited":["Exordium","TheCity","TheBeyond"],"potions_floor_usage":[6,16,26,26,26,33,33],"damage_taken":[{"damage":6,"enemies":"Cultist","floor":2,"turns":3},{"damage":16,"enemies":"Jaw Worm","floor":4,"turns":3},{"damage":37,"enemies":"3 Sentries","floor":6,"turns":8},{"damage":0,"enemies":"Small Slimes","floor":9,"turns":2},{"damage":0,"enemies":"Exordium Wildlife","floor":12,"turns":2},{"damage":5,"enemies":"downfall:FleeingMerchant","floor":13,"turns":4},{"damage":7,"enemies":"3 Louse","floor":15,"turns":3},{"damage":33,"enemies":"downfall:Ironclad","floor":16,"turns":9},{"damage":5,"enemies":"Spheric Guardian","floor":19,"turns":3},{"damage":5,"enemies":"Chosen","floor":23,"turns":4},{"damage":35,"enemies":"Centurion and Healer","floor":25,"turns":6},{"damage":21,"enemies":"Slavers","floor":26,"turns":8},{"damage":33,"enemies":"Cultist and Chosen","floor":28,"turns":4},{"damage":15,"enemies":"downfall:FleeingMerchant","floor":29,"turns":4},{"damage":14,"enemies":"Snecko","floor":30,"turns":4},{"damage":29,"enemies":"Shelled Parasite and Fungi","floor":32,"turns":6},{"damage":18,"enemies":"downfall:Silent","floor":33,"turns":10},{"damage":0,"enemies":"3 Shapes","floor":37,"turns":5},{"damage":7,"enemies":"Orb Walker","floor":39,"turns":2},{"damage":50,"enemies":"downfall:FleeingMerchant","floor":40,"turns":4},{"damage":55,"enemies":"Reptomancer","floor":42,"turns":6},{"damage":14,"enemies":"Writhing Mass","floor":46,"turns":6},{"damage":5,"enemies":"Sphere and 2 Shapes","floor":47,"turns":6},{"damage":20,"enemies":"Spire Growth","floor":49,"turns":4},{"damage":14,"enemies":"downfall:Watcher","floor":50,"turns":9}],"seed_played":"5237216405584818361","potions_obtained":[{"floor":4,"key":"Explosive Potion"},{"floor":6,"key":"AttackPotion"},{"floor":16,"key":"champ:OpenerPotion"},{"floor":23,"key":"EntropicBrew"},{"floor":25,"key":"BlessingOfTheForge"}],"is_trial":false,"path_per_floor":["R","M","R","M","R","E","T","R","M","R","?","M","$","?","M","B",null,"R","M","R","?","?","M","T","M","E","R","M","$","M","?","M","B",null,"R","?","M","R","M","$","T","E","?","R","T","M","M","?","M","B",null],"character_chosen":"THE_CHAMP","items_purchased":["champ:IgnorePain","expansioncontent:DecasProtection","expansioncontent:Collect","ReplayTheSpireMod:ShopPack","champ:FightingForDummies"],"campfire_rested":0,"item_purchase_floors":[13,29,40,40,40],"current_hp_per_floor":[81,80,80,69,69,42,42,42,42,42,42,42,37,37,35,18,81,81,81,81,81,81,81,81,61,45,45,47,47,47,47,28,32,81,81,81,81,81,81,81,91,86,86,86,86,91,91,86,86,91],"gold":124,"neow_bonus":"RANDOM_COLORLESS_2","is_daily":false,"chose_seed":false,"campfire_upgraded":11,"win_rate":0.0,"timestamp":1608460497,"path_taken":["R","?","R","M","R","E","T","R","M","R","?","M","$","?","M","BOSS","R","M","R","?","?","M","T","M","E","R","M","$","M","?","M","BOSS","R","?","?","R","M","$","T","E","?","R","?","M","?","?","M","BOSS"],"items_purchased_type":["Card","Card","Card","Relic","Relic"],"build_version":"2020-12-18","purchased_purges":3,"victory":true,"max_hp_per_floor":[81,81,81,81,81,81,81,81,81,81,81,81,81,81,81,81,81,81,81,81,81,81,81,81,81,81,81,81,81,81,81,81,81,81,81,81,81,81,81,81,91,91,91,91,91,91,91,91,91,91],"card_choices":[{"not_picked":["Thinking Ahead","Secret Weapon"],"picked":"Master of Strategy","floor":0},{"not_picked":["champ:Encircle","champ:FocusedDefense"],"picked":"champ:BringItOn","floor":2},{"not_picked":["champ:SkillfulDodge","champ:AdrenalArmor"],"picked":"champ:ViciousMockery","floor":4},{"not_picked":["champ:Lariat","champ:BladeFlurry"],"picked":"champ:HeavySlash","floor":6},{"not_picked":["champ:ShieldWall","champ:BladeFlurry"],"picked":"champ:StanceDance","floor":9},{"not_picked":["champ:DefensiveShout","champ:PerfectedStrike"],"picked":"champ:FlashCut","floor":12},{"not_picked":["champ:PerfectedStrike","champ:StanceDance"],"picked":"champ:Duel","floor":13},{"not_picked":["champ:FaceSlap","champ:StanceDance"],"picked":"champ:ArenaPreparation","floor":15},{"not_picked":["champ:IgnorePain","champ:StrikeOfGenius"],"picked":"champ:SteelEdge","floor":16},{"not_picked":["champ:FocusedDefense","champ:FightOn"],"picked":"champ:StanceDance","floor":19},{"not_picked":["champ:BringItOn+1","champ:RecklessLeap+1"],"picked":"champ:DeathBlow+1","floor":23},{"not_picked":["champ:AdrenalArmor","champ:SkillfulDodge","sneckomod:SnekBeam"],"picked":"champ:DefensiveShout+1","floor":25},{"not_picked":["champ:RecklessLeap","champ:FaceSlap","sneckomod:WideSting"],"picked":"champ:Lariat","floor":26},{"not_picked":["champ:PerfectedStrike","champ:StanceDance+1","sneckomod:RainOfDice"],"picked":"champ:TornadoPunch+1","floor":28},{"not_picked":["champ:PerfectedStrike","champ:DefensiveShout","sneckomod:UnknownCommonAttack"],"picked":"champ:FocusedDefense+1","floor":28},{"not_picked":["champ:Riposte","champ:FlashCut","sneckomod:UnknownWeak"],"picked":"champ:Devastate","floor":29},{"not_picked":["champ:Lariat","champ:BerserkerStyle+1","champ:HeartStrike","sneckomod:WideSting"],"picked":"SKIP","floor":30},{"not_picked":["champ:FlashCut","champ:Haymaker","champ:BladeFlurry","sneckomod:UnknownX"],"picked":"SKIP","floor":30},{"not_picked":["champ:ArenaPreparation","champ:GladiatorsShout","sneckomod:UnknownWeak"],"picked":"champ:GladiatorStyle","floor":32},{"not_picked":["champ:HeartStrike","champ:FanOfKnives","sneckomod:UnknownCommonAttack"],"picked":"champ:BringItOn","floor":32},{"not_picked":["champ:Devastate","champ:Improvising","sneckomod:UnknownRarePower"],"picked":"champ:VampiricStrike","floor":33},{"not_picked":["champ:FanOfKnives","champ:BladeFlurry+1","champ:AdrenalArmor","sneckomod:DiceBoulder"],"picked":"SKIP","floor":37},{"not_picked":["champ:AdrenalArmor","champ:PerfectedStrike","champ:BerserkerStyle","sneckomod:UnknownWeak"],"picked":"SKIP","floor":37},{"not_picked":["champ:ArenaPreparation","champ:Shatter","champ:BerserkersShout+1","sneckomod:Unknown3Cost"],"picked":"SKIP","floor":39},{"not_picked":["champ:FanOfKnives+1","champ:DefensiveShout","champ:Haymaker","sneckomod:SlitherStrike"],"picked":"SKIP","floor":39},{"not_picked":["champ:PerfectedStrike+1","champ:Haymaker+1","sneckomod:UnknownCommonSkill"],"picked":"champ:RapidStrikes","floor":40},{"not_picked":["expansioncontent:DashGenerateEvil","expansioncontent:Corrupt","ReplayTheSpireMod:Necrogeddon"],"picked":"Apotheosis","floor":40},{"not_picked":["expansioncontent:CaCaw","Replay:Sssssssssshield","PanicButton"],"picked":"Replay:SS_hec_2","floor":40},{"not_picked":["champ:FanOfKnives","champ:BerserkersShout","sneckomod:SnakeSap"],"picked":"champ:FlashCut+1","floor":42},{"not_picked":["champ:CalledShot+1","champ:ArenaPreparation","sneckomod:UnknownCommonSkill"],"picked":"champ:SkillfulDodge+1","floor":46},{"not_picked":["champ:SwordThrow","champ:BladeFlurry","sneckomod:RainOfDice"],"picked":"champ:SkillfulDodge","floor":46},{"not_picked":["champ:IronFortress","champ:Backstep","sneckomod:ImprovisedAttack"],"picked":"champ:GutPunch+1","floor":47},{"not_picked":["champ:GladiatorsShout+1","champ:Encircle+1","sneckomod:UnknownClassRED"],"picked":"champ:Circumvent+1","floor":47},{"not_picked":["champ:RapidStrikes","champ:BerserkersShout+1","sneckomod:QuickBite"],"picked":"champ:EnGarde+1","floor":49},{"not_picked":["champ:BerserkerStyle","champ:DefensiveStyle+1","sneckomod:Unknown1Cost"],"picked":"champ:PerfectForm","floor":49}],"player_experience":558360,"relics_obtained":[{"floor":6,"key":"Simple Rune"},{"floor":7,"key":"Oddly Smooth Stone"},{"floor":24,"key":"hubris:DisguiseKit"},{"floor":26,"key":"Prayer Wheel"},{"floor":41,"key":"Pear"},{"floor":42,"key":"ReplayFunnel"},{"floor":45,"key":"MealTicket"}],"event_choices":[{"damage_healed":0,"gold_gain":0,"player_choice":"Ignored","damage_taken":0,"max_hp_gain":0,"max_hp_loss":0,"event_name":"Vampires","floor":22,"gold_loss":0},{"damage_healed":0,"gold_gain":0,"player_choice":"Ignored","damage_taken":0,"max_hp_gain":0,"max_hp_loss":0,"event_name":"Ghosts","floor":31,"gold_loss":0},{"damage_healed":0,"gold_gain":0,"player_choice":"Copied","damage_taken":0,"max_hp_gain":0,"max_hp_loss":0,"event_name":"Duplicator","floor":36,"gold_loss":0,"cards_obtained":["expansioncontent:DecasProtection"]}],"is_beta":true,"boss_relics":[{"not_picked":["champ:ChampionCrownUpgraded","Kintsugi"],"picked":"Coffee Dripper"},{"not_picked":["Replay:Wanted Poster","Calling Bell"],"picked":"Sozu"}],"items_purged_floors":[13,29,40],"is_endless":false,"potions_floor_spawned":[4,6,16,23,25,30,32,37,42,47,49],"ascension_level":0}}