{"host":"6pgtslebjnyv5xmi","time":1608483216,"event":{"mods":["AchievementEnabler","BaseMod","Colored Map","Minty Spire (QoL Compilation)","Rare Cards Sparkle","SuperFastMode","everything is the same but u backflip on backflip"],"gold_per_floor":[111,62,62,79,93,93,122,28,28,56,74,94,94,106,106,210,210,228,228,248,248,260,260,38,38,107,137,153,187,102,114,114,214,214,226,126,141,157,32,65,75,75,146,146,196,196,196,196,196,196],"floor_reached":51,"playtime":2939,"items_purged":["Strike_R","Strike_R","Strike_R"],"score":933,"play_id":"c3186313-8fba-4c9e-898f-021cba7b7863","local_time":"20201221015336","is_ascension_mode":true,"campfire_choices":[{"data":"Shrug It Off","floor":6,"key":"SMITH"},{"data":"Carnage","floor":13,"key":"SMITH"},{"data":"Battle Trance","floor":15,"key":"SMITH"},{"data":"Panacea","floor":23,"key":"SMITH"},{"data":"Impervious","floor":32,"key":"SMITH"},{"data":"Bash","floor":42,"key":"SMITH"},{"data":"Ghostly Armor","floor":44,"key":"SMITH"},{"data":"Secret Technique","floor":49,"key":"SMITH"}],"circlet_count":0,"master_deck":["Strike_R","Strike_R","Defend_R","Defend_R","Defend_R","Defend_R","Bash+1","Body Slam+1","Shrug It Off+1","Headbutt","Ghostly Armor+1","Carnage+1","Panacea+1","Battle Trance+1","Impervious+1","Body Slam+1","Ghostly Armor+1","Barricade+1","Shrug It Off+1","Writhe","Secret Technique+1"],"relics":["Burning Blood","NeowsBlessing","Bottled Lightning","Bottled Flame","TungstenRod","Mark of Pain","Medical Kit","Pantograph","Toy Ornithopter","Frozen Egg 2","Blue Candle","Cursed Key","Darkstone Periapt","InkBottle","CaptainsWheel"],"acts_visited":["Exordium","TheCity","TheBeyond"],"potions_floor_usage":[16,16,16,20,22,27,27,33,33,50],"damage_taken":[{"damage":0,"enemies":"Jaw Worm","floor":1,"turns":1},{"damage":0,"enemies":"Cultist","floor":4,"turns":1},{"damage":0,"enemies":"Small Slimes","floor":5,"turns":1},{"damage":17,"enemies":"3 Sentries","floor":7,"turns":7},{"damage":28,"enemies":"Gremlin Nob","floor":10,"turns":4},{"damage":3,"enemies":"3 Louse","floor":11,"turns":2},{"damage":0,"enemies":"Blue Slaver","floor":12,"turns":3},{"damage":0,"enemies":"Looter","floor":14,"turns":2},{"damage":0,"enemies":"Slime Boss","floor":16,"turns":7},{"damage":3,"enemies":"3 Byrds","floor":18,"turns":6},{"damage":12,"enemies":"2 Thieves","floor":20,"turns":4},{"damage":0,"enemies":"Centurion and Healer","floor":22,"turns":5},{"damage":22,"enemies":"Book of Stabbing","floor":27,"turns":5},{"damage":11,"enemies":"Snake Plant","floor":28,"turns":2},{"damage":8,"enemies":"Gremlin Leader","floor":29,"turns":6},{"damage":12,"enemies":"Cultist and Chosen","floor":31,"turns":6},{"damage":41,"enemies":"Champ","floor":33,"turns":14},{"damage":0,"enemies":"Orb Walker","floor":35,"turns":4},{"damage":19,"enemies":"3 Darklings","floor":37,"turns":7},{"damage":0,"enemies":"Sphere and 2 Shapes","floor":38,"turns":4},{"damage":0,"enemies":"Giant Head","floor":40,"turns":4},{"damage":0,"enemies":"Transient","floor":41,"turns":5},{"damage":0,"enemies":"Mind Bloom Boss Battle","floor":45,"turns":4},{"damage":0,"enemies":"Donu and Deca","floor":50,"turns":10}],"seed_played":"-662152198970180484","potions_obtained":[{"floor":5,"key":"Explosive Potion"},{"floor":10,"key":"Explosive Potion"},{"floor":12,"key":"GamblersBrew"},{"floor":14,"key":"Block Potion"},{"floor":16,"key":"BloodPotion"},{"floor":19,"key":"PowerPotion"},{"floor":19,"key":"BloodPotion"},{"floor":20,"key":"Swift Potion"},{"floor":22,"key":"SkillPotion"},{"floor":31,"key":"Fire Potion"},{"floor":37,"key":"AttackPotion"},{"floor":41,"key":"Regen Potion"}],"is_trial":false,"path_per_floor":["M","$","?","M","M","R","E","$","T","E","M","M","R","M","R","B",null,"M","?","M","?","M","R","$","?","T","E","M","E","?","M","R","B",null,"M","$","M","M","$","E","M","R","T","R","?","?","?","?","R","B",null],"character_chosen":"IRONCLAD","items_purchased":["Shrug It Off","Panacea","Medical Kit"],"campfire_rested":0,"item_purchase_floors":[2,8,24],"current_hp_per_floor":[80,80,80,80,80,80,69,69,69,47,50,56,56,62,62,68,80,80,80,74,74,80,80,80,80,80,80,75,73,73,67,67,66,80,80,80,67,73,73,79,80,80,86,86,86,86,82,82,82,82],"gold":196,"neow_bonus":"THREE_ENEMY_KILL","is_daily":false,"chose_seed":false,"campfire_upgraded":8,"win_rate":0.0,"timestamp":1608483216,"path_taken":["M","$","?","M","?","R","E","$","T","E","M","M","R","M","R","BOSS","M","?","?","?","?","R","$","?","T","E","M","E","?","M","R","BOSS","M","$","M","M","$","E","M","R","T","R","?","?","?","?","R","BOSS"],"items_purchased_type":["Card","Card","Relic"],"build_version":"2020-12-13","purchased_purges":3,"victory":true,"max_hp_per_floor":[80,80,80,80,80,80,80,80,80,80,80,80,80,80,80,80,80,80,80,80,80,80,80,80,80,80,80,80,80,80,80,80,80,80,80,80,80,80,80,80,80,80,86,86,86,86,82,82,82,82],"card_choices":[{"not_picked":["Thunderclap","Iron Wave"],"picked":"Body Slam","floor":1},{"not_picked":["True Grit","Sword Boomerang"],"picked":"Headbutt","floor":4},{"not_picked":["Headbutt","Wild Strike"],"picked":"Ghostly Armor","floor":5},{"not_picked":["Fiend Fire","Feel No Pain"],"picked":"Carnage","floor":7},{"not_picked":["Havoc","Clash","Wild Strike"],"picked":"SKIP","floor":10},{"not_picked":["Thunderclap","Rampage","True Grit"],"picked":"SKIP","floor":11},{"not_picked":["Flame Barrier","Fire Breathing"],"picked":"Battle Trance","floor":12},{"not_picked":["True Grit","Thunderclap","Ghostly Armor"],"picked":"SKIP","floor":14},{"not_picked":["Immolate","Exhume"],"picked":"Impervious","floor":16},{"not_picked":["Heavy Blade+1","Sword Boomerang","Fire Breathing+1"],"picked":"SKIP","floor":18},{"not_picked":["Havoc","Twin Strike","Iron Wave"],"picked":"SKIP","floor":20},{"not_picked":["Warcry","Searing Blow+1","True Grit"],"picked":"SKIP","floor":22},{"not_picked":["Iron Wave+1","Searing Blow","Headbutt"],"picked":"SKIP","floor":27},{"not_picked":["Warcry+1","Flame Barrier","Whirlwind"],"picked":"SKIP","floor":28},{"not_picked":["Burning Pact+1","Evolve+1","Rupture+1"],"picked":"SKIP","floor":29},{"not_picked":["Evolve+1","Feel No Pain+1"],"picked":"Ghostly Armor+1","floor":31},{"not_picked":["Double Tap","Immolate"],"picked":"Barricade+1","floor":33},{"not_picked":["Second Wind","Body Slam+1","Spot Weakness+1"],"picked":"SKIP","floor":35},{"not_picked":["Pommel Strike+1","Twin Strike+1"],"picked":"Shrug It Off+1","floor":37},{"not_picked":["Twin Strike+1","Hemokinesis","Warcry"],"picked":"SKIP","floor":38},{"not_picked":["Limit Break","Burning Pact+1","Inflame+1"],"picked":"SKIP","floor":40},{"not_picked":["Sentinel+1","Cleave+1","Body Slam"],"picked":"SKIP","floor":41},{"not_picked":["Secret Weapon","Swift Strike"],"picked":"Secret Technique","floor":48}],"player_experience":304858,"relics_obtained":[{"floor":7,"key":"Bottled Lightning"},{"floor":9,"key":"Bottled Flame"},{"floor":10,"key":"TungstenRod"},{"floor":26,"key":"Pantograph"},{"floor":27,"key":"Toy Ornithopter"},{"floor":29,"key":"Frozen Egg 2"},{"floor":40,"key":"Darkstone Periapt"},{"floor":43,"key":"InkBottle"},{"floor":45,"key":"CaptainsWheel"}],"event_choices":[{"damage_healed":0,"gold_gain":0,"player_choice":"Upgraded","damage_taken":0,"max_hp_gain":0,"max_hp_loss":0,"event_name":"Upgrade Shrine","floor":3,"gold_loss":0,"cards_upgraded":["Body Slam"]},{"damage_healed":0,"gold_gain":0,"player_choice":"Got Potions","damage_taken":0,"max_hp_gain":0,"max_hp_loss":0,"event_name":"Lab","floor":19,"gold_loss":0},{"damage_healed":0,"gold_gain":0,"player_choice":"Copied","damage_taken":0,"max_hp_gain":0,"max_hp_loss":0,"event_name":"Duplicator","floor":21,"gold_loss":0,"cards_obtained":["Body Slam"]},{"damage_healed":0,"gold_gain":0,"player_choice":"Ignored","damage_taken":0,"max_hp_gain":0,"max_hp_loss":0,"event_name":"Vampires","floor":25,"gold_loss":0},{"damage_healed":0,"gold_gain":0,"player_choice":"Obtained Relic","damage_taken":0,"relics_obtained":["Blue Candle"],"max_hp_gain":0,"max_hp_loss":0,"event_name":"Addict","floor":30,"gold_loss":85},{"damage_healed":0,"gold_gain":0,"player_choice":"Fight","damage_taken":0,"max_hp_gain":0,"max_hp_loss":0,"event_name":"MindBloom","floor":45,"gold_loss":0},{"damage_healed":0,"gold_gain":0,"player_choice":"Ignored","damage_taken":0,"max_hp_gain":0,"max_hp_loss":0,"event_name":"Tomb of Lord Red Mask","floor":46,"gold_loss":0},{"damage_healed":0,"gold_gain":0,"player_choice":"Max HP","damage_taken":0,"max_hp_gain":0,"max_hp_loss":4,"event_name":"Winding Halls","floor":47,"gold_loss":0},{"damage_healed":0,"gold_gain":0,"player_choice":"Memory 1","damage_taken":0,"max_hp_gain":0,"max_hp_loss":0,"event_name":"SensoryStone","floor":48,"gold_loss":0}],"is_beta":false,"boss_relics":[{"not_picked":["Busted Crown","Calling Bell"],"picked":"Mark of Pain"},{"not_picked":["Snecko Eye","Runic Pyramid"],"picked":"Cursed Key"}],"items_purged_floors":[24,36,39],"is_endless":false,"potions_floor_spawned":[5,10,12,14,16,20,22,31,37,41],"ascension_level":2}}