{"host":"joqa26qddvoj1b3y","time":1608427100,"event":{"mods":["BaseMod","Downfall","Minty Spire (QoL Compilation)","StSLib"],"gold_per_floor":[99,130,130,130,130,141,141,141,157,82,82,82,82,92,102,202,202,202,302,302,302,322,322,348,273,308,308,50,50,66,66,85,184,184,184,284,303,303,331,431,431,431,442,469,489,507,553,568,580,580],"floor_reached":51,"playtime":3248,"items_purged":[],"score":701,"play_id":"24ed4b9c-8449-4da1-b481-0478eb667a01","local_time":"20201220091820","is_ascension_mode":false,"campfire_choices":[{"data":"Slimebound:Split","floor":1.0,"key":"SMITH"},{"floor":8.0,"key":"RECALL"},{"data":"Slimebound:CorrosiveSpit","floor":10.0,"key":"SMITH"},{"data":"Slimebound:SelfFormingGoo","floor":18.0,"key":"SMITH"},{"data":"Slimebound:SplitBruiser","floor":20.0,"key":"SMITH"},{"data":"Slimebound:LeadByExample","floor":23.0,"key":"SMITH"},{"data":"Slimebound:Defend_Slimebound","floor":25.0,"key":"SMITH"},{"data":"Slimebound:SlimeBarrage","floor":27.0,"key":"SMITH"},{"data":"Slimebound:SelfFormingGoo","floor":35.0,"key":"SMITH"},{"data":"Slimebound:Replication","floor":38.0,"key":"SMITH"},{"data":"Slimebound:SplitBruiser","floor":42.0,"key":"SMITH"}],"circlet_count":0,"master_deck":["Slimebound:Tackle","Slimebound:Defend_Slimebound+1","Slimebound:Defend_Slimebound","Slimebound:Defend_Slimebound+1","Slimebound:Defend_Slimebound+1","Slimebound:Split+1","Slimebound:CorrosiveSpit+1","Slimebound:LeadByExample+1","Slimebound:LeechEnergy","Slimebound:GrowthPunch","Slimebound:SplitMire+1","Slimebound:SplitBruiser+1","Slimebound:LeechingTouch","Slimebound:SlimeBarrage+1","Slimebound:SelfFormingGoo+1","Slimebound:Tackle+1","Slimebound:Tackle+1","Slimebound:Tackle+1","Slimebound:FormOfPuddle+1","Slimebound:Schlurp+1","Slimebound:Gluttony+1","Slimebound:SelfFormingGoo+1","Slimebound:SplitMire","Slimebound:FinishingTackle","Slimebound:OneTwoCombo","Slimebound:Replication+1","Slimebound:SplitBruiser+1","Slimebound:AcidTongue+1","Slimebound:Equalize+1","Slimebound:SamplingLick+1","Slimebound:LeechEnergy","Slimebound:SpikyOuterGoop","Slimebound:SelfFormingGoo"],"relics":["Slimebound:AbsorbEndCombat","downfall:HeartsMalice","Pantograph","Blue Candle","downfall:HeartBlessingRed","downfall:ShatteredFragment","Coffee Dripper","downfall:HeartBlessingBlue","Red Mask","Bottled Lightning","Black Star","Smiling Mask","Orichalcum","HornCleat","Art of War","MealTicket","Calipers"],"acts_visited":["Exordium","TheCity","TheBeyond"],"potions_floor_usage":[50],"damage_taken":[{"damage":0.0,"enemies":"3 Sentries","floor":2.0,"turns":1.0},{"damage":0.0,"enemies":"Jaw Worm","floor":4.0,"turns":1.0},{"damage":0.0,"enemies":"Small Slimes","floor":5.0,"turns":1.0},{"damage":11.0,"enemies":"Cultist","floor":6.0,"turns":3.0},{"damage":25.0,"enemies":"Blue Slaver","floor":9.0,"turns":3.0},{"damage":17.0,"enemies":"Large Slime","floor":14.0,"turns":4.0},{"damage":25.0,"enemies":"2 Fungi Beasts","floor":15.0,"turns":3.0},{"damage":50.0,"enemies":"downfall:Silent","floor":16.0,"turns":6.0},{"damage":32.0,"enemies":"Shell Parasite","floor":22.0,"turns":4.0},{"damage":40.0,"enemies":"Masked Bandits","floor":26.0,"turns":4.0},{"damage":19.0,"enemies":"downfall:FleeingMerchant","floor":28.0,"turns":4.0},{"damage":15.0,"enemies":"Spheric Guardian","floor":30.0,"turns":2.0},{"damage":15.0,"enemies":"Snake Plant","floor":32.0,"turns":3.0},{"damage":45.0,"enemies":"downfall:Watcher","floor":33.0,"turns":8.0},{"damage":16.0,"enemies":"Orb Walker","floor":37.0,"turns":2.0},{"damage":54.0,"enemies":"Nemesis","floor":39.0,"turns":6.0},{"damage":14.0,"enemies":"3 Darklings","floor":43.0,"turns":4.0},{"damage":61.0,"enemies":"Reptomancer","floor":44.0,"turns":4.0},{"damage":20,"enemies":"Jaw Worm Horde","floor":45,"turns":3},{"damage":31,"enemies":"4 Shapes","floor":46,"turns":3},{"damage":44,"enemies":"2 Orb Walkers","floor":47,"turns":4},{"damage":24,"enemies":"3 Darklings","floor":48,"turns":4},{"damage":30,"enemies":"Spire Growth","floor":49,"turns":3},{"damage":67,"enemies":"downfall:Ironclad","floor":50,"turns":12}],"seed_played":"5092956488800703294","potions_obtained":[{"floor":6.0,"key":"EntropicBrew"},{"floor":13.0,"key":"downfall:CursedFountainPotion"},{"floor":14.0,"key":"Block Potion"},{"floor":32.0,"key":"Slimebound:ThreeZeroPotion"}],"is_trial":false,"path_per_floor":["R","E","?","M","M","M","T","R","M","R","?","?","?","M","M","B",null,"R","?","R","?","M","R","T","R","?","R","$","?","M","?","M","B",null,"R","?","M","R","E","?","T","R","M","E","M","M","?","M","M","B",null],"character_chosen":"SLIMEBOUND","items_purchased":["Bottled Lightning"],"campfire_rested":0,"item_purchase_floors":[28],"current_hp_per_floor":[60,60,60,60,60,57,57,57,51,51,51,33,33,40,35,34,60,60,60,60,60,43,43,43,53,33,33,36,36,37,37,40,58,70,70,70,69,69,52,52,52,52,64,35,49,48,34,38,38,51],"gold":580,"neow_bonus":"THREE_ENEMY_KILL","is_daily":false,"chose_seed":false,"campfire_upgraded":10,"win_rate":0.0,"timestamp":1608427100,"path_taken":["R","E","?","M","M","M","T","R","M","R","?","?","?","M","M","BOSS","R","?","R","?","M","R","T","R","?","R","$","?","?","?","M","BOSS","R","?","M","R","E","?","T","R","M","E","?","M","?","M","M","BOSS"],"items_purchased_type":["Relic"],"build_version":"2020-12-13","purchased_purges":0,"victory":true,"max_hp_per_floor":[60,60,60,60,60,60,60,60,60,60,60,60,60,60,60,60,60,60,60,60,60,60,60,60,70,70,70,70,70,70,70,70,70,70,70,70,70,70,70,70,70,70,70,70,70,70,70,70,70,70],"card_choices":[{"not_picked":["Slimebound:LeechEnergy","Slimebound:PressTheAttack"],"picked":"Slimebound:LeadByExample","floor":2.0},{"not_picked":["Slimebound:SlimeSpikes","Slimebound:RollThrough"],"picked":"Slimebound:LeechEnergy","floor":4.0},{"not_picked":["Slimebound:LeadByExample","Slimebound:RollThrough"],"picked":"Slimebound:GrowthPunch","floor":5.0},{"not_picked":["Slimebound:SplitBruiser","Slimebound:Teamwork"],"picked":"Slimebound:SplitMire","floor":6.0},{"not_picked":["Slimebound:SplitMire","Slimebound:SamplingLick"],"picked":"Slimebound:SplitBruiser","floor":9.0},{"not_picked":["Slimebound:SlimeSpikes","Slimebound:Dissolve"],"picked":"Slimebound:LeechingTouch","floor":14.0},{"not_picked":["Slimebound:DisruptingSlam","Slimebound:TongueLash"],"picked":"Slimebound:SlimeBarrage","floor":15.0},{"not_picked":["Slimebound:OneTwoCombo","Slimebound:Teamwork"],"picked":"Slimebound:SelfFormingGoo","floor":16.0},{"not_picked":["Slimebound:LeechingTouch","Slimebound:LeechEnergy"],"picked":"Slimebound:FormOfPuddle+1","floor":22.0},{"not_picked":["Slimebound:GoopSpray","Slimebound:GrowthPunch"],"picked":"Slimebound:Schlurp+1","floor":26.0},{"not_picked":["Slimebound:HauntingLick+1","Slimebound:Schlurp"],"picked":"Slimebound:Gluttony+1","floor":28.0},{"not_picked":["Slimebound:SpikyOuterGoop","Slimebound:SamplingLick"],"picked":"Slimebound:SplitMire","floor":30.0},{"not_picked":["Slimebound:TongueLash+1","Slimebound:RollThrough"],"picked":"Slimebound:FinishingTackle","floor":32.0},{"not_picked":["Slimebound:RallyTheTroops","Slimebound:DuplicatedForm"],"picked":"Slimebound:OneTwoCombo","floor":33.0},{"not_picked":["Slimebound:SamplingLick+1","Slimebound:FinishingTackle"],"picked":"Slimebound:Replication","floor":37.0},{"not_picked":["Slimebound:RollThrough","Slimebound:Schlurp+1"],"picked":"Slimebound:SplitBruiser","floor":39.0},{"not_picked":["Slimebound:LeechEnergy","Slimebound:SlimeBarrage+1"],"picked":"Slimebound:AcidTongue+1","floor":43.0},{"not_picked":["Slimebound:SplitAcid+1","Slimebound:LeechEnergy+1"],"picked":"Slimebound:Equalize+1","floor":44.0},{"not_picked":["Slimebound:AcidTongue+1","Slimebound:GrowthPunch"],"picked":"Slimebound:SamplingLick+1","floor":45},{"not_picked":["Slimebound:AcidTongue","Slimebound:Schlurp+1"],"picked":"Slimebound:LeechEnergy","floor":46},{"not_picked":["Slimebound:PressTheAttack+1","Slimebound:SplitAcid+1"],"picked":"Slimebound:SpikyOuterGoop","floor":47},{"not_picked":["Slimebound:Grow","Slimebound:RollThrough+1","Slimebound:Schlurp+1"],"picked":"SKIP","floor":48},{"not_picked":["Slimebound:SamplingLick","Slimebound:PressTheAttack"],"picked":"Slimebound:SelfFormingGoo","floor":49}],"player_experience":127225,"relics_obtained":[{"floor":2.0,"key":"Pantograph"},{"floor":7.0,"key":"Blue Candle"},{"floor":26.0,"key":"Red Mask"},{"floor":39.0,"key":"Smiling Mask"},{"floor":39.0,"key":"Orichalcum"},{"floor":41.0,"key":"HornCleat"},{"floor":44.0,"key":"Art of War"},{"floor":44.0,"key":"MealTicket"},{"floor":47,"key":"Calipers"}],"event_choices":[{"damage_healed":0.0,"max_hp_gain":0.0,"max_hp_loss":0.0,"gold_gain":0.0,"event_name":"Masked Bandits","player_choice":"Fought Bandits","floor":26.0,"gold_loss":0.0,"damage_taken":0.0},{"damage_healed":0.0,"max_hp_gain":0.0,"max_hp_loss":0.0,"gold_gain":0.0,"event_name":"The Library","player_choice":"Read","floor":29.0,"gold_loss":0.0,"damage_taken":0.0,"cards_obtained":["Slimebound:SelfFormingGoo"]},{"cards_removed":["Regret"],"damage_healed":0.0,"max_hp_gain":0.0,"max_hp_loss":0.0,"gold_gain":0.0,"event_name":"Back to Basics","player_choice":"Elegance","floor":31.0,"gold_loss":0.0,"damage_taken":0.0},{"damage_healed":0,"gold_gain":0,"player_choice":"Fight","damage_taken":0,"max_hp_gain":0,"max_hp_loss":0,"event_name":"Mysterious Sphere","floor":47,"gold_loss":0}],"is_beta":false,"boss_relics":[{"not_picked":["Tiny House","SacredBark"],"picked":"Coffee Dripper"},{"not_picked":["Sozu","Slimebound:TarBlob"],"picked":"Black Star"}],"items_purged_floors":[],"is_endless":false,"potions_floor_spawned":[6,14,15,22,32,33,39,44,45,49],"ascension_level":0}}