{"host":"gbop6m4qugddaz18","time":1608425733,"event":{"mods":["2.2 Compatiblity","BaseMod","Better Third Choice","Block Reminder","Downfall","GifTheSpireLib","Highlight Path","Minty Spire (QoL Compilation)","Replay The Spire","StSLib"],"gold_per_floor":[164,3,16,29,29,29,56,89,109,109,122,82,97,116,127,127,127],"floor_reached":16,"playtime":1245,"items_purged":[],"score":120,"play_id":"36b4dc91-bc02-41ca-8636-b3138845bea3","local_time":"20201219195533","is_ascension_mode":true,"campfire_choices":[{"data":"Disarm","floor":6,"key":"SMITH"},{"floor":10,"key":"REST"}],"circlet_count":0,"master_deck":["Strike_R","Strike_R","Strike_R+1","Strike_R","Strike_R","Defend_R","Defend_R","Defend_R","Defend_R","Bash+1","Disarm+1","Ghostly Armor","Intimidate","Replay:Undeath\u0027s Touch","ReplayReversal","Metallicize","Warcry","ReplayTheSpireMod:LeadingStrike","Havoc","Thunderclap","Double Tap","ReplayTheSpireMod:Strike From Hell"],"relics":["Burning Blood","Orichalcum","HandDrill","Dream Catcher","Matryoshka"],"acts_visited":["Exordium"],"potions_floor_usage":[8,15,15,16],"damage_taken":[{"damage":0,"enemies":"downfall:FleeingMerchant","floor":2,"turns":4},{"damage":3,"enemies":"Cultist","floor":3,"turns":4},{"damage":0,"enemies":"Jaw Worm","floor":4,"turns":4},{"damage":16,"enemies":"3 Sentries","floor":8,"turns":12},{"damage":4,"enemies":"Small Slimes","floor":9,"turns":5},{"damage":13,"enemies":"2 Fungi Beasts","floor":11,"turns":5},{"damage":0,"enemies":"downfall:FleeingMerchant","floor":12,"turns":4},{"damage":2,"enemies":"Blue Slaver","floor":13,"turns":5},{"damage":10,"enemies":"3 Louse","floor":14,"turns":4},{"damage":35,"enemies":"Gremlin Gang","floor":15,"turns":8},{"damage":49,"enemies":"Slime Boss","floor":16,"turns":8}],"seed_played":"-1253578610797135868","potions_obtained":[{"floor":3,"key":"Block Potion"},{"floor":9,"key":"champ:CounterPotion"},{"floor":11,"key":"hexamod:EctoCoolerPotion"},{"floor":15,"key":"Explosive Potion"}],"is_trial":false,"path_per_floor":["R","$","M","M","?","R","T","E","M","R","M","$","M","M","M","B"],"character_chosen":"IRONCLAD","items_purchased":["HandDrill","Havoc"],"campfire_rested":1,"item_purchase_floors":[2,12],"current_hp_per_floor":[80,80,80,80,64,64,64,54,56,80,73,79,80,76,47,0,0],"gold":127,"neow_bonus":"RANDOM_COMMON_RELIC","is_daily":false,"chose_seed":false,"campfire_upgraded":1,"win_rate":0.0,"timestamp":1608425733,"path_taken":["R","?","M","M","?","R","T","E","M","R","M","$","M","M","M","BOSS"],"items_purchased_type":["Relic","Card"],"build_version":"2020-12-13","purchased_purges":0,"victory":false,"max_hp_per_floor":[80,80,80,80,80,80,80,80,80,80,80,80,80,80,80,80,80],"card_choices":[{"not_picked":["True Grit","Reaper"],"picked":"Disarm","floor":2},{"not_picked":["Sword Boomerang","Fire Breathing"],"picked":"Ghostly Armor","floor":3},{"not_picked":["Twin Strike","Perfected Strike"],"picked":"Intimidate","floor":4},{"not_picked":["Intimidate","Body Slam"],"picked":"Replay:Undeath\u0027s Touch","floor":8},{"not_picked":["Fire Breathing","Pommel Strike"],"picked":"ReplayReversal","floor":9},{"not_picked":["Bloodletting","Intimidate"],"picked":"Metallicize","floor":10},{"not_picked":["Replay:Many Hands","Headbutt"],"picked":"Warcry","floor":11},{"not_picked":["Wild Strike","Burning Pact"],"picked":"ReplayTheSpireMod:LeadingStrike","floor":12},{"not_picked":["Heavy Blade","True Grit"],"picked":"Thunderclap","floor":13},{"not_picked":["Pommel Strike","Sword Boomerang"],"picked":"Double Tap","floor":14},{"not_picked":["Warcry","Evolve"],"picked":"ReplayTheSpireMod:Strike From Hell","floor":15}],"player_experience":484802,"relics_obtained":[{"floor":7,"key":"Dream Catcher"},{"floor":8,"key":"Matryoshka"}],"event_choices":[{"damage_healed":80,"gold_gain":0,"player_choice":"Upgrade","damage_taken":16,"max_hp_gain":0,"max_hp_loss":80,"event_name":"betterThird:BetterShining","floor":5,"gold_loss":0,"cards_upgraded":["Strike_R","Bash"]}],"is_beta":false,"boss_relics":[],"items_purged_floors":[],"is_endless":false,"potions_floor_spawned":[3,9,11,15],"killed_by":"Slime Boss","ascension_level":3}}