{"host":"vcmmzzj6okc5j399","time":1608478493,"event":{"mods":["BaseMod","Minty Spire (QoL Compilation)","StSLib","The Marked"],"gold_per_floor":[112,112,122,122,137,137,164,181,181,181,181,200,218,235,235,330,330,342,342,442,452,471,471,488,523,546,546,558,558,558,558,558],"floor_reached":31,"playtime":2327,"items_purged":[],"score":259,"play_id":"4de60c66-ecdb-4fb1-98cd-dfd9caac7936","local_time":"20201221003453","is_ascension_mode":false,"campfire_choices":[{"data":"theMarked:ResourceFulStrike","floor":6,"key":"SMITH"},{"data":"theMarked:TunnelVision","floor":11,"key":"SMITH"},{"floor":15,"key":"REST"},{"data":"theMarked:ThrowWeapon","floor":23,"key":"SMITH"},{"data":"theMarked:Opportunist","floor":27,"key":"SMITH"},{"data":"theMarked:EnhancedHearing","floor":29,"key":"SMITH"}],"circlet_count":0,"master_deck":["theMarked:Strike+1","theMarked:Strike+1","theMarked:Strike+1","theMarked:Strike+1","theMarked:Strike+1","theMarked:Defend+1","theMarked:Defend+1","theMarked:Defend+1","theMarked:Defend+1","theMarked:SoldierOfQuellstein+1","theMarked:TunnelVision+1","theMarked:ResourceFulStrike+1","theMarked:ContemptForTheProud","theMarked:EmpowerWeapon","theMarked:Electrify","theMarked:Opportunist+1","theMarked:EnhancedHearing+1","theMarked:ThrowWeapon+1","theMarked:RepellingDischarge+1","theMarked:CreepingChasm+1"],"relics":["theMarked:ArtifactOfAir","Shuriken","Kunai","Letter Opener","Velvet Choker","Lizard Tail","Tiny Chest"],"acts_visited":["Exordium","TheCity"],"potions_floor_usage":[],"damage_taken":[{"damage":3,"enemies":"Jaw Worm","floor":1,"turns":4},{"damage":0,"enemies":"Small Slimes","floor":3,"turns":2},{"damage":1,"enemies":"Cultist","floor":5,"turns":3},{"damage":12,"enemies":"3 Sentries","floor":7,"turns":6},{"damage":10,"enemies":"Looter","floor":8,"turns":2},{"damage":1,"enemies":"2 Fungi Beasts","floor":12,"turns":3},{"damage":10,"enemies":"Exordium Thugs","floor":13,"turns":2},{"damage":0,"enemies":"Large Slime","floor":14,"turns":4},{"damage":27,"enemies":"Hexaghost","floor":16,"turns":8},{"damage":17,"enemies":"2 Thieves","floor":18,"turns":4},{"damage":2,"enemies":"3 Byrds","floor":21,"turns":4},{"damage":18,"enemies":"Centurion and Healer","floor":22,"turns":4},{"damage":4,"enemies":"3 Cultists","floor":24,"turns":4},{"damage":29,"enemies":"Book of Stabbing","floor":25,"turns":4},{"damage":18,"enemies":"Sentry and Sphere","floor":28,"turns":4}],"seed_played":"5276590043176361233","potions_obtained":[{"floor":3,"key":"Dexterity Potion"},{"floor":5,"key":"theMarked:ChargePotion"},{"floor":8,"key":"BlessingOfTheForge"},{"floor":13,"key":"FairyPotion"},{"floor":28,"key":"BlessingOfTheForge"}],"is_trial":false,"path_per_floor":["M","?","M","?","M","R","E","M","T","$","R","M","M","M","R","B",null,"M","?","?","M","M","R","M","E","T","R","M","R","$","?"],"character_chosen":"THE_DEFAULT","items_purchased":[],"campfire_rested":1,"item_purchase_floors":[],"current_hp_per_floor":[74,62,62,47,46,46,34,24,24,24,24,23,13,13,36,9,77,60,60,60,58,40,40,36,7,7,7,13,13,13,13,13],"gold":558,"neow_bonus":"TEN_PERCENT_HP_BONUS","is_daily":false,"chose_seed":false,"campfire_upgraded":5,"win_rate":0.0,"timestamp":1608478493,"path_taken":["M","?","M","?","M","R","E","?","T","$","R","M","?","M","R","BOSS","M","?","?","M","M","R","M","E","T","R","?","R","$","?"],"items_purchased_type":[],"build_version":"2020-12-13","purchased_purges":0,"victory":false,"max_hp_per_floor":[77,77,77,77,77,77,77,77,77,77,77,77,77,77,77,77,77,77,77,77,77,77,77,77,77,77,77,77,77,77,77,77],"card_choices":[{"not_picked":["theMarked:WastefulAttack","theMarked:Parkour"],"picked":"theMarked:TunnelVision","floor":1},{"not_picked":["theMarked:TakeCover","theMarked:ElectricStrings"],"picked":"theMarked:ResourceFulStrike","floor":3},{"not_picked":["theMarked:Panic","theMarked:Seal"],"picked":"theMarked:ContemptForTheProud","floor":5},{"not_picked":["theMarked:Aftermath","theMarked:Parkour"],"picked":"theMarked:EmpowerWeapon","floor":7},{"not_picked":["theMarked:WardOff","theMarked:Aftermath"],"picked":"theMarked:Electrify","floor":8},{"not_picked":["theMarked:Convert","theMarked:Indomitable"],"picked":"theMarked:Opportunist","floor":12},{"not_picked":["theMarked:WardOff","theMarked:DeterminationOfTheMarked"],"picked":"theMarked:EnhancedHearing","floor":13},{"not_picked":["theMarked:HeightenedSenses","theMarked:DeterminationOfTheMarked","theMarked:ElectricStrings"],"picked":"SKIP","floor":14},{"not_picked":["theMarked:FavorableWinds","theMarked:Snap"],"picked":"theMarked:ThrowWeapon","floor":16},{"not_picked":["theMarked:ChainLightning+1","theMarked:SwordAndMagic"],"picked":"theMarked:RepellingDischarge+1","floor":18},{"not_picked":["theMarked:Panic+1","theMarked:DeterminationOfTheMarked"],"picked":"theMarked:CreepingChasm+1","floor":21},{"not_picked":["theMarked:Seal","theMarked:ElectricStrings","theMarked:WastefulAttack+1"],"picked":"SKIP","floor":22},{"not_picked":["theMarked:BanishingStrike","theMarked:RepellingDischarge","theMarked:KeepCalmAndFightOn"],"picked":"SKIP","floor":24},{"not_picked":["theMarked:ResourceFulStrike","theMarked:Frustration","theMarked:ChainLightning"],"picked":"SKIP","floor":25},{"not_picked":["theMarked:Aftermath","theMarked:Indomitable","theMarked:Improvise"],"picked":"SKIP","floor":28}],"player_experience":141519,"relics_obtained":[{"floor":7,"key":"Kunai"},{"floor":9,"key":"Letter Opener"},{"floor":25,"key":"Lizard Tail"},{"floor":26,"key":"Tiny Chest"}],"event_choices":[{"damage_healed":0,"gold_gain":0,"player_choice":"Success","damage_taken":12,"relics_obtained":["Shuriken"],"max_hp_gain":0,"max_hp_loss":0,"event_name":"Scrap Ooze","floor":2,"gold_loss":0},{"damage_healed":0,"gold_gain":0,"player_choice":"Entered Light","damage_taken":15,"max_hp_gain":0,"max_hp_loss":0,"event_name":"Shining Light","floor":4,"gold_loss":0,"cards_upgraded":["theMarked:Strike","theMarked:SoldierOfQuellstein"]},{"damage_healed":0,"gold_gain":0,"player_choice":"Simplicity","damage_taken":0,"max_hp_gain":0,"max_hp_loss":0,"event_name":"Back to Basics","floor":19,"gold_loss":0,"cards_upgraded":["theMarked:Strike","theMarked:Strike","theMarked:Strike","theMarked:Strike","theMarked:Defend","theMarked:Defend","theMarked:Defend","theMarked:Defend"]},{"damage_healed":0,"gold_gain":100,"player_choice":"Pray","damage_taken":0,"max_hp_gain":0,"max_hp_loss":0,"event_name":"Golden Shrine","floor":20,"gold_loss":0},{"damage_healed":0,"gold_gain":0,"player_choice":"Ignored","damage_taken":0,"max_hp_gain":0,"max_hp_loss":0,"event_name":"Ghosts","floor":31,"gold_loss":0}],"is_beta":false,"boss_relics":[{"not_picked":["Tiny House","Coffee Dripper"],"picked":"Velvet Choker"}],"items_purged_floors":[],"is_endless":false,"potions_floor_spawned":[3,5,8,13,14,24,25,28],"ascension_level":0}}