{"host":"qwttrqaysb380yri","time":1608481373,"event":{"mods":["BaseMod","Custom Start","Minty Spire (QoL Compilation)","Permanent Neow","Puzzle Mod","Relic Stats","StSLib","The Cursed","The Hierophant"],"gold_per_floor":[116,116,127,144,155,155,190,33,112,155,120,120,10,34,34,121,121,136,145,154,27,49,49,86,106,181,0,0,0],"floor_reached":28,"playtime":1075,"items_purged":["Decay"],"score":406,"play_id":"018a2944-5d30-45bf-83b3-9838ac976a58","local_time":"20201220172253","is_ascension_mode":true,"campfire_choices":[{"data":"Deadly Poison","floor":6,"key":"SMITH"},{"floor":12,"key":"REST"},{"data":"Calculated Gamble","floor":15,"key":"SMITH"},{"data":"Acrobatics","floor":23,"key":"SMITH"}],"circlet_count":0,"master_deck":["AscendersBane","Strike_G","Strike_G","Strike_G","Strike_G","Strike_G","Defend_G","Defend_G","Defend_G","Defend_G","Defend_G","Survivor","Neutralize","Finesse","Deadly Poison+1","Bane","Dagger Spray","Calculated Gamble+1","Sucker Punch","Poisoned Stab","Storm of Steel","Tactician","Slice","Poisoned Stab","Burst","Burst","Acrobatics+1","Escape Plan","Footwork"],"relics":["Ring of the Snake","Ginger","CeramicFish","ClockworkSouvenir","Kunai","PreservedInsect","Coffee Dripper","InkBottle"],"acts_visited":["Exordium","TheCity"],"potions_floor_usage":[7,10,16,16,22,24,25,28],"damage_taken":[{"damage":6,"enemies":"Small Slimes","floor":1,"turns":5},{"damage":2,"enemies":"Cultist","floor":3,"turns":5},{"damage":1,"enemies":"2 Louse","floor":4,"turns":3},{"damage":12,"enemies":"Lots of Slimes","floor":5,"turns":4},{"damage":15,"enemies":"Lagavulin","floor":7,"turns":6},{"damage":22,"enemies":"3 Sentries","floor":10,"turns":6},{"damage":8,"enemies":"Exordium Wildlife","floor":14,"turns":3},{"damage":11,"enemies":"Slime Boss","floor":16,"turns":12},{"damage":17,"enemies":"3 Byrds","floor":18,"turns":5},{"damage":22,"enemies":"2 Thieves","floor":22,"turns":3},{"damage":9,"enemies":"Gremlin Leader","floor":24,"turns":5},{"damage":10,"enemies":"Centurion and Healer","floor":25,"turns":7},{"damage":0,"enemies":"Sentry and Sphere","floor":28,"turns":5}],"seed_played":"7179709871982900676","potions_obtained":[{"floor":4,"key":"SmokeBomb"},{"floor":5,"key":"Block Potion"},{"floor":7,"key":"Energy Potion"},{"floor":10,"key":"SpeedPotion"},{"floor":14,"key":"DistilledChaos"},{"floor":16,"key":"DuplicationPotion"},{"floor":24,"key":"Explosive Potion"},{"floor":25,"key":"Dexterity Potion"}],"is_trial":false,"path_per_floor":["M","?","M","M","M","R","E","$","T","E","?","R","$","M","R","B",null,"M","?","?","$","M","R","E","M","T","?","M"],"character_chosen":"THE_SILENT","items_purchased":["ClockworkSouvenir","Poisoned Stab","Tactician","Slice","ColorlessPotion"],"campfire_rested":1,"item_purchase_floors":[8,8,13,13,21],"current_hp_per_floor":[57,57,55,54,42,42,27,27,27,5,22,43,43,35,35,24,59,42,42,42,42,20,20,11,1,1,1,1,1],"gold":0,"neow_bonus":"RANDOM_COLORLESS","is_daily":false,"chose_seed":false,"campfire_upgraded":3,"win_rate":0.0,"timestamp":1608481373,"path_taken":["M","?","?","M","M","R","E","$","T","E","?","R","$","M","R","BOSS","M","?","?","$","M","R","E","?","T","?","M"],"items_purchased_type":["Relic","Card","Card","Card","Potion"],"build_version":"2020-12-13","purchased_purges":1,"victory":false,"max_hp_per_floor":[70,70,70,70,70,70,70,70,70,70,70,70,70,70,70,70,70,70,70,70,70,70,70,70,70,70,70,70,70],"relic_stats":{"counters":[13,69],"CeramicFish":108,"PreservedInsect":44,"Ginger":[8],"Kunai":[27],"obtain_stats":[{"CeramicFish":7,"PreservedInsect":10,"Coffee Dripper":17,"Ginger":2,"Kunai":9,"InkBottle":26,"Ring of the Snake":0,"ClockworkSouvenir":8},{"CeramicFish":5,"PreservedInsect":6,"Coffee Dripper":8,"Ginger":1,"Kunai":5,"InkBottle":12,"Ring of the Snake":0,"ClockworkSouvenir":5},{"CeramicFish":23,"PreservedInsect":29,"Coffee Dripper":44,"Ginger":5,"Kunai":23,"InkBottle":64,"Ring of the Snake":0,"ClockworkSouvenir":23}],"InkBottle":[3],"Ring of the Snake":[26]},"card_choices":[{"not_picked":["Good Instincts","Blind"],"picked":"Finesse","floor":0},{"not_picked":["PiercingWail","Flechettes"],"picked":"Deadly Poison","floor":1},{"not_picked":["Choke","Dagger Throw"],"picked":"Bane","floor":3},{"not_picked":["Flying Knee","Poisoned Stab"],"picked":"Dagger Spray","floor":4},{"not_picked":["Acrobatics","Masterful Stab"],"picked":"Calculated Gamble","floor":5},{"not_picked":["Reflex","Dagger Throw"],"picked":"Sucker Punch","floor":7},{"not_picked":["Blur","Cloak And Dagger"],"picked":"Storm of Steel","floor":10},{"not_picked":["Backflip","Quick Slash"],"picked":"Poisoned Stab","floor":14},{"not_picked":["Corpse Explosion","Wraith Form v2"],"picked":"Burst","floor":16},{"not_picked":["Sucker Punch","Slice","Cloak And Dagger"],"picked":"SKIP","floor":18},{"not_picked":["Dodge and Roll","Crippling Poison"],"picked":"Acrobatics","floor":22},{"not_picked":["Endless Agony","Caltrops"],"picked":"Escape Plan","floor":24},{"not_picked":["Flying Knee","Dagger Spray"],"picked":"Footwork","floor":25}],"player_experience":1905788,"relics_obtained":[{"floor":2,"key":"Ginger"},{"floor":7,"key":"CeramicFish"},{"floor":9,"key":"Kunai"},{"floor":10,"key":"PreservedInsect"},{"floor":26,"key":"InkBottle"}],"event_choices":[{"damage_healed":0,"gold_gain":0,"player_choice":"Relic","damage_taken":0,"max_hp_gain":0,"max_hp_loss":0,"event_name":"Wheel of Change","floor":2,"gold_loss":0},{"damage_healed":17,"gold_gain":0,"player_choice":"Healed","damage_taken":0,"max_hp_gain":0,"max_hp_loss":0,"event_name":"The Cleric","floor":11,"gold_loss":35},{"damage_healed":0,"gold_gain":0,"player_choice":"Smashed Altar","damage_taken":0,"max_hp_gain":0,"max_hp_loss":0,"event_name":"Forgotten Altar","floor":19,"gold_loss":0,"cards_obtained":["Decay"]},{"damage_healed":0,"gold_gain":0,"player_choice":"1 cards matched","damage_taken":0,"max_hp_gain":0,"max_hp_loss":0,"event_name":"Match and Keep!","floor":20,"gold_loss":0,"cards_obtained":["Burst"]},{"damage_healed":0,"gold_gain":0,"player_choice":"Paid Fearfully","damage_taken":0,"max_hp_gain":0,"max_hp_loss":0,"event_name":"Masked Bandits","floor":27,"gold_loss":181}],"is_beta":false,"boss_relics":[{"not_picked":["Runic Dome","Busted Crown"],"picked":"Coffee Dripper"}],"items_purged_floors":[21],"is_endless":false,"potions_floor_spawned":[4,5,7,10,14,16,24,25],"killed_by":"Sentry and Sphere","ascension_level":13}}