{"host":"bxn2em57qlx5u4i0","time":1608482857,"event":{"mods":["BaseMod","Colored Map","Colored Powertips","Highlight Path","Minty Spire (QoL Compilation)","Random Character Button","Relic Sorter","Relic Stats","StSLib","SuperFastMode"],"gold_per_floor":[109,109,74,86,161,190,190,190,190],"floor_reached":8,"playtime":80,"items_purged":[],"score":158,"play_id":"4a06411e-e6e9-4eb0-8da5-f9884f900689","local_time":"20201220114737","is_ascension_mode":true,"campfire_choices":[],"circlet_count":0,"master_deck":["AscendersBane","Strike_G","Strike_G","Strike_G","Strike_G","Strike_G","Defend_G","Defend_G","Defend_G","Defend_G","Defend_G","Survivor","Neutralize","Flying Knee","Dagger Spray","Backflip","Pain"],"relics":["Ring of the Snake","NeowsBlessing","Prayer Wheel","Boot","WarpedTongs"],"acts_visited":["Exordium"],"potions_floor_usage":[],"damage_taken":[{"damage":0,"enemies":"Cultist","floor":1,"turns":1},{"damage":0,"enemies":"Small Slimes","floor":4,"turns":1},{"damage":0,"enemies":"Gremlin Nob","floor":6,"turns":1},{"damage":20,"enemies":"3 Sentries","floor":8,"turns":4}],"seed_played":"5002727825825790584","potions_obtained":[],"is_trial":false,"path_per_floor":["M","?","?","M","?","E","?","E"],"character_chosen":"THE_SILENT","items_purchased":[],"campfire_rested":0,"item_purchase_floors":[],"current_hp_per_floor":[59,14,30,30,19,19,19,0,0],"gold":190,"neow_bonus":"THREE_ENEMY_KILL","is_daily":false,"chose_seed":false,"campfire_upgraded":0,"win_rate":0.0,"timestamp":1608482857,"path_taken":["M","?","?","M","?","E","?","E"],"items_purchased_type":[],"build_version":"2020-12-13","purchased_purges":0,"victory":false,"max_hp_per_floor":[66,66,66,66,66,66,66,66,66],"relic_stats":{"counters":[4,7],"Prayer Wheel":1,"Boot":[10],"obtain_stats":[{"NeowsBlessing":0,"Prayer Wheel":2,"Boot":6,"Ring of the Snake":0,"WarpedTongs":7},{"NeowsBlessing":0,"Prayer Wheel":1,"Boot":3,"Ring of the Snake":0,"WarpedTongs":3},{"NeowsBlessing":0,"Prayer Wheel":1,"Boot":3,"Ring of the Snake":0,"WarpedTongs":3}],"Ring of the Snake":[8],"WarpedTongs":[4]},"card_choices":[{"not_picked":["Dodge and Roll","Tactician"],"picked":"Flying Knee","floor":1},{"not_picked":["Bullet Time","Flying Knee"],"picked":"Dagger Spray","floor":4},{"not_picked":["Dodge and Roll","Expertise","Outmaneuver"],"picked":"SKIP","floor":4},{"not_picked":["Tactician","Flechettes"],"picked":"Backflip","floor":6}],"player_experience":2826630,"relics_obtained":[{"floor":6,"key":"Boot"}],"event_choices":[{"damage_healed":0,"gold_gain":0,"player_choice":"Success","damage_taken":45,"relics_obtained":["Prayer Wheel"],"max_hp_gain":0,"max_hp_loss":0,"event_name":"Scrap Ooze","floor":2,"gold_loss":0},{"damage_healed":16,"gold_gain":0,"player_choice":"Healed","damage_taken":0,"max_hp_gain":0,"max_hp_loss":0,"event_name":"The Cleric","floor":3,"gold_loss":35},{"damage_healed":0,"gold_gain":75,"player_choice":"Gather Gold","damage_taken":11,"max_hp_gain":0,"max_hp_loss":0,"event_name":"World of Goop","floor":5,"gold_loss":0},{"damage_healed":0,"gold_gain":0,"player_choice":"Rummage","damage_taken":0,"relics_obtained":["WarpedTongs"],"max_hp_gain":0,"max_hp_loss":0,"event_name":"Accursed Blacksmith","floor":7,"gold_loss":0,"cards_obtained":["Pain"]}],"is_beta":false,"boss_relics":[],"items_purged_floors":[],"is_endless":false,"potions_floor_spawned":[],"killed_by":"3 Sentries","ascension_level":20}}