{"host":"k6v1xkuzrj71f4ss","time":1608446082,"event":{"mods":["Act Like it!","BaseMod","Bestiary","BetterRewards","Block Reminder","Colored Map","Colored Powertips","Curses Come First","Hubris","Minty Spire (QoL Compilation)","Quick Restart","Relic Stats","Remove Card Discount Mod","Spicy Shops","StSLib","óô»ðÖ¸ÄÏ"],"gold_per_floor":[111,4032,3997,3957,3969,3969,3999,4017,4017,3501,3513,3513,3524,3541,3541,3640,3640,3654,3139,3139,3153,3167,3167,3167,3202,3226,3297,2997,3023,3042,3042,3042,3137,3137,3150,3164,3218,3218,3236,3266,3266,3291,3291,3325,3341,3369,2436,2451,2451,2451],"floor_reached":51,"playtime":3763,"items_purged":["Strike_R","Strike_R","Defend_R","Strike_R","Strike_R","Defend_R","Strike_R","Sword Boomerang"],"score":1058,"play_id":"5f5b1b0a-127d-44dd-96cc-3f8a0a4b43f3","local_time":"20201220143442","is_ascension_mode":true,"campfire_choices":[{"data":"Flex","floor":6.0,"key":"SMITH"},{"data":"Double Tap","floor":12,"key":"SMITH"},{"data":"Trip","floor":15,"key":"SMITH"},{"data":"Berserk","floor":23,"key":"SMITH"},{"data":"Armaments","floor":32,"key":"SMITH"},{"data":"Limit Break","floor":41,"key":"SMITH"},{"data":"Limit Break","floor":49,"key":"SMITH"}],"circlet_count":0,"master_deck":["Thunderclap","Defend_R","Defend_R","Bash","Bloodletting","Pummel+1","Twin Strike","Flex+1","Iron Wave","Double Tap+1","Pummel","Armaments+1","Heavy Blade","Berserk+1","Infernal Blade+1","Hemokinesis","Rampage","Intimidate","Limit Break+1","Inflame","Limit Break+1","Power Through+1","Anger+1","Dropkick+1","hubris:DuctTapeCard","Trip"],"relics":["Burning Blood","Whetstone","Pantograph","Strawberry","Strange Spoon","hubris:EmptyBottle","Ancient Tea Set","MealTicket","Sling","Pen Nib","Coffee Dripper","hubris:Potato","Omamori","Dream Catcher","hubris:IronBody","Toy Ornithopter","Regal Pillow","hubris:Metronome","Lee\u0027s Waffle","Nunchaku","hubris:TinFlute","Sozu","CaptainsWheel","hubris:Towel","Bag of Marbles","Vajra","Letter Opener","Blood Vial","Bottled Lightning","Kunai","Oddly Smooth Stone","hubris:DuctTape"],"acts_visited":["Exordium","TheCity","TheBeyond"],"potions_floor_usage":[16,16,16,16,25,25,37,37,47,47,50,50],"damage_taken":[{"damage":12.0,"enemies":"Jaw Worm","floor":1.0,"turns":2.0},{"damage":0.0,"enemies":"2 Louse","floor":5.0,"turns":1.0},{"damage":20,"enemies":"Lagavulin","floor":7,"turns":3},{"damage":0,"enemies":"Cultist","floor":8,"turns":1},{"damage":0,"enemies":"Looter","floor":11,"turns":1},{"damage":0,"enemies":"Lots of Slimes","floor":13,"turns":1},{"damage":12,"enemies":"Exordium Thugs","floor":14,"turns":3},{"damage":3,"enemies":"Hexaghost","floor":16,"turns":2},{"damage":6,"enemies":"2 Thieves","floor":18,"turns":2},{"damage":8,"enemies":"3 Byrds","floor":21,"turns":3},{"damage":7,"enemies":"Cultist and Chosen","floor":22,"turns":2},{"damage":11,"enemies":"Gremlin Leader","floor":25,"turns":3},{"damage":6,"enemies":"Slavers","floor":29,"turns":2},{"damage":0,"enemies":"Snake Plant","floor":30,"turns":1},{"damage":59,"enemies":"Automaton","floor":33,"turns":7},{"damage":11,"enemies":"Orb Walker","floor":35,"turns":2},{"damage":0,"enemies":"3 Shapes","floor":36,"turns":1},{"damage":33,"enemies":"2 Orb Walkers","floor":37,"turns":5},{"damage":0,"enemies":"Transient","floor":39,"turns":5},{"damage":35,"enemies":"Nemesis","floor":40,"turns":5},{"damage":1,"enemies":"Giant Head","floor":42,"turns":4},{"damage":37,"enemies":"Nemesis","floor":44,"turns":3},{"damage":14,"enemies":"Spire Growth","floor":45,"turns":3},{"damage":0,"enemies":"Giant Head","floor":46,"turns":4},{"damage":0,"enemies":"4 Shapes","floor":48,"turns":1},{"damage":16,"enemies":"hubris:GrandSnecko","floor":50,"turns":8}],"seed_played":"2741389579544287668","potions_obtained":[{"floor":4.0,"key":"BloodPotion"},{"floor":4.0,"key":"DistilledChaos"},{"floor":4.0,"key":"LiquidBronze"},{"floor":16,"key":"Fruit Juice"},{"floor":18,"key":"Dexterity Potion"},{"floor":33,"key":"EssenceOfSteel"}],"is_trial":false,"path_per_floor":["M","$","?","?","M","R","E","M","T","$","M","R","M","M","R","B",null,"M","$","?","M","M","R","T","E","T","T","$","E","M","?","R","B",null,"M","M","?","?","M","E","R","E","T","E","M","E","$","M","R","B",null],"character_chosen":"IRONCLAD","items_purchased":["Pummel","Twin Strike","Whetstone","Pantograph","Strawberry","Strange Spoon","hubris:EmptyBottle","Trip","Sling","Pen Nib","Pummel","Armaments","hubris:Potato","Omamori","Hemokinesis","Lee\u0027s Waffle","Nunchaku","Kunai","Oddly Smooth Stone","hubris:DuctTape","Trip"],"campfire_rested":0,"item_purchase_floors":[2,2,2,2,2,2,2,10,10,10,10,10,19,19,19,28,28,47,47,47,47],"current_hp_per_floor":[74,81,87,87,87,87,73,79,79,87,87,87,87,81,81,97,97,97,97,97,95,94,94,94,89,89,89,104,104,104,104,104,51,104,99,104,87,87,93,64,64,69,69,38,32,40,104,104,104,104],"gold":2451,"neow_bonus":"RANDOM_COLORLESS","is_daily":false,"chose_seed":false,"campfire_upgraded":7,"win_rate":0.0,"timestamp":1608446082,"path_taken":["M","$","?","?","M","R","E","M","T","$","M","R","?","M","R","BOSS","M","$","?","M","?","R","?","E","T","?","$","E","M","?","R","BOSS","M","M","?","?","M","E","R","E","T","E","M","E","$","M","R","BOSS"],"items_purchased_type":["Card","Card","Relic","Relic","Relic","Relic","Relic","Card","Relic","Relic","Card","Card","Relic","Relic","Card","Relic","Relic","Relic","Relic","Relic","Card"],"build_version":"2020-12-13","purchased_purges":8,"victory":true,"max_hp_per_floor":[80,87,87,87,87,87,87,87,87,87,87,87,87,87,87,97,97,97,97,97,97,97,97,97,97,97,97,104,104,104,104,104,104,104,104,104,104,104,104,104,104,104,104,104,104,104,104,104,104,104],"relic_stats":{"Regal Pillow":0,"Lee\u0027s Waffle":7,"counters":[26,75],"Pen Nib":[18],"Whetstone":["Pummel","Dramatic Entrance"],"Letter Opener":[11],"Burning Blood":122,"Sozu":6,"Blood Vial":4,"Strange Spoon":[31],"Dream Catcher":0,"Nunchaku":[13],"Pantograph":6,"MealTicket":31,"Kunai":[4],"obtain_stats":[{"Regal Pillow":26,"hubris:Metronome":27,"Vajra":42,"Whetstone":2,"hubris:EmptyBottle":2,"Ancient Tea Set":7,"Sling":10,"Burning Blood":0,"Sozu":34,"Blood Vial":44,"Dream Catcher":20,"Nunchaku":28,"Pantograph":2,"Strawberry":2,"MealTicket":9,"hubris:IronBody":24,"Kunai":47,"hubris:TinFlute":29,"Lee\u0027s Waffle":28,"hubris:DuctTape":47,"Oddly Smooth Stone":47,"Pen Nib":10,"Omamori":19,"Letter Opener":43,"hubris:Towel":38,"Strange Spoon":2,"CaptainsWheel":37,"Coffee Dripper":17,"Bag of Marbles":40,"Bottled Lightning":46,"hubris:Potato":19,"Toy Ornithopter":25},{"Regal Pillow":12,"hubris:Metronome":12,"Vajra":21,"Whetstone":1,"hubris:EmptyBottle":1,"Ancient Tea Set":3,"Sling":4,"Burning Blood":0,"Sozu":15,"Blood Vial":22,"Dream Catcher":9,"Nunchaku":12,"Pantograph":1,"Strawberry":1,"MealTicket":4,"hubris:IronBody":11,"Kunai":24,"hubris:TinFlute":13,"Lee\u0027s Waffle":12,"hubris:DuctTape":24,"Oddly Smooth Stone":24,"Pen Nib":4,"Omamori":9,"Letter Opener":21,"hubris:Towel":18,"Strange Spoon":1,"CaptainsWheel":18,"Coffee Dripper":8,"Bag of Marbles":20,"Bottled Lightning":24,"hubris:Potato":9,"Toy Ornithopter":12},{"Regal Pillow":24,"hubris:Metronome":24,"Vajra":56,"Whetstone":2,"hubris:EmptyBottle":2,"Ancient Tea Set":6,"Sling":7,"Burning Blood":0,"Sozu":34,"Blood Vial":59,"Dream Catcher":16,"Nunchaku":24,"Pantograph":2,"Strawberry":2,"MealTicket":7,"hubris:IronBody":21,"Kunai":66,"hubris:TinFlute":26,"Lee\u0027s Waffle":24,"hubris:DuctTape":66,"Oddly Smooth Stone":66,"Pen Nib":7,"Omamori":16,"Letter Opener":56,"hubris:Towel":42,"Strange Spoon":2,"CaptainsWheel":42,"Coffee Dripper":14,"Bag of Marbles":52,"Bottled Lightning":66,"hubris:Potato":16,"Toy Ornithopter":24}],"Toy Ornithopter":29},"card_choices":[{"not_picked":["Madness","Trip"],"picked":"Dramatic Entrance","floor":0.0},{"not_picked":["Evolve","Armaments"],"picked":"Bloodletting","floor":1.0},{"not_picked":["Iron Wave","Warcry"],"picked":"Flex","floor":5.0},{"not_picked":["hubris:ReadiedAction","Warcry"],"picked":"Iron Wave","floor":7},{"not_picked":["Armaments","Thunderclap"],"picked":"Double Tap","floor":8},{"not_picked":["True Grit","Fire Breathing","Flex"],"picked":"SKIP","floor":11},{"not_picked":["Combust","Power Through"],"picked":"Sword Boomerang","floor":13},{"not_picked":["Spot Weakness","Fire Breathing"],"picked":"Heavy Blade","floor":14},{"not_picked":["Juggernaut","Demon Form"],"picked":"Berserk","floor":16},{"not_picked":["Flex","Clash"],"picked":"Infernal Blade+1","floor":18},{"not_picked":["Flex","Body Slam","Disarm"],"picked":"SKIP","floor":21},{"not_picked":["Cleave","Body Slam","Pommel Strike"],"picked":"SKIP","floor":22},{"not_picked":["Shockwave","Clothesline"],"picked":"Rampage","floor":25},{"not_picked":["Fiend Fire","Disarm"],"picked":"Intimidate","floor":29},{"not_picked":["Flame Barrier","Clash","Reckless Charge"],"picked":"SKIP","floor":30},{"not_picked":["Demon Form","Brutality"],"picked":"Limit Break","floor":33},{"not_picked":["Combust+1","Pummel","Thunderclap"],"picked":"SKIP","floor":35},{"not_picked":["Wild Strike","Headbutt"],"picked":"Inflame","floor":36},{"not_picked":["Warcry","Feel No Pain","Twin Strike+1"],"picked":"SKIP","floor":39},{"not_picked":["hubris:ReadiedAction","Havoc","Shockwave+1"],"picked":"SKIP","floor":40},{"not_picked":["Sentinel","Second Wind+1"],"picked":"Limit Break","floor":42},{"not_picked":["Searing Blow+1","Twin Strike"],"picked":"Power Through+1","floor":44},{"not_picked":["Entrench","Pommel Strike"],"picked":"Anger+1","floor":45},{"not_picked":["Uppercut","Shrug It Off"],"picked":"Dropkick+1","floor":46},{"not_picked":["Second Wind+1","Twin Strike","Hemokinesis"],"picked":"SKIP","floor":48}],"player_experience":130646,"relics_obtained":[{"floor":7,"key":"Ancient Tea Set"},{"floor":9,"key":"MealTicket"},{"floor":20,"key":"Dream Catcher"},{"floor":24,"key":"hubris:IronBody"},{"floor":25,"key":"Toy Ornithopter"},{"floor":26,"key":"Regal Pillow"},{"floor":27,"key":"hubris:Metronome"},{"floor":29,"key":"hubris:TinFlute"},{"floor":37,"key":"CaptainsWheel"},{"floor":40,"key":"Bag of Marbles"},{"floor":42,"key":"Vajra"},{"floor":43,"key":"Letter Opener"},{"floor":44,"key":"Blood Vial"},{"floor":46,"key":"Bottled Lightning"}],"event_choices":[{"damage_healed":21.0,"max_hp_gain":0.0,"max_hp_loss":0.0,"gold_gain":0.0,"event_name":"The Cleric","player_choice":"Healed","floor":3.0,"gold_loss":35.0,"damage_taken":0.0},{"damage_healed":0.0,"max_hp_gain":0.0,"max_hp_loss":0.0,"gold_gain":0.0,"event_name":"The Woman in Blue","player_choice":"Bought 3 Potions","floor":4.0,"gold_loss":0.0,"damage_taken":0.0},{"damage_healed":0,"gold_gain":0,"player_choice":"Relic","damage_taken":0,"max_hp_gain":0,"max_hp_loss":0,"event_name":"Wheel of Change","floor":20,"gold_loss":0},{"damage_healed":0,"gold_gain":0,"player_choice":"Ignored","damage_taken":0,"max_hp_gain":0,"max_hp_loss":0,"event_name":"Golden Shrine","floor":31,"gold_loss":0},{"damage_healed":0,"gold_gain":0,"player_choice":"Fight","damage_taken":0,"max_hp_gain":0,"max_hp_loss":0,"event_name":"Mysterious Sphere","floor":37,"gold_loss":0}],"is_beta":false,"boss_relics":[{"not_picked":["Cursed Key","Astrolabe"],"picked":"Coffee Dripper"},{"not_picked":["hubris:Stopwatch","Velvet Choker"],"picked":"Sozu"}],"items_purged_floors":[2,2,2,2,10,10,19,28],"is_endless":false,"potions_floor_spawned":[7,13,14,16,18,21,33,36,37,40,45,46,48],"ascension_level":3}}