{"host":"ssbj2e5691x5ub3h","time":1608432375,"event":{"mods":["BaseMod","Duelist Mod","Minty Spire (QoL Compilation)","StSLib"],"gold_per_floor":[137,150,150,150,170,197,197,217,217,234,78,78,98,124,124,223,223,237,256,181,194,205,205,223,278,278,278,292,310,11,26,26,124,124,135,152,163,174,194,223,223,239,239,239,249,96,96,96,96,96],"floor_reached":51,"playtime":3728,"items_purged":["theDuelist:CurseAnubis"],"score":717,"play_id":"9609bc27-9efc-4e3a-957a-47aba9121076","local_time":"20201220004615","is_ascension_mode":false,"campfire_choices":[{"data":"theDuelist:NaturiaDragonfly","floor":7,"key":"SMITH"},{"data":"theDuelist:NaturiaVein","floor":12,"key":"SMITH"},{"data":"theDuelist:NaturiaMarron","floor":15,"key":"SMITH"},{"data":"theDuelist:CastleWalls","floor":23,"key":"PURGE"},{"data":"Parasite","floor":27,"key":"PURGE"},{"floor":32,"key":"REST"},{"floor":41,"key":"REST"},{"floor":44,"key":"REST"},{"floor":49,"key":"REST"}],"circlet_count":0,"master_deck":["theDuelist:CastleWalls","theDuelist:CastleWalls","theDuelist:NaturiaBeast","theDuelist:NaturiaCliff","theDuelist:NaturiaRock","theDuelist:NaturiaTulip","theDuelist:Sparks","theDuelist:Sparks","theDuelist:Sparks","theDuelist:NaturiaDragonfly+1","theDuelist:HaneHane","theDuelist:NaturiaBarkion","theDuelist:SurvivalInstinct","theDuelist:NaturiaVein+1","theDuelist:SummoningSwarm","theDuelist:NaturiaMarron+1","theDuelist:NaturiaLeodrake","theDuelist:NaturiaForest","theDuelist:NaturiaSacredTree","theDuelist:NaturiaRagweed","theDuelist:NaturiaSunflower","theDuelist:NaturiaGaiastrio","theDuelist:NaturalDisaster+1","theDuelist:NaturiaSacredTree+1","theDuelist:HuntingInstinct+1","theDuelist:ConvulsionNature","theDuelist:Fissure","theDuelist:NatureReflection+1","theDuelist:AcidTrapHole+1","theDuelist:NaturiaCherries+1","theDuelist:NaturiaBarkion"],"relics":["theDuelist:MillenniumPuzzle","theDuelist:CardPoolRelic","theDuelist:CardPoolBasicRelic","theDuelist:BoosterPackPoolRelic","theDuelist:CardPoolAddRelic","theDuelist:CardPoolMinusRelic","theDuelist:CardPoolSaveRelic","theDuelist:CardPoolOptionsRelic","theDuelist:MillenniumArmor","Pocketwatch","Peace Pipe","Bag of Preparation","StoneCalendar","Cursed Key","theDuelist:BoosterPackTrapEgg","theDuelist:SummonAnchor","Incense Burner","SlaversCollar","Bottled Lightning","Pen Nib"],"acts_visited":["Exordium","TheCity","TheBeyond"],"potions_floor_usage":[16,16,25,25,29,33,33,50],"damage_taken":[{"damage":0,"enemies":"Small Slimes","floor":1,"turns":4},{"damage":0,"enemies":"2 Louse","floor":2,"turns":3},{"damage":0,"enemies":"Cultist","floor":5,"turns":5},{"damage":0,"enemies":"3 Sentries","floor":6,"turns":5},{"damage":0,"enemies":"Looter","floor":8,"turns":3},{"damage":0,"enemies":"Large Slime","floor":10,"turns":6},{"damage":0,"enemies":"Blue Slaver","floor":13,"turns":4},{"damage":7,"enemies":"Lagavulin","floor":14,"turns":6},{"damage":20,"enemies":"Hexaghost","floor":16,"turns":7},{"damage":4,"enemies":"Spheric Guardian","floor":18,"turns":5},{"damage":7,"enemies":"2 Thieves","floor":19,"turns":4},{"damage":0,"enemies":"Snecko","floor":21,"turns":5},{"damage":13,"enemies":"Centurion and Healer","floor":22,"turns":6},{"damage":0,"enemies":"Cultist and Chosen","floor":24,"turns":4},{"damage":6,"enemies":"Gremlin Leader","floor":25,"turns":6},{"damage":0,"enemies":"Sentry and Sphere","floor":28,"turns":5},{"damage":4,"enemies":"Centurion and Healer","floor":29,"turns":5},{"damage":5,"enemies":"Snecko","floor":31,"turns":5},{"damage":30,"enemies":"Collector","floor":33,"turns":8},{"damage":0,"enemies":"Orb Walker","floor":35,"turns":4},{"damage":29,"enemies":"3 Darklings","floor":36,"turns":5},{"damage":0,"enemies":"Jaw Worm Horde","floor":37,"turns":5},{"damage":8,"enemies":"Maw","floor":38,"turns":7},{"damage":28,"enemies":"Sphere and 2 Shapes","floor":39,"turns":6},{"damage":0,"enemies":"Reptomancer","floor":40,"turns":5},{"damage":14,"enemies":"4 Shapes","floor":42,"turns":5},{"damage":13,"enemies":"Transient","floor":45,"turns":5},{"damage":64,"enemies":"Awakened One","floor":50,"turns":11}],"seed_played":"-7037329175615317173","potions_obtained":[{"floor":2,"key":"theDuelist:BurningPotion"},{"floor":8,"key":"FearPotion"},{"floor":10,"key":"FearPotion"},{"floor":13,"key":"theDuelist:TokenPotion"},{"floor":16,"key":"theDuelist:WhiteBottle"},{"floor":18,"key":"ColorlessPotion"},{"floor":28,"key":"Fire Potion"},{"floor":29,"key":"DistilledChaos"},{"floor":31,"key":"CultistPotion"},{"floor":37,"key":"theDuelist:SealedPackC"},{"floor":45,"key":"theDuelist:TokenPotion"}],"is_trial":false,"path_per_floor":["M","M","?","?","M","E","R","M","T","M","$","R","M","E","R","B",null,"M","M","$","M","M","R","M","E","T","R","M","M","$","M","R","B",null,"M","M","M","M","M","E","R","M","T","R","M","$","?","?","R","B",null],"character_chosen":"THE_DUELIST","items_purchased":["Bag of Preparation","Incense Burner","Pen Nib"],"campfire_rested":4,"item_purchase_floors":[11,30,46],"current_hp_per_floor":[88,88,88,88,88,88,88,88,88,88,88,88,88,81,81,61,88,84,77,77,77,64,64,64,58,58,58,58,54,54,49,74,44,85,85,56,56,48,20,20,45,31,31,56,43,43,43,43,68,4],"gold":96,"neow_bonus":"TEN_PERCENT_HP_BONUS","is_daily":false,"chose_seed":false,"campfire_upgraded":3,"win_rate":0.0,"timestamp":1608432375,"path_taken":["M","M","?","?","M","E","R","M","T","M","$","R","M","E","R","BOSS","M","?","$","M","M","R","M","E","T","R","M","M","$","M","R","BOSS","M","M","M","M","M","E","R","M","T","R","M","$","?","?","R","BOSS"],"items_purchased_type":["Relic","Relic","Relic"],"build_version":"2020-12-13","purchased_purges":1,"victory":true,"max_hp_per_floor":[88,88,88,88,88,88,88,88,88,88,88,88,88,88,88,88,88,88,88,88,88,88,88,88,88,88,85,85,85,85,85,85,85,85,85,85,85,85,85,85,85,85,85,85,85,85,85,85,85,85],"card_choices":[{"not_picked":["theDuelist:NaturiaTulip","theDuelist:NaturiaRosewhip","theDuelist:NaturiaMarron","theDuelist:NaturiaLandoise"],"picked":"theDuelist:NaturiaDragonfly","floor":1},{"not_picked":["theDuelist:BigFire","theDuelist:DarkCreator","theDuelist:ReleaseFromStone","theDuelist:Fissure"],"picked":"theDuelist:HaneHane","floor":2},{"not_picked":["theDuelist:NaturiaParadizo","theDuelist:HuntingInstinct"],"picked":"theDuelist:NaturiaBarkion","floor":5},{"not_picked":["theDuelist:NaturiaEggplant","theDuelist:NaturiaCliff","theDuelist:FuryFire","theDuelist:NaturiaLandoise"],"picked":"theDuelist:SurvivalInstinct","floor":6},{"not_picked":["theDuelist:DemiseLand","theDuelist:SeismicShockwave","theDuelist:ClosedForest","theDuelist:MultiplicationOfAnts"],"picked":"theDuelist:NaturiaVein","floor":8},{"not_picked":["theDuelist:NaturiaEggplant","theDuelist:NaturiaTulip","theDuelist:NaturiaCliff","theDuelist:NaturiaMarron"],"picked":"theDuelist:SummoningSwarm","floor":10},{"not_picked":["theDuelist:NaturiaHydrangea","theDuelist:NaturiaEggplant","theDuelist:Spore","theDuelist:NaturiaMantis"],"picked":"theDuelist:NaturiaMarron","floor":13},{"not_picked":["theDuelist:NatureReflection","theDuelist:LeodrakeMane","theDuelist:LairWire"],"picked":"theDuelist:NaturiaLeodrake","floor":14},{"not_picked":["theDuelist:SeismicShockwave","theDuelist:Wildfire","theDuelist:HeartUnderdog","theDuelist:NaturiaHorneedle"],"picked":"theDuelist:NaturiaForest","floor":16},{"not_picked":["theDuelist:NaturiaLeodrake","theDuelist:LeodrakeMane","theDuelist:Anteater+1"],"picked":"theDuelist:NaturiaSacredTree","floor":18},{"not_picked":["theDuelist:NaturiaCliff","theDuelist:Spore","theDuelist:NaturiaMantis","theDuelist:BrainCrusher"],"picked":"theDuelist:NaturiaRagweed","floor":19},{"not_picked":["theDuelist:GraniteLoyalist","theDuelist:PowerWall","theDuelist:WingedKuriboh","theDuelist:RedMedicine","theDuelist:SphereKuriboh"],"picked":"SKIP","floor":21},{"not_picked":["theDuelist:NaturiaCliff","theDuelist:NaturiaStinkbug","theDuelist:NaturiaHydrangea","theDuelist:SangaEarth"],"picked":"theDuelist:NaturiaSunflower","floor":22},{"not_picked":["theDuelist:NaturiaBeetle","theDuelist:BrainCrusher+1"],"picked":"theDuelist:NaturiaGaiastrio","floor":24},{"not_picked":["theDuelist:NaturiaCliff","theDuelist:NaturiaRagweed","theDuelist:SangaEarth","theDuelist:NaturiaGaiastrio"],"picked":"theDuelist:NaturalDisaster+1","floor":25},{"not_picked":["theDuelist:NaturiaHydrangea","theDuelist:NaturiaEggplant","theDuelist:NaturiaDragonfly+1","theDuelist:NaturiaCliff","theDuelist:SangaEarth"],"picked":"SKIP","floor":28},{"not_picked":["theDuelist:NatureReflection+1","theDuelist:NaturalDisaster+1","theDuelist:LairWire+1","theDuelist:Canyon+1"],"picked":"theDuelist:NaturiaSacredTree+1","floor":29},{"not_picked":["theDuelist:NaturiaHydrangea","theDuelist:NaturiaCliff","theDuelist:NaturiaSunflower+1","theDuelist:NaturiaAntjaw","theDuelist:NaturiaLadybug"],"picked":"SKIP","floor":31},{"not_picked":["theDuelist:NaturiaForest","theDuelist:NaturiaVein+1","theDuelist:Canyon+1","theDuelist:MultiplicationOfAnts"],"picked":"theDuelist:HuntingInstinct+1","floor":33},{"not_picked":["theDuelist:NaturiaEggplant","theDuelist:NaturiaRagweed+1","theDuelist:NaturiaStinkbug","theDuelist:LonefireBlossom"],"picked":"theDuelist:ConvulsionNature","floor":35},{"not_picked":["theDuelist:AttackTheMoon","theDuelist:GraniteLoyalist+1","theDuelist:MillenniumGolem+1","theDuelist:Blockman+1"],"picked":"theDuelist:Fissure","floor":36},{"not_picked":["theDuelist:NaturalDisaster+1","theDuelist:LeodrakeMane","theDuelist:NaturiaSacredTree"],"picked":"theDuelist:NatureReflection+1","floor":37},{"not_picked":["theDuelist:FossilDig+1","theDuelist:NaturiaLandoise+1","theDuelist:VenomShot+3","theDuelist:Anteater"],"picked":"theDuelist:AcidTrapHole+1","floor":38},{"not_picked":["theDuelist:NaturiaHydrangea+1","theDuelist:NaturiaDragonfly+1","theDuelist:NaturiaSunflower+1","theDuelist:NaturiaMantis+1"],"picked":"theDuelist:NaturiaCherries+1","floor":39},{"not_picked":["theDuelist:NaturiaBambooShoot+1","theDuelist:NaturiaMosquito+1","theDuelist:NaturiaExterio+1","theDuelist:Alpacaribou","theDuelist:Wildfire+1"],"picked":"SKIP","floor":40},{"not_picked":["theDuelist:DemiseLand+1","theDuelist:Canyon+1","theDuelist:MultiplicationOfAnts","theDuelist:Wildfire+1"],"picked":"theDuelist:NaturiaBarkion","floor":42},{"not_picked":["theDuelist:NaturiaLeodrake+1","theDuelist:LeodrakeMane","theDuelist:LairWire+1","theDuelist:Anteater+1"],"picked":"SKIP","floor":45}],"player_experience":144601,"relics_obtained":[{"floor":6,"key":"Pocketwatch"},{"floor":9,"key":"Peace Pipe"},{"floor":14,"key":"StoneCalendar"},{"floor":25,"key":"theDuelist:BoosterPackTrapEgg"},{"floor":26,"key":"theDuelist:SummonAnchor"},{"floor":40,"key":"Bottled Lightning"}],"event_choices":[{"damage_healed":0,"gold_gain":0,"player_choice":"Ignored","damage_taken":0,"max_hp_gain":0,"max_hp_loss":0,"event_name":"Golden Wing","floor":3,"gold_loss":0},{"damage_healed":0,"gold_gain":0,"player_choice":"Took item - Received: Millennium Armor","duelist":true,"damage_taken":0,"max_hp_gain":0,"max_hp_loss":0,"event_name":"Millennium Items","floor":4,"gold_loss":0},{"damage_healed":0,"gold_gain":0,"player_choice":"Leave","duelist":true,"damage_taken":0,"max_hp_gain":0,"max_hp_loss":0,"event_name":"Egyptian Village","floor":47,"gold_loss":0},{"total_magic_score":90,"gold_gain":0,"duelist":true,"damage_taken":0,"relics_obtained":[],"points":9,"max_hp_gain":0,"max_hp_loss":0,"spent_points":{"magic":0,"greed":0,"war":0,"power":0,"hunger":0},"event_name":"Nameless Tomb","floor":48,"gold_loss":0,"cards_obtained":[]}],"is_beta":false,"boss_relics":[{"not_picked":["Runic Pyramid","Astrolabe"],"picked":"Cursed Key"},{"not_picked":["Inserter","theDuelist:GamblerChip"],"picked":"SlaversCollar"}],"items_purged_floors":[20],"is_endless":false,"potions_floor_spawned":[2,8,10,13,16,18,24,28,29,31,37,45],"ascension_level":0}}