{"host":"mn5ze3eyhx81nlo2","time":1608496090,"event":{"mods":["BaseMod","Block Reminder","Challenge The Spire","Downfall","Hermit","Hubris","Infinite Spire","Minty Spire (QoL Compilation)","Quick Restart","Replay The Spire","Shade Mod","StSLib","The Cursed","The Druid","The Hierophant","The Runesmith","Unceasing Turn Reminder"],"gold_per_floor":[99,99,99,132,72,107,107,107,107,138,155,58,58,58,69,69,69],"floor_reached":16,"playtime":389,"items_purged":[],"score":172,"play_id":"f2d8a012-a4ec-4caf-b25e-a7159d882264","local_time":"20201220202810","is_ascension_mode":true,"campfire_choices":[{"floor":1,"key":"RECALL"}],"circlet_count":0,"master_deck":["champ:Strike","champ:Strike","champ:Strike","champ:Strike","champ:Defend","champ:Defend","champ:Defend","champ:Defend","champ:Execute","champ:Taunt+1","champ:CalledShot","champ:CalledShot","champ:FlashCut","champ:GutPunch"],"relics":["champ:ChampionCrown","downfall:HeartsMalice","hubris:Towel","Replay:Multitool","Juzu Bracelet","Runesmith:AutoHammer","CaptainsWheel"],"acts_visited":["Exordium"],"potions_floor_usage":[10,11,12,16],"damage_taken":[{"damage":0,"enemies":"3 Sentries","floor":4,"turns":1},{"damage":0,"enemies":"downfall:FleeingMerchant","floor":5,"turns":1},{"damage":0,"enemies":"Lagavulin","floor":6,"turns":1},{"damage":38,"enemies":"Gremlin Nob","floor":10,"turns":5},{"damage":0,"enemies":"2 Louse","floor":11,"turns":2},{"damage":13,"enemies":"downfall:FleeingMerchant","floor":12,"turns":4},{"damage":5,"enemies":"Jaw Worm","floor":15,"turns":4},{"damage":39,"enemies":"downfall:Ironclad","floor":16,"turns":6}],"seed_played":"2797630223944302466","potions_obtained":[{"floor":4,"key":"SpeedPotion"},{"floor":8,"key":"champ:CounterPotion"},{"floor":8,"key":"champ:TechniquePotion"},{"floor":8,"key":"LifebloodPotion"},{"floor":10,"key":"Explosive Potion"}],"is_trial":false,"path_per_floor":["R","?","?","E","$","E","T","?","?","E","M","$","?","?","M","B"],"character_chosen":"THE_CHAMP","items_purchased":["champ:CalledShot","champ:GutPunch"],"campfire_rested":0,"item_purchase_floors":[5,12],"current_hp_per_floor":[90,90,90,90,90,90,90,90,72,44,44,39,39,39,39,0,0],"gold":69,"neow_bonus":"THREE_ENEMY_KILL","is_daily":false,"chose_seed":false,"campfire_upgraded":0,"win_rate":0.0,"timestamp":1608496090,"path_taken":["R","?","?","E","$","E","T","?","?","E","M","$","?","?","M","BOSS"],"items_purchased_type":["Card","Card"],"build_version":"2020-12-13","purchased_purges":0,"victory":false,"max_hp_per_floor":[90,90,90,90,90,90,90,90,90,90,90,90,90,90,90,90,90],"card_choices":[{"not_picked":["champ:CrownThrow","champ:Shatter","champ:TornadoPunch"],"picked":"SKIP","floor":4},{"not_picked":["champ:Circumvent","champ:EnragedBash","champ:FightOn"],"picked":"SKIP","floor":5},{"not_picked":["champ:IgnorePain","champ:TornadoPunch","champ:FalseCounter"],"picked":"SKIP","floor":6},{"not_picked":["champ:RisingSlash","champ:TornadoPunch"],"picked":"champ:FlashCut","floor":10},{"not_picked":["champ:PreciseThrust","champ:Circumvent","champ:PerfectedStrike"],"picked":"SKIP","floor":11},{"not_picked":["champ:Haymaker","champ:HeartStrike","champ:RecklessLeap"],"picked":"SKIP","floor":12},{"not_picked":["champ:BringItOn","champ:CrookedStrike","champ:TornadoPunch"],"picked":"SKIP","floor":15}],"player_experience":917431,"relics_obtained":[{"floor":4,"key":"Replay:Multitool"},{"floor":6,"key":"Juzu Bracelet"},{"floor":10,"key":"CaptainsWheel"}],"event_choices":[{"damage_healed":0,"gold_gain":0,"player_choice":"Got Potions","damage_taken":0,"max_hp_gain":0,"max_hp_loss":0,"event_name":"Lab","floor":8,"gold_loss":0},{"damage_healed":0,"gold_gain":0,"player_choice":"Success","damage_taken":18,"relics_obtained":["Runesmith:AutoHammer"],"max_hp_gain":0,"max_hp_loss":0,"event_name":"Scrap Ooze","floor":9,"gold_loss":0}],"is_beta":false,"boss_relics":[],"items_purged_floors":[],"is_endless":false,"potions_floor_spawned":[4,10],"killed_by":"downfall:Ironclad","ascension_level":1}}