{"host":"d8hh7rr4yzitjeuj","time":1608455311,"event":{"mods":["2.2 Compatiblity","AchievementEnabler","BaseMod","CapriCore","Colored Map","Colored Powertips","Highlight Path","Keyboard Shortcuts","Minty Spire (QoL Compilation)","Permanent Neow","Quick Restart","StSLib","SuperFastMode"],"gold_per_floor":[115,128,139,149,90,119,119,148,148,148,113,128,108,140,140,214,214,230,230,230,253,1,1,1,1],"floor_reached":24,"playtime":944,"items_purged":[],"score":428,"play_id":"3fdf1de7-6e15-410d-8b36-4f12b52c643d","local_time":"20201220180831","is_ascension_mode":true,"campfire_choices":[{"data":"Rainbow","floor":7.0,"key":"SMITH"},{"floor":15.0,"key":"REST"},{"floor":23.0,"key":"REST"}],"circlet_count":0,"master_deck":["AscendersBane","Zap","Dualcast","Reboot","Tempest","Seek","Darkness","Compile Driver","Reinforced Body","Hologram","Rainbow+1","Redo","Coolheaded","Tempest","Coolheaded","Core Surge","BootSequence+1","Seek+1","Fission+1","CurseOfTheBell","Double Energy+1","Decay","Self Repair+1"],"relics":["Pandora\u0027s Box","Toy Ornithopter","Pen Nib","Toxic Egg 2","WingedGreaves","Calling Bell","Blood Vial","Frozen Egg 2","Calipers","Toolbox"],"acts_visited":["Exordium","TheCity"],"potions_floor_usage":[24],"damage_taken":[{"damage":0.0,"enemies":"Cultist","floor":1.0,"turns":3.0},{"damage":1.0,"enemies":"2 Louse","floor":2.0,"turns":3.0},{"damage":0.0,"enemies":"Small Slimes","floor":3.0,"turns":3.0},{"damage":0.0,"enemies":"Blue Slaver","floor":4.0,"turns":5.0},{"damage":31.0,"enemies":"Lagavulin","floor":6.0,"turns":6.0},{"damage":7.0,"enemies":"Gremlin Nob","floor":8.0,"turns":4.0},{"damage":0.0,"enemies":"Lots of Slimes","floor":10.0,"turns":1.0},{"damage":5.0,"enemies":"Looter","floor":12.0,"turns":4.0},{"damage":31.0,"enemies":"3 Sentries","floor":14.0,"turns":9.0},{"damage":13.0,"enemies":"Hexaghost","floor":16.0,"turns":8.0},{"damage":27.0,"enemies":"Shell Parasite","floor":18.0,"turns":7.0},{"damage":70,"enemies":"Gremlin Leader","floor":24,"turns":8}],"seed_played":"6843802997113914139","potions_obtained":[{"floor":3.0,"key":"SneckoOil"},{"floor":4.0,"key":"Strength Potion"},{"floor":6.0,"key":"SmokeBomb"},{"floor":12.0,"key":"DuplicationPotion"},{"floor":13.0,"key":"LiquidBronze"}],"is_trial":false,"path_per_floor":["M","M","M","M","$","E","R","E","T","M","?","M","?","E","R","B",null,"M","?","?","T","$","R","E"],"character_chosen":"DEFECT","items_purchased":["Coolheaded","Self Repair+1","Toolbox"],"campfire_rested":2,"item_purchase_floors":[5,22,22],"current_hp_per_floor":[64,63,63,63,63,32,32,25,25,30,47,42,42,11,32,24,59,34,34,34,34,34,55,0,0],"gold":1,"neow_bonus":"BOSS_RELIC","is_daily":false,"chose_seed":false,"campfire_upgraded":1,"win_rate":0.0,"timestamp":1608455311,"path_taken":["M","M","M","M","$","E","R","E","T","M","?","M","?","E","R","BOSS","M","?","?","?","$","R","E"],"items_purchased_type":["Card","Card","Relic"],"build_version":"2020-12-13","purchased_purges":0,"victory":false,"max_hp_per_floor":[71,71,71,71,71,71,71,71,71,71,71,71,71,71,71,71,71,71,71,71,71,71,71,71,71],"card_choices":[{"not_picked":["Go for the Eyes","Sweeping Beam","Melter"],"picked":"SKIP","floor":1.0},{"not_picked":["Double Energy","Scrape"],"picked":"Redo","floor":2.0},{"not_picked":["Hologram","Consume"],"picked":"Coolheaded","floor":3.0},{"not_picked":["Darkness","Stack"],"picked":"Tempest","floor":4.0},{"not_picked":["Glacier","Leap"],"picked":"Core Surge","floor":6.0},{"not_picked":["Aggregate","Redo","Fusion"],"picked":"SKIP","floor":8.0},{"not_picked":["Go for the Eyes","Ball Lightning"],"picked":"BootSequence+1","floor":12.0},{"not_picked":["Cold Snap","Beam Cell"],"picked":"Seek+1","floor":14.0},{"not_picked":["Reboot+1","Rainbow+1"],"picked":"Fission+1","floor":16.0},{"not_picked":["Conserve Battery+1","Streamline"],"picked":"Double Energy+1","floor":18.0}],"player_experience":1371957,"relics_obtained":[{"floor":6.0,"key":"Toy Ornithopter"},{"floor":8.0,"key":"Pen Nib"},{"floor":9.0,"key":"Toxic Egg 2"},{"floor":14.0,"key":"WingedGreaves"},{"floor":17.0,"key":"Blood Vial"},{"floor":17.0,"key":"Frozen Egg 2"},{"floor":17.0,"key":"Calipers"}],"event_choices":[{"damage_healed":17.0,"max_hp_gain":0.0,"max_hp_loss":0.0,"gold_gain":0.0,"event_name":"The Cleric","player_choice":"Healed","floor":11.0,"gold_loss":35.0,"damage_taken":0.0},{"damage_healed":0.0,"max_hp_gain":0.0,"max_hp_loss":0.0,"gold_gain":0.0,"event_name":"The Woman in Blue","player_choice":"Bought 1 Potion","floor":13.0,"gold_loss":0.0,"damage_taken":0.0},{"damage_healed":0.0,"max_hp_gain":0.0,"max_hp_loss":0.0,"gold_gain":0.0,"event_name":"Beggar","player_choice":"Ignored","floor":19.0,"gold_loss":0.0,"damage_taken":0.0},{"damage_healed":0.0,"max_hp_gain":0.0,"max_hp_loss":0.0,"gold_gain":0.0,"event_name":"Forgotten Altar","player_choice":"Smashed Altar","floor":20.0,"gold_loss":0.0,"damage_taken":0.0,"cards_obtained":["Decay"]}],"is_beta":false,"boss_relics":[{"not_picked":["Cursed Key","Velvet Choker"],"picked":"Calling Bell"}],"items_purged_floors":[],"is_endless":false,"potions_floor_spawned":[3,4,6,10,12,14],"killed_by":"Gremlin Leader","ascension_level":20}}