{"host":"w97dq1whmpm6b2tc","time":1608503595,"event":{"mods":["BaseMod","Challenge The Spire","Downfall","Minty Spire (QoL Compilation)","Replay The Spire","StSLib"],"gold_per_floor":[99,99,99,249,174,200,226,226,260,260,260,10,10,20,37,136,136,61,71,96,110,129,158,158,158,158,158,183,183,183,202,214,284,296,395,395,320,350,414,81,100,134,134,161,173,208,83,95,115,128,139,139,139,174,24,24,24],"floor_reached":58,"playtime":4224,"items_purged":["Slimebound:Icky","champ:Strike","champ:Defend","champ:Defend"],"score":1722,"play_id":"c176b205-9fff-4250-85a2-4e74ffda6c27","local_time":"20201221003315","is_ascension_mode":true,"campfire_choices":[{"floor":1.0,"key":"RECALL"},{"data":"champ:DeathBlow","floor":5.0,"key":"SMITH"},{"data":"champ:Taunt","floor":10.0,"key":"SMITH"},{"data":"champ:StanceDance","floor":25.0,"key":"SMITH"},{"data":"champ:SwordThrow","floor":29.0,"key":"SMITH"},{"data":"champ:Improvising","floor":37,"key":"SMITH"},{"data":"champ:HoldFirm","floor":56,"key":"SMITH"}],"circlet_count":0,"master_deck":["champ:Strike","champ:Execute","champ:Taunt+1","champ:DeathBlow+1","champ:Encircle","champ:AdrenalArmor+1","champ:Encircle","champ:RageSigil","champ:FocusedBerserking","champ:RapidStrikes","champ:StanceDance+1","champ:EnragedBash","champ:Devastate","champ:SwordThrow+1","champ:DeathBlow","champ:AdrenalArmor+1","champ:StanceDance+1","champ:Improvising+1","champ:AdrenalArmor+1","champ:HoldFirm+1","champ:AdrenalArmor+1","champ:AdrenalArmor+1"],"relics":["champ:ChampionCrown","downfall:HeartsMalice","downfall:HeartBlessingRed","ReplayTheSpireMod:TigerMarble","ReplayTheSpireMod:Shallot","Coffee Dripper","downfall:HeartBlessingGreen","Potion Belt","Dream Catcher","Singing Bowl","Guardian:PocketSentry","DollysMirror","Empty Cage","downfall:HeartBlessingBlue","Girya","Replay:Bottled Eggs","Pear","Onion Ring","Pet Ghost","Chameleon Ring"],"acts_visited":["Exordium","TheCity","TheBeyond","TheEnding"],"potions_floor_usage":[33,42,54,57,57,57,57],"damage_taken":[{"damage":0.0,"enemies":"Small Slimes","floor":3.0,"turns":1.0},{"damage":0.0,"enemies":"3 Sentries","floor":6.0,"turns":1.0},{"damage":0.0,"enemies":"Cultist","floor":8.0,"turns":1.0},{"damage":48.0,"enemies":"Gremlin Nob","floor":9.0,"turns":4.0},{"damage":39.0,"enemies":"downfall:FleeingMerchant","floor":12.0,"turns":4.0},{"damage":43.0,"enemies":"2 Louse","floor":14.0,"turns":1.0},{"damage":44.0,"enemies":"Large Slime","floor":15.0,"turns":4.0},{"damage":80.0,"enemies":"downfall:Watcher","floor":16.0,"turns":5.0},{"damage":45.0,"enemies":"3 Byrds","floor":19.0,"turns":4.0},{"damage":45.0,"enemies":"Replay:Snechameleon","floor":20.0,"turns":2.0},{"damage":46.0,"enemies":"Centurion and Healer","floor":21.0,"turns":2.0},{"damage":51.0,"enemies":"Snecko","floor":22.0,"turns":3.0},{"damage":49.0,"enemies":"Book of Stabbing","floor":23.0,"turns":3.0},{"damage":81.0,"enemies":"Gremlin Leader","floor":28.0,"turns":5.0},{"damage":38,"enemies":"Snake Plant","floor":31,"turns":2},{"damage":61,"enemies":"Centurion and Healer","floor":32,"turns":4},{"damage":84,"enemies":"downfall:FleeingMerchant","floor":33,"turns":4},{"damage":49,"enemies":"Sentry and Sphere","floor":34,"turns":2},{"damage":91,"enemies":"downfall:Silent","floor":35,"turns":3},{"damage":106,"enemies":"Nemesis","floor":38,"turns":5},{"damage":34,"enemies":"Orb Walker","floor":41,"turns":2},{"damage":74,"enemies":"R_Hoarder","floor":42,"turns":4},{"damage":90,"enemies":"Giant Head","floor":44,"turns":4},{"damage":47,"enemies":"3 Darklings","floor":45,"turns":3},{"damage":80,"enemies":"R_Hoarder","floor":46,"turns":7},{"damage":49,"enemies":"4 Shapes","floor":48,"turns":2},{"damage":79,"enemies":"Maw","floor":49,"turns":4},{"damage":57,"enemies":"Jaw Worm Horde","floor":50,"turns":3},{"damage":85,"enemies":"4 Shapes","floor":51,"turns":2},{"damage":222,"enemies":"downfall:Ironclad","floor":52,"turns":9},{"damage":130,"enemies":"downfall:CharBossMerchant","floor":54,"turns":4},{"damage":365,"enemies":"downfall:NeowBoss","floor":57,"turns":19}],"seed_played":"-8682542143167287303","potions_obtained":[{"floor":6.0,"key":"ColorlessPotion"},{"floor":9.0,"key":"Explosive Potion"},{"floor":16.0,"key":"Cursed Concoction"},{"floor":20.0,"key":"sneckomod:MuddlingPotion"},{"floor":21.0,"key":"Strength Potion"},{"floor":22.0,"key":"Fire Potion"},{"floor":31,"key":"Guardian:BlockOnCardUsePotion"},{"floor":32,"key":"AttackPotion"},{"floor":34,"key":"Swift Potion"},{"floor":39,"key":"LifebloodPotion"},{"floor":41,"key":"PowerPotion"},{"floor":42,"key":"FearPotion"}],"is_trial":false,"path_per_floor":["R","?","M","?","R","E","T","M","E","R","?","$","?","M","M","B",null,"R","M","E","M","M","E","T","R","PTL","PTL","E","R","?","M","M","$","M","B",null,"R","E","?","?","M","E","T","E","M","E","$","M","M","M","M","B",null,"E","$","R","B",null],"character_chosen":"THE_CHAMP","items_purchased":["champ:FocusedBerserking","champ:RapidStrikes","DollysMirror"],"campfire_rested":0,"item_purchase_floors":[12,12,33],"current_hp_per_floor":[90,90,90,90,90,90,90,90,74,74,79,78,78,90,94,75,95,95,92,92,95,84,90,90,90,90,90,69,69,69,75,71,79,85,85,103,113,101,75,129,129,131,141,143,136,133,133,135,137,134,130,143,153,139,139,139,153],"gold":24,"neow_bonus":"THREE_ENEMY_KILL","is_daily":false,"chose_seed":false,"campfire_upgraded":6,"win_rate":0.0,"timestamp":1608503595,"path_taken":["R","?","?","?","R","E","T","M","E","R","?","$","?","?","M","BOSS","R","M","E","M","M","E","T","R","PTL","PTL","E","R","?","?","M","$","M","BOSS","R","E","?","?","M","E","T","E","?","E","$","M","M","M","M","BOSS","E","$","R","BOSS"],"items_purchased_type":["Card","Card","Relic"],"build_version":"2020-12-13","purchased_purges":4,"victory":true,"max_hp_per_floor":[90,90,90,90,90,90,90,90,90,90,95,95,95,95,95,95,95,95,95,95,95,95,95,95,95,95,95,95,95,95,97,99,101,103,103,103,113,113,115,129,129,131,141,143,145,145,145,147,149,151,153,153,153,153,153,153,153],"card_choices":[{"not_picked":["champ:FlashCut","champ:EnGarde","champ:BladeFlurry"],"picked":"SKIP","floor":3.0},{"not_picked":["champ:MurderStrike","champ:FaceSlap"],"picked":"champ:Encircle","floor":6.0},{"not_picked":["champ:FalseCounter","champ:SwordSigil"],"picked":"champ:AdrenalArmor","floor":8.0},{"not_picked":["champ:Control","champ:PerfectedStrike"],"picked":"champ:Encircle","floor":9.0},{"not_picked":["champ:IronFortress","champ:ArenaPreparation"],"picked":"champ:RageSigil","floor":12.0},{"not_picked":["champ:DeathBlow","champ:ArenaPreparation"],"picked":"champ:StanceDance","floor":14.0},{"not_picked":["champ:Backstep","champ:TornadoPunch"],"picked":"champ:EnragedBash","floor":15.0},{"not_picked":["champ:StrikeOfGenius","champ:ShieldSlam"],"picked":"champ:Devastate","floor":16.0},{"not_picked":["champ:Riposte+1","champ:DefensiveShout","champ:FlashCut+1"],"picked":"SKIP","floor":19.0},{"not_picked":["champ:BerserkersShout","champ:Riposte","champ:DefensiveStyle"],"picked":"SKIP","floor":20.0},{"not_picked":["champ:TornadoPunch","champ:BladeFlurry+1","champ:Haymaker"],"picked":"SKIP","floor":21.0},{"not_picked":["champ:BladeFlurry","champ:ShieldSigil"],"picked":"champ:DeathBlow","floor":22.0},{"not_picked":["champ:IronFortress","champ:Duel","champ:BerserkersShout+1"],"picked":"SKIP","floor":23.0},{"not_picked":["champ:FlashCut","champ:LastStand"],"picked":"champ:AdrenalArmor+1","floor":28.0},{"not_picked":["champ:FlashCut","champ:FocusedDefense","champ:FocusedBerserking"],"picked":"Singing Bowl","floor":31},{"not_picked":["champ:Haymaker","champ:PreciseThrust+1","champ:PerfectedStrike"],"picked":"Singing Bowl","floor":32},{"not_picked":["champ:RisingSlash","champ:ViciousMockery","champ:PerfectedStrike"],"picked":"Singing Bowl","floor":33},{"not_picked":["champ:FlashCut+1","champ:CrookedStrike","champ:EnGarde"],"picked":"Singing Bowl","floor":34},{"not_picked":["champ:SteelEdge","champ:ShieldThrow"],"picked":"champ:Improvising","floor":35},{"not_picked":["champ:CrookedStrike","champ:PerfectedStrike+1"],"picked":"champ:AdrenalArmor","floor":38},{"not_picked":["champ:Backstep","champ:CrookedStrike+1","champ:RageSigil+1"],"picked":"Singing Bowl","floor":39},{"not_picked":["champ:FalseCounter","champ:RisingSlash"],"picked":"champ:HoldFirm","floor":41},{"not_picked":["champ:SkillfulDodge+1","champ:LastStand","champ:CrookedStrike"],"picked":"Singing Bowl","floor":42},{"not_picked":["champ:BringItOn+1","champ:TornadoPunch+1","champ:FalseCounter+1"],"picked":"Singing Bowl","floor":44},{"not_picked":["champ:FalseCounter","champ:DancingMaster","champ:FocusedGladiator+1"],"picked":"Singing Bowl","floor":45},{"not_picked":["champ:GladiatorsShout","champ:RecklessLeap+1"],"picked":"champ:AdrenalArmor+1","floor":46},{"not_picked":["champ:Backstep+1","champ:Aggression","champ:GladiatorsShout+1"],"picked":"Singing Bowl","floor":48},{"not_picked":["champ:PerfectedStrike+1","champ:BringItOn+1","champ:RageSigil"],"picked":"Singing Bowl","floor":49},{"not_picked":["champ:BerserkersShout","champ:RisingSlash","champ:MurderStrike"],"picked":"Singing Bowl","floor":50},{"not_picked":["champ:PerfectedStrike+1","champ:CrookedStrike+1","champ:RisingSlash"],"picked":"Singing Bowl","floor":51},{"not_picked":["champ:BerserkersShout","champ:Circumvent+1"],"picked":"champ:AdrenalArmor","floor":54}],"player_experience":3678527,"relics_obtained":[{"floor":6.0,"key":"ReplayTheSpireMod:TigerMarble"},{"floor":9.0,"key":"ReplayTheSpireMod:Shallot"},{"floor":20.0,"key":"Potion Belt"},{"floor":23.0,"key":"Dream Catcher"},{"floor":24.0,"key":"Singing Bowl"},{"floor":28.0,"key":"Guardian:PocketSentry"},{"floor":38,"key":"Girya"},{"floor":42,"key":"Replay:Bottled Eggs"},{"floor":43,"key":"Pear"},{"floor":44,"key":"Onion Ring"},{"floor":46,"key":"Pet Ghost"},{"floor":54,"key":"Chameleon Ring"}],"event_choices":[{"damage_healed":0.0,"max_hp_gain":0.0,"max_hp_loss":0.0,"gold_gain":0.0,"cards_transformed":["champ:Defend"],"event_name":"Transmorgrifier","player_choice":"Transformed","floor":2.0,"gold_loss":0.0,"damage_taken":0.0,"cards_obtained":["champ:DeathBlow"]},{"damage_healed":0.0,"max_hp_gain":5.0,"max_hp_loss":0.0,"gold_gain":0.0,"event_name":"Big Fish","player_choice":"Donut","floor":11.0,"gold_loss":0.0,"damage_taken":0.0}],"is_beta":false,"boss_relics":[{"not_picked":["Sozu","Philosopher\u0027s Stone"],"picked":"Coffee Dripper"},{"not_picked":["ChewingGum","Kintsugi"],"picked":"Empty Cage"}],"items_purged_floors":[12,33,47,55],"is_endless":false,"potions_floor_spawned":[6,9,16,20,21,22,31,32,34,41,42,44,48,51],"ascension_level":4}}