{"host":"w97dq1whmpm6b2tc","time":1608495296,"event":{"mods":["BaseMod","Challenge The Spire","Downfall","Minty Spire (QoL Compilation)","Replay The Spire","StSLib"],"gold_per_floor":[99,131,131,231,255,286,286,312,344,372,10,29,43,43,60,157,157,7,38,72,72,86,86,86,183,210,135,152,152,152,169,189,287,287,287,297,325,388,422,432,432,458,474,474,490,510,410,69,87,87,87,119,91,91,91],"floor_reached":56,"playtime":4565,"items_purged":["champ:Strike","champ:Strike","champ:Strike"],"score":2078,"play_id":"77c74170-fa84-499b-88c0-6dc47115d46e","local_time":"20201220221456","is_ascension_mode":true,"campfire_choices":[{"floor":1.0,"key":"RECALL"},{"data":"champ:HoldFirm","floor":18,"key":"SMITH"},{"data":"champ:Improvising","floor":21,"key":"SMITH"},{"data":"champ:HeartStrike","floor":23,"key":"SMITH"},{"data":"champ:HeartStrike","floor":27,"key":"SMITH"},{"data":"champ:StanceDance","floor":35,"key":"SMITH"},{"data":"champ:SteelEdge","floor":44,"key":"SMITH"},{"data":"ReplayUltimateDefense","floor":54,"key":"SMITH"}],"circlet_count":0,"master_deck":["champ:Strike","champ:Defend","champ:Defend","champ:Defend","champ:Defend","champ:Taunt","champ:SteelEdge+1","champ:StanceDance+1","champ:AdrenalArmor","champ:ArenaPreparation","champ:HoldFirm+1","champ:ArenaPreparation","champ:RageSigil","champ:HeartStrike+1","champ:HeartStrike+1","champ:BerserkersShout+1","champ:RageSigil+1","champ:Aggression+1","champ:Lariat+1","champ:Improvising+1","champ:BladeFlurry+1","champ:RisingSlash","champ:Encircle+1","champ:FocusedBerserking+1","champ:AdrenalArmor+1","champ:StanceDance+1","champ:MurderStrike","champ:BringItOn+1","champ:Lariat+1","champ:GutPunch+1","champ:ShieldWall","ReplayUltimateDefense+1","champ:RageSigil+1","champ:HeartStrike"],"relics":["champ:ChampionCrown","downfall:HeartsMalice","Replay:Ringing Soul","champ:LiftRelic","CloakClasp","Bag of Preparation","Torii","Unceasing Top","WingedGreaves","Toy Ornithopter","Blue Candle","Toxic Egg 2","champ:ChampionCrownUpgraded","downfall:HeartBlessingRed","downfall:HeartBlessingGreen","White Beast Statue","Mummified Hand","Blue Doll","PreservedInsect","downfall:HeartBlessingBlue","champ:BerserkersGuideToSlaughter","Philosopher\u0027s Stone","Gremlin Horn","Simple Rune","Replay:Multitool","hexamod:BolsterEngine","champ:FightingForDummies"],"acts_visited":["Exordium","TheCity","TheBeyond","TheEnding"],"potions_floor_usage":[16,16,55,55],"damage_taken":[{"damage":0.0,"enemies":"Gremlin Nob","floor":2.0,"turns":1.0},{"damage":0.0,"enemies":"Gremlin Nob","floor":4.0,"turns":1.0},{"damage":0.0,"enemies":"3 Sentries","floor":6.0,"turns":1.0},{"damage":37.0,"enemies":"Gremlin Nob","floor":8.0,"turns":4.0},{"damage":48.0,"enemies":"Replay:BlueRogue","floor":9.0,"turns":7.0},{"damage":5.0,"enemies":"Gremlin Nob","floor":10.0,"turns":3.0},{"damage":40.0,"enemies":"downfall:FleeingMerchant","floor":11.0,"turns":4.0},{"damage":17.0,"enemies":"2 Louse","floor":12.0,"turns":2.0},{"damage":24.0,"enemies":"Jaw Worm","floor":13.0,"turns":2.0},{"damage":31.0,"enemies":"Small Slimes","floor":15.0,"turns":3.0},{"damage":75,"enemies":"downfall:Defect","floor":16,"turns":4},{"damage":45,"enemies":"Slavers","floor":19,"turns":2},{"damage":55,"enemies":"Book of Stabbing","floor":20,"turns":2},{"damage":51,"enemies":"Chosen","floor":22,"turns":2},{"damage":87,"enemies":"downfall:FleeingMerchant","floor":25,"turns":3},{"damage":37,"enemies":"Slavers","floor":26,"turns":1},{"damage":73,"enemies":"3 Byrds","floor":28,"turns":1},{"damage":44,"enemies":"Centurion and Healer","floor":31,"turns":2},{"damage":36,"enemies":"Snake Plant","floor":32,"turns":2},{"damage":49,"enemies":"downfall:Silent","floor":33,"turns":2},{"damage":23,"enemies":"3 Shapes","floor":36,"turns":1},{"damage":35,"enemies":"Reptomancer","floor":37,"turns":1},{"damage":99,"enemies":"R_Hoarder","floor":39,"turns":2},{"damage":22,"enemies":"Orb Walker","floor":40,"turns":1},{"damage":12,"enemies":"Reptomancer","floor":42,"turns":1},{"damage":43,"enemies":"Writhing Mass","floor":43,"turns":1},{"damage":34,"enemies":"Spire Growth","floor":45,"turns":1},{"damage":36,"enemies":"Sphere and 2 Shapes","floor":46,"turns":1},{"damage":80,"enemies":"Maw","floor":49,"turns":2},{"damage":41,"enemies":"downfall:Watcher","floor":50,"turns":2},{"damage":55,"enemies":"downfall:CharBossMerchant","floor":52,"turns":2},{"damage":275,"enemies":"downfall:NeowBoss","floor":55,"turns":14}],"seed_played":"8091243794565327643","potions_obtained":[{"floor":4.0,"key":"Adrenaline Potion"},{"floor":6.0,"key":"Reflective Coating"},{"floor":9.0,"key":"Languid Potion"},{"floor":15.0,"key":"FearPotion"},{"floor":16,"key":"SkillPotion"},{"floor":20,"key":"SteroidPotion"},{"floor":22,"key":"champ:CounterPotion"},{"floor":25,"key":"AttackPotion"},{"floor":32,"key":"SteroidPotion"},{"floor":39,"key":"Guardian:BlockOnCardUsePotion"}],"is_trial":false,"path_per_floor":["R","E","?","?","T","E","T","E","E","E","$","M","M","?","M","B",null,"R","E","E","R","M","R","T","$","E","R","M","?","?","M","M","B",null,"R","M","E","?","E","M","T","E","M","R","M","M","$","$","M","B",null,"E","$","R","B",null],"character_chosen":"THE_CHAMP","items_purchased":["Toxic Egg 2","champ:HeartStrike","champ:BerserkersShout+1","Blue Doll","champ:ShieldWall","ReplayUltimateDefense","champ:HeartStrike"],"campfire_rested":0,"item_purchase_floors":[11,11,11,25,48,48,53],"current_hp_per_floor":[90,93,93,96,96,99,99,79,70,83,86,89,92,92,95,108,123,123,126,129,129,132,132,132,132,135,145,148,148,148,151,151,154,154,154,154,157,118,160,160,160,163,163,163,163,163,163,166,166,166,166,169,172,172,172],"gold":91,"neow_bonus":"THREE_ENEMY_KILL","is_daily":false,"chose_seed":false,"campfire_upgraded":7,"win_rate":0.0,"timestamp":1608495296,"path_taken":["R","E","?","?","?","E","T","E","E","E","$","M","?","?","M","BOSS","R","E","E","R","M","R","T","$","E","R","M","?","?","M","M","BOSS","R","M","E","?","E","M","T","E","M","R","?","M","$","$","M","BOSS","E","$","R","BOSS"],"items_purchased_type":["Relic","Card","Card","Relic","Card","Card","Card"],"build_version":"2020-12-13","purchased_purges":3,"victory":true,"max_hp_per_floor":[90,93,93,96,96,99,99,102,105,108,111,114,117,117,120,123,123,123,126,129,129,132,132,132,132,135,145,148,148,148,151,151,154,154,154,154,157,157,160,160,160,163,163,163,163,163,163,166,166,166,166,169,172,172,172],"card_choices":[{"not_picked":["champ:ShieldSigil","champ:FocusedGladiator"],"picked":"champ:SteelEdge","floor":2.0},{"not_picked":["champ:DefensiveStyle","champ:ShieldSigil"],"picked":"champ:StanceDance","floor":4.0},{"not_picked":["champ:StanceDance","champ:RageSigil"],"picked":"champ:AdrenalArmor","floor":6.0},{"not_picked":["champ:CrookedStrike","champ:RisingSlash"],"picked":"champ:ArenaPreparation","floor":8.0},{"not_picked":["champ:Duel","champ:FlashCut"],"picked":"champ:HoldFirm","floor":9.0},{"not_picked":["champ:GladiatorsShout","champ:FaceSlap"],"picked":"champ:ArenaPreparation","floor":10.0},{"not_picked":["champ:PerfectedStrike","champ:FlashCut"],"picked":"champ:RageSigil","floor":11.0},{"not_picked":["champ:IronFortress","champ:CrookedStrike"],"picked":"champ:RageSigil+1","floor":12.0},{"not_picked":["champ:ShieldSigil+1","champ:FalseCounter+1"],"picked":"champ:Aggression+1","floor":13.0},{"not_picked":["champ:ArenaPreparation+1","champ:FanOfKnives"],"picked":"champ:Lariat+1","floor":15.0},{"not_picked":["champ:ShieldSlam","champ:ShieldThrow"],"picked":"champ:Improvising","floor":16},{"not_picked":["champ:GladiatorStyle","champ:DefensiveShout+1"],"picked":"champ:BladeFlurry+1","floor":19},{"not_picked":["champ:Haymaker","champ:Duel"],"picked":"champ:RisingSlash","floor":20},{"not_picked":["champ:CrookedStrike+1","champ:Backstep+1"],"picked":"champ:Encircle+1","floor":22},{"not_picked":["champ:GladiatorStyle","champ:Haymaker+1","champ:HeavySlash"],"picked":"SKIP","floor":25},{"not_picked":["champ:ShieldSigil+1","champ:RageSigil+1"],"picked":"champ:FocusedBerserking+1","floor":26},{"not_picked":["champ:Encircle","champ:TornadoPunch"],"picked":"champ:AdrenalArmor+1","floor":28},{"not_picked":["champ:FanOfKnives","champ:BerserkersShout+1"],"picked":"champ:StanceDance+1","floor":31},{"not_picked":["champ:RageSigil+1","champ:ShieldSigil+1","champ:EnragedBash"],"picked":"SKIP","floor":32},{"not_picked":["champ:VampiricStrike","champ:HoldFirm+1"],"picked":"champ:MurderStrike","floor":33},{"not_picked":["champ:DefensiveShout+1","champ:DefensiveStyle+1","champ:FlashCut+1"],"picked":"SKIP","floor":36},{"not_picked":["champ:SwordSigil+1","champ:CrookedStrike+1"],"picked":"champ:BringItOn+1","floor":37},{"not_picked":["champ:Backstep+1","champ:Lariat+1","champ:RecklessLeap"],"picked":"SKIP","floor":39},{"not_picked":["champ:Backstep+1","champ:RecklessLeap"],"picked":"champ:Lariat+1","floor":39},{"not_picked":["champ:CalledShot+1","champ:AdrenalArmor+1","champ:Haymaker+1"],"picked":"SKIP","floor":40},{"not_picked":["champ:RisingSlash","champ:SkillfulDodge+1"],"picked":"champ:GutPunch+1","floor":42},{"not_picked":["champ:PerfectedStrike+1","champ:Encircle","champ:Haymaker+1"],"picked":"SKIP","floor":43},{"not_picked":["champ:DefensiveShout+1","champ:AdrenalArmor+1","champ:DefensiveStyle"],"picked":"SKIP","floor":45},{"not_picked":["champ:TornadoPunch","champ:Riposte+1","champ:FanOfKnives+1"],"picked":"SKIP","floor":46},{"not_picked":["champ:BerserkersShout+1","champ:TornadoPunch","champ:SwordSigil+1"],"picked":"SKIP","floor":49},{"not_picked":["champ:Shatter+1","champ:Encircle+1"],"picked":"champ:RageSigil+1","floor":52}],"player_experience":3672736,"relics_obtained":[{"floor":2.0,"key":"Replay:Ringing Soul"},{"floor":4.0,"key":"CloakClasp"},{"floor":5.0,"key":"Bag of Preparation"},{"floor":6.0,"key":"Torii"},{"floor":7.0,"key":"Unceasing Top"},{"floor":8.0,"key":"WingedGreaves"},{"floor":9.0,"key":"Toy Ornithopter"},{"floor":10.0,"key":"Blue Candle"},{"floor":19,"key":"White Beast Statue"},{"floor":20,"key":"Mummified Hand"},{"floor":26,"key":"PreservedInsect"},{"floor":38,"key":"Gremlin Horn"},{"floor":39,"key":"Simple Rune"},{"floor":41,"key":"Replay:Multitool"},{"floor":42,"key":"hexamod:BolsterEngine"},{"floor":52,"key":"champ:FightingForDummies"}],"event_choices":[],"is_beta":false,"boss_relics":[{"not_picked":["Painkiller Herb","Fusion Hammer"],"picked":"champ:ChampionCrownUpgraded"},{"not_picked":["Runic Pyramid","Replay:Wanted Poster"],"picked":"Philosopher\u0027s Stone"}],"items_purged_floors":[25,47,48],"is_endless":false,"potions_floor_spawned":[4,6,9,15,16,20,22,25,26,28,31,32,33,36,37,39,40,42,43,45,46,49,52],"ascension_level":3}}