{"host":"5j53u3d72gsce0fe","time":1608422546,"event":{"mods":["2.2 Compatiblity","AchievementEnabler","Aspiration","BaseMod","Beaked The Cultist","Better Altar","Better Match","Better Note","Better Sensory Stone","Better Skull","Better Third Choice","Better Vampires","Block Reminder","CCEM","Card Forge","Colored Map","Colored Powertips","Colorless Booster Pack","Conspire","Defuse TimeMaze Blight","Dio Mod","Dota2Spire","Downfall-Rebalance","Emptier Cage","Energized Spire","Friendly Minions","GifTheSpireLib","Hermit","HexUI Lib","Hubris","Humility","Infinite Spire","Marked Mod","Mimic Mod","Minty Spire (QoL Compilation)","Relic Filter","Replay The Spire","Retaliation","Shade Mod","Small Relic Pack","StSLib","Stuff the Spire","The Animator","The Bug Knight","Transform Curses","Unceasing Turn Reminder","???Mod??????Boss"],"gold_per_floor":[118,134,83,358,376,376,401,412,412,412,432,432,465,484,484,586,586,597,611,642,642,411,411,441,441,465,465,492,492,43,43,43,43,43],"floor_reached":33,"playtime":2355,"items_purged":[],"score":306,"play_id":"26ef5896-168b-4f23-bbf9-48a9d55df06c","local_time":"20201219160226","is_ascension_mode":true,"campfire_choices":[{"floor":6,"key":"RECALL"},{"data":"HollowMod:NailStrikeStart","floor":10,"key":"SMITH"},{"floor":12,"key":"REST"},{"floor":15,"key":"REST"},{"floor":23,"key":"REST"},{"floor":25,"key":"REST"},{"floor":27,"key":"REST"},{"floor":32,"key":"REST"}],"circlet_count":0,"master_deck":["HollowMod:QuickDashStart","HollowMod:FocusHealStart+1","HollowMod:PogoStrike+1","HollowMod:InfectedCysts+1","HollowMod:BrokenVessel+1","HollowMod:DashSlash+1","HollowMod:HowlingWraiths+1","HollowMod:TaintedHusks+1","HollowMod:CloakDash+1","HollowMod:QuirrelsAssistance+1","HollowMod:RadiancesLament+1","HollowMod:MothsMistake+1","HollowMod:DashSlash+1","HollowMod:RadiancesLament+1","HollowMod:TaintedHusks+1","HollowMod:InfectedAttack+1","HollowMod:TaintedHusks+1","Mayhem+1","HollowMod:LifebloodCore+1","HollowMod:SiblingsSouls+1","Insight+1"],"relics":["HollowMod:VesselMask","Hammer of Thor","Seething Fire","Anvil of the Gods","aspiration:DSix","HollowMod:IsmasTear","conspire:GiftBox","conspire:SpecialSausage","Red Mask","Nunchaku","Dota2Spire:EtherealBlade","StuffTheSpire:OldFever","betterThird:NestCultRelic","Replay:Bottled Steam","Toolbox"],"acts_visited":["Exordium","TheCity"],"potions_floor_usage":[13,16,24,28,33,33,33],"damage_taken":[{"damage":0,"enemies":"Cultist","floor":1,"turns":4},{"damage":22,"enemies":"Jaw Worm","floor":2,"turns":5},{"damage":0,"enemies":"2 Louse","floor":5,"turns":2},{"damage":4,"enemies":"HollowMod:MossKnight","floor":7,"turns":3},{"damage":6,"enemies":"conspire:2 RoseBushes","floor":8,"turns":3},{"damage":0,"enemies":"2 Fungi Beasts","floor":11,"turns":1},{"damage":2,"enemies":"Gremlin Nob","floor":13,"turns":2},{"damage":34,"enemies":"Large Slime","floor":14,"turns":3},{"damage":36,"enemies":"Hexaghost","floor":16,"turns":4},{"damage":19,"enemies":"2 Thieves","floor":18,"turns":3},{"damage":32,"enemies":"3 Byrds","floor":19,"turns":3},{"damage":28,"enemies":"Masked Bandits","floor":20,"turns":3},{"damage":61,"enemies":"Gremlin Leader","floor":24,"turns":3},{"damage":40,"enemies":"conspire:SneckoGhost","floor":28,"turns":4},{"damage":42,"enemies":"conspire:MysteriousRune","floor":33,"turns":4}],"seed_played":"-1608436556003979941","potions_obtained":[{"floor":1,"key":"Elixir"},{"floor":5,"key":"DDmod:CleansePotion"},{"floor":8,"key":"DistilledChaos"},{"floor":11,"key":"Fire Potion"},{"floor":14,"key":"DDmod:CleansePotion"},{"floor":20,"key":"FairyPotion"}],"is_trial":false,"path_per_floor":["M","M","$","?","M","R","E","M","T","R","M","R","E","M","R","B",null,"M","M","?","?","$","R","E","R","T","R","E","?","$","?","R","B"],"character_chosen":"THE_BUGKNIGHT","items_purchased":["HollowMod:DashSlash","Mayhem","Dota2Spire:HealingSalve","Energy Potion","Replay:Bottled Steam","Toolbox"],"campfire_rested":6,"item_purchase_floors":[3,22,22,30,30,30],"current_hp_per_floor":[75,63,63,63,63,63,65,59,59,59,59,75,73,45,67,37,75,56,30,8,8,8,30,3,25,25,47,13,13,13,13,35,0,0],"gold":43,"neow_bonus":"DSIX","is_daily":false,"chose_seed":false,"campfire_upgraded":1,"win_rate":0.0,"timestamp":1608422546,"path_taken":["M","?","$","?","M","R","E","M","T","R","M","R","E","?","R","BOSS","M","M","?","?","$","R","E","R","T","R","E","?","$","?","R","BOSS"],"items_purchased_type":["Card","Card","Potion","Potion","Relic","Relic"],"build_version":"2020-12-13","purchased_purges":0,"victory":false,"max_hp_per_floor":[75,75,75,75,75,75,75,75,75,75,75,75,75,75,75,75,75,75,75,75,75,75,75,75,75,75,75,75,75,75,75,75,75,75],"card_choices":[{"not_picked":["HollowMod:FastStrike","HollowMod:MonomonsArchive"],"picked":"HollowMod:InfectedCysts","floor":1},{"not_picked":["HollowMod:CornifersMapStart","HollowMod:GreatSlash"],"picked":"HollowMod:BrokenVessel","floor":2},{"not_picked":["HollowMod:NewJinnsSoul","HollowMod:CoiledNail"],"picked":"HollowMod:HowlingWraiths","floor":5},{"not_picked":["HollowMod:InfectedCysts","HollowMod:GreatSlash"],"picked":"HollowMod:TaintedHusks","floor":7},{"not_picked":["HollowMod:NewLittleFool","HollowMod:CornifersMapStart"],"picked":"HollowMod:CloakDash","floor":8},{"not_picked":["HollowMod:SoulShaman","HollowMod:DesolateDive"],"picked":"HollowMod:QuirrelsAssistance","floor":11},{"not_picked":["HollowMod:ZotesMagnificence","HollowMod:VoidDash"],"picked":"HollowMod:RadiancesLament","floor":13},{"not_picked":["HollowMod:Hiveblood","HollowMod:QuirrelsAssistance"],"picked":"HollowMod:MothsMistake","floor":13},{"not_picked":["HollowMod:HowlingWraiths","HollowMod:CoiledNail"],"picked":"HollowMod:DashSlash","floor":14},{"not_picked":["HollowMod:LordofShades","HollowMod:ElderbugsWisdom"],"picked":"HollowMod:RadiancesLament","floor":16},{"not_picked":["HollowMod:FastStrike+1","HollowMod:SoulShaman"],"picked":"HollowMod:TaintedHusks","floor":18},{"not_picked":["HollowMod:MonomonsArchive","HollowMod:InfectedCysts"],"picked":"HollowMod:InfectedAttack","floor":19},{"not_picked":["HollowMod:NewLittleFool","HollowMod:GoodIntentions"],"picked":"HollowMod:TaintedHusks","floor":20},{"not_picked":["HollowMod:ShadowDash","HollowMod:RecoilStrike"],"picked":"HollowMod:LifebloodCore","floor":24},{"not_picked":["HollowMod:PureNailStrike+1","HollowMod:theNailsmith"],"picked":"HollowMod:SiblingsSouls","floor":28}],"player_experience":1187253,"relics_obtained":[{"floor":7,"key":"HollowMod:IsmasTear"},{"floor":13,"key":"conspire:GiftBox"},{"floor":20,"key":"Red Mask"},{"floor":24,"key":"Nunchaku"},{"floor":26,"key":"Dota2Spire:EtherealBlade"},{"floor":28,"key":"StuffTheSpire:OldFever"}],"event_choices":[{"damage_healed":0,"gold_gain":275,"player_choice":"Desecrate","damage_taken":0,"max_hp_gain":0,"max_hp_loss":0,"event_name":"Golden Shrine","floor":4,"gold_loss":0,"cards_obtained":["Regret"]},{"damage_healed":0,"gold_gain":0,"player_choice":"Fought Bandits","damage_taken":0,"max_hp_gain":0,"max_hp_loss":0,"event_name":"Masked Bandits","floor":20,"gold_loss":0},{"damage_healed":0,"gold_gain":0,"player_choice":"Ignored","damage_taken":0,"max_hp_gain":0,"max_hp_loss":0,"event_name":"Beggar","floor":21,"gold_loss":0},{"damage_healed":0,"gold_gain":0,"player_choice":"Madness","damage_taken":0,"relics_obtained":["betterThird:NestCultRelic"],"max_hp_gain":0,"max_hp_loss":0,"event_name":"betterThird:BetterNest","floor":29,"gold_loss":0},{"damage_healed":0,"gold_gain":0,"player_choice":"Insight","damage_taken":0,"max_hp_gain":0,"max_hp_loss":0,"event_name":"betterThird:BetterWriting","floor":31,"gold_loss":0,"cards_obtained":["Insight"]}],"is_beta":false,"boss_relics":[{"not_picked":["hubris:VirtuousBlindfold","Velvet Choker"],"picked":"conspire:SpecialSausage"}],"items_purged_floors":[],"is_endless":false,"potions_floor_spawned":[1,5,8,11,14,20],"killed_by":"conspire:MysteriousRune","ascension_level":1}}