{"host":"27cnk69rbdk9vsnt","time":1608493729,"event":{"mods":["BaseMod","CatGirl Mod","Ekko","Energized Spire","JesterMod","Mimic Mod","Minty Spire (QoL Compilation)","Shade Mod","Shop Mod","StSLib","The Spell Scribe","Thieving Mod"],"gold_per_floor":[114,126,142,217,217,217,45,55,104,104,139,154,154,154],"floor_reached":13,"playtime":492,"items_purged":[],"score":85,"play_id":"8c155745-9703-428e-9cd9-6de4f65ada9a","local_time":"20201220204849","is_ascension_mode":false,"campfire_choices":[{"data":"jesterMod:Precipitation","floor":6,"key":"SMITH"},{"data":"jesterMod:FlameDance","floor":10,"key":"SMITH"}],"circlet_count":0,"master_deck":["jesterMod:Strike","jesterMod:Strike","jesterMod:Strike","jesterMod:Strike","jesterMod:Sickle","jesterMod:Defend+1","jesterMod:Defend","jesterMod:Defend","jesterMod:Defend","jesterMod:Dodge","jesterMod:Precipitation+1","jesterMod:JackInTheBox+1","jesterMod:Disposophobia","jesterMod:SelfMockery","jesterMod:FlameDance+1","jesterMod:Placebo","jesterMod:TrickyDodge"],"relics":["jesterMod:JesterCap","jesterMod:RuskiBroom","Happy Flower","Juzu Bracelet"],"acts_visited":["Exordium"],"potions_floor_usage":[11,11],"damage_taken":[{"damage":1,"enemies":"Cultist","floor":1,"turns":4},{"damage":1,"enemies":"2 Louse","floor":2,"turns":3},{"damage":2,"enemies":"Small Slimes","floor":3,"turns":4},{"damage":5,"enemies":"Blue Slaver","floor":8,"turns":4},{"damage":22,"enemies":"3 Sentries","floor":11,"turns":8},{"damage":10,"enemies":"Looter","floor":12,"turns":3},{"damage":10,"enemies":"Lagavulin","floor":13,"turns":4}],"seed_played":"-9220720719958665096","potions_obtained":[{"floor":1,"key":"SkillPotion"},{"floor":3,"key":"Explosive Potion"}],"is_trial":false,"path_per_floor":["M","M","M","?","?","R","$","M","T","R","E","M","E"],"character_chosen":"THE_JESTER","items_purchased":["jesterMod:RuskiBroom","jesterMod:SelfMockery"],"campfire_rested":0,"item_purchase_floors":[7,7],"current_hp_per_floor":[76,75,73,62,47,47,47,42,42,42,20,10,0,0],"gold":154,"neow_bonus":"TEN_PERCENT_HP_BONUS","is_daily":false,"chose_seed":false,"campfire_upgraded":2,"win_rate":0.0,"timestamp":1608493729,"path_taken":["M","?","M","?","?","R","$","M","T","R","E","M","E"],"items_purchased_type":["Relic","Card"],"build_version":"2020-12-13","purchased_purges":0,"victory":false,"max_hp_per_floor":[77,77,77,77,77,77,77,77,77,77,77,77,77,77],"card_choices":[{"not_picked":["jesterMod:Discretion","jesterMod:Feint"],"picked":"jesterMod:Precipitation","floor":1},{"not_picked":["jesterMod:Talion","jesterMod:SmokeScreen"],"picked":"jesterMod:JackInTheBox","floor":2},{"not_picked":["jesterMod:Feint","jesterMod:DancingMad"],"picked":"jesterMod:Disposophobia","floor":3},{"not_picked":["jesterMod:Inspiration","jesterMod:Dilapidation"],"picked":"jesterMod:FlameDance","floor":8},{"not_picked":["jesterMod:Talion","jesterMod:DancingMad"],"picked":"jesterMod:Placebo","floor":11},{"not_picked":["jesterMod:Exasperation","jesterMod:Patience"],"picked":"jesterMod:TrickyDodge","floor":12}],"player_experience":472004,"relics_obtained":[{"floor":9,"key":"Happy Flower"},{"floor":11,"key":"Juzu Bracelet"}],"event_choices":[{"damage_healed":0,"gold_gain":75,"player_choice":"Gather Gold","damage_taken":11,"max_hp_gain":0,"max_hp_loss":0,"event_name":"World of Goop","floor":4,"gold_loss":0},{"damage_healed":0,"gold_gain":0,"player_choice":"Entered Light","damage_taken":15,"max_hp_gain":0,"max_hp_loss":0,"event_name":"Shining Light","floor":5,"gold_loss":0,"cards_upgraded":["jesterMod:JackInTheBox","jesterMod:Defend"]}],"is_beta":false,"boss_relics":[],"items_purged_floors":[],"is_endless":false,"potions_floor_spawned":[1,3],"killed_by":"Lagavulin","ascension_level":0}}