{"host":"81h68oe4mr04pk3r","time":1608448299,"event":{"mods":["Act Like it!","Aspiration","BaseMod","BetterRewards","Colored Map","Colored Powertips","Conspire","Downfall","Hermit","Hubris","Infinite Spire","Jorbs\u0027s Wanderer Trilogy","Koishi","Lobotomy","LobotomyExtend","Marisa????????","Minty Spire (QoL Compilation)","Quick Restart","Reimu??????","Remilia??????","Replay The Spire","StSLib","The Bug Knight","The Construct","The Cursed","The Disciple","The Servant 0.9.4"],"gold_per_floor":[118,129,129,129,129,149,149,169,169,169,169,185,185,87,87,186,186,203,203,203,216,234,234,250,250,250,250,264,264,264],"floor_reached":29,"playtime":1345,"items_purged":[],"score":215,"play_id":"91a4ce8d-76d1-41d8-8f5a-bdcb2321413a","local_time":"20201219231139","is_ascension_mode":false,"campfire_choices":[{"data":"Infinite Blades","floor":11,"key":"SMITH"},{"floor":13,"key":"REST"},{"data":"hermit:CalledShot","floor":15,"key":"SMITH"},{"floor":23,"key":"REST"},{"floor":27,"key":"REST"}],"circlet_count":0,"master_deck":["hermit:Strike_Hermit","hermit:Strike_Hermit","hermit:Strike_Hermit+1","hermit:Strike_Hermit+1","hermit:Defend_Hermit","hermit:Defend_Hermit+1","hermit:Defend_Hermit","hermit:Defend_Hermit","hermit:Snapshot","Quick Slash","Infinite Blades+1","hermit:Dive","hermit:CalledShot+1","hermit:Quickdraw","hermit:Coalescence","hermit:Magnum","hermit:TrackingShot","Infinite Blades+1","hermit:ItchyTrigger","hermit:Snipe","hermit:Glare","hermit:BigShot"],"relics":["hermit:Momento","aspiration:Nostalgia","construct:Cogwheel","LetterFromLob","InspiredRelic","Pantograph","Gremlin Food"],"acts_visited":["Exordium","TheCity"],"potions_floor_usage":[16,16,24,28,29],"damage_taken":[{"damage":1,"enemies":"Cultist","floor":1,"turns":3},{"damage":0,"enemies":"2 Louse","floor":2,"turns":2},{"damage":6,"enemies":"Small Slimes","floor":6,"turns":2},{"damage":10,"enemies":"Red Slaver","floor":8,"turns":4},{"damage":20,"enemies":"Exordium Wildlife","floor":12,"turns":5},{"damage":63,"enemies":"The Guardian","floor":16,"turns":13},{"damage":25,"enemies":"Spheric Guardian","floor":18,"turns":5},{"damage":16,"enemies":"conspire:FuzzyDice","floor":21,"turns":6},{"damage":20,"enemies":"Chosen and Byrds","floor":22,"turns":7},{"damage":31,"enemies":"Cultist and Chosen","floor":24,"turns":7},{"damage":28,"enemies":"Snake Plant","floor":28,"turns":5},{"damage":25,"enemies":"Shelled Parasite and Fungi","floor":29,"turns":2}],"seed_played":"-4747992726161129158","potions_obtained":[{"floor":2,"key":"FearPotion"},{"floor":8,"key":"hermit:Tonic"},{"floor":16,"key":"PowerPotion"},{"floor":18,"key":"Strength Potion"},{"floor":21,"key":"Reflective Coating"}],"is_trial":false,"path_per_floor":["M","M","?","?","?","M","M","M","T","?","R","M","R","$","R","B",null,"M","?","?","M","M","R","M","?","T","R","M","M"],"character_chosen":"HERMIT","items_purchased":["hermit:Quickdraw","hermit:Coalescence"],"campfire_rested":3,"item_purchase_floors":[14,14],"current_hp_per_floor":[74,74,59,59,59,53,53,43,43,85,85,65,85,85,85,22,85,60,60,60,44,24,49,18,18,18,43,15,0,0],"gold":264,"neow_bonus":"NOSTALGIA","is_daily":false,"chose_seed":false,"campfire_upgraded":2,"win_rate":0.0,"timestamp":1608448299,"path_taken":["M","?","?","?","?","M","M","M","T","?","R","M","R","$","R","BOSS","M","?","?","?","M","R","M","?","T","R","?","M"],"items_purchased_type":["Card","Card"],"build_version":"2020-12-13","purchased_purges":0,"victory":false,"max_hp_per_floor":[75,75,75,75,75,75,75,75,75,85,85,85,85,85,85,85,85,85,85,85,85,85,85,85,85,85,85,85,85,85],"card_choices":[{"not_picked":["hermit:HoleUp","hermit:Roulette"],"picked":"hermit:SprayPray","floor":1},{"not_picked":["hermit:LoneWolf","hermit:SprayPray"],"picked":"hermit:Brawl","floor":2},{"not_picked":["hermit:Desperado","hermit:TakeCover"],"picked":"hermit:Coalescence","floor":6},{"not_picked":["hermit:DeadMansHand","hermit:LowProfile"],"picked":"hermit:Dive","floor":8},{"not_picked":["hermit:Ricochet","hermit:GoldenBullet"],"picked":"hermit:CalledShot","floor":12},{"not_picked":["hermit:RoundhouseKick","hermit:FromBeyond"],"picked":"hermit:Magnum","floor":16},{"not_picked":["hermit:Manifest","hermit:BodyArmor"],"picked":"hermit:TrackingShot","floor":18},{"not_picked":["hermit:Manifest","hermit:Feint+1"],"picked":"hermit:ItchyTrigger","floor":21},{"not_picked":["hermit:Dive","hermit:ItchyTrigger+1"],"picked":"hermit:Snipe","floor":22},{"not_picked":["hermit:Showdown","hermit:Desperado"],"picked":"hermit:Glare","floor":24},{"not_picked":["hermit:Showdown","hermit:Dive+1"],"picked":"hermit:BigShot","floor":28}],"player_experience":123993,"relics_obtained":[{"floor":1,"key":"LetterFromLob"},{"floor":9,"key":"Pantograph"},{"floor":26,"key":"Gremlin Food"}],"event_choices":[{"damage_healed":0,"gold_gain":0,"player_choice":"Entered Light","damage_taken":15,"max_hp_gain":0,"max_hp_loss":0,"event_name":"Shining Light","floor":3,"gold_loss":0,"cards_upgraded":["hermit:Strike_Hermit","hermit:Strike_Hermit"]},{"cards_removed":["Night Terror"],"damage_healed":32,"gold_gain":0,"player_choice":"Offered Rare","damage_taken":0,"max_hp_gain":10,"max_hp_loss":0,"event_name":"Bonfire Elementals","floor":10,"gold_loss":0},{"damage_healed":0,"gold_gain":0,"player_choice":"Copied","damage_taken":0,"max_hp_gain":0,"max_hp_loss":0,"event_name":"Duplicator","floor":20,"gold_loss":0,"cards_obtained":["Infinite Blades"]},{"cards_removed":["hermit:Coalescence"],"damage_healed":0,"gold_gain":0,"player_choice":"Purged","damage_taken":0,"max_hp_gain":0,"max_hp_loss":0,"event_name":"Purifier","floor":25,"gold_loss":0}],"is_beta":false,"boss_relics":[{"not_picked":["hubris:VirtuousBlindfold","Replay:Bronze Core","Snecko Eye"]}],"items_purged_floors":[],"is_endless":false,"potions_floor_spawned":[2,8,16,18,21,22],"killed_by":"Shelled Parasite and Fungi","ascension_level":0}}