{"host":"3srbdas3e7jgqz5l","time":1608472912,"event":{"mods":["BaseMod","Downfall","Minty Spire (QoL Compilation)","StSLib"],"gold_per_floor":[99,109,209,224,224,149,149,177,195,195,205,220,276,376,396,497,497,497,527,543,543,557,557,583,599,599,599],"floor_reached":26,"playtime":1740,"items_purged":[],"score":253,"play_id":"f34f55b1-06f7-4df7-8359-c75278fd14ae","local_time":"20201220140152","is_ascension_mode":false,"campfire_choices":[{"floor":1,"key":"RECALL"},{"data":"sneckomod:ImprovisedGuard","floor":6,"key":"SMITH"},{"data":"1","floor":10,"key":"LIFT"},{"data":"sneckomod:UnknownRarePower","floor":18,"key":"SMITH"},{"floor":23,"key":"REST"}],"circlet_count":0,"master_deck":["sneckomod:Strike","sneckomod:Strike","sneckomod:Defend","sneckomod:Defend","sneckomod:Defend","sneckomod:TailWhip","sneckomod:SnekBite","sneckomod:Unknown","sneckomod:Unknown","sneckomod:IronFang","sneckomod:ImprovisedGuard+1","sneckomod:UnknownClassTHE_CHAMP_GRAY","sneckomod:ImprovisedAttack","sneckomod:WideSting","sneckomod:UnknownClassBLUE","sneckomod:UnknownClassPURPLE","sneckomod:UnknownBlock","sneckomod:UnknownRarePower+1","sneckomod:SoulExchange","sneckomod:Nope","sneckomod:DiceBlock+1"],"relics":["sneckomod:SneckoSoul","WarpedTongs","downfall:HeartBlessingRed","Girya","Orichalcum","Ornamental Fan","Empty Cage","Singing Bowl","GremlinMask","Ancient Tea Set"],"acts_visited":["Exordium","TheCity"],"potions_floor_usage":[13,13,16,25],"damage_taken":[{"damage":1,"enemies":"2 Louse","floor":2,"turns":2},{"damage":9,"enemies":"Jaw Worm","floor":4,"turns":4},{"damage":46,"enemies":"Gremlin Nob","floor":8,"turns":5},{"damage":5,"enemies":"Cultist","floor":9,"turns":3},{"damage":7,"enemies":"3 Louse","floor":11,"turns":3},{"damage":8,"enemies":"Red Slaver","floor":12,"turns":5},{"damage":7,"enemies":"3 Sentries","floor":13,"turns":4},{"damage":11,"enemies":"Blue Slaver","floor":15,"turns":3},{"damage":16,"enemies":"downfall:Watcher","floor":16,"turns":13},{"damage":83,"enemies":"Slavers","floor":19,"turns":7},{"damage":18,"enemies":"3 Byrds","floor":20,"turns":7},{"damage":0,"enemies":"Shell Parasite","floor":22,"turns":8},{"damage":48,"enemies":"3 Cultists","floor":25,"turns":6},{"damage":8,"enemies":"Book of Stabbing","floor":26,"turns":2}],"seed_played":"1092110022276982769","potions_obtained":[{"floor":11,"key":"Energy Potion"},{"floor":12,"key":"Energy Potion"},{"floor":13,"key":"ColorlessPotion"},{"floor":16,"key":"sneckomod:CheatPotion"},{"floor":19,"key":"Slimebound:ThreeZeroPotion"}],"is_trial":false,"path_per_floor":["R","M","?","M","?","R","T","E","M","R","M","M","?","?","M","B",null,"R","E","M","?","M","R","T","M","E"],"character_chosen":"THE_SNECKO","items_purchased":[],"campfire_rested":1,"item_purchase_floors":[],"current_hp_per_floor":[99,98,98,89,89,89,89,44,39,39,36,29,32,32,22,11,104,104,28,19,19,19,50,50,8,0,0],"gold":599,"neow_bonus":"TEN_PERCENT_HP_BONUS","is_daily":false,"chose_seed":false,"campfire_upgraded":2,"win_rate":0.0,"timestamp":1608472912,"path_taken":["R","M","?","M","?","R","T","E","M","R","M","?","?","?","M","BOSS","R","E","M","?","M","R","T","M","E"],"items_purchased_type":[],"build_version":"2020-12-13","purchased_purges":0,"victory":false,"max_hp_per_floor":[99,99,99,99,99,99,99,100,100,100,100,101,102,102,103,104,104,104,104,104,104,104,104,104,110,110,110],"card_choices":[{"not_picked":["sneckomod:WideSting","sneckomod:SoulRoll"],"picked":"sneckomod:IronFang","floor":2},{"not_picked":["sneckomod:WideSting","sneckomod:IronFang"],"picked":"sneckomod:ImprovisedGuard","floor":4},{"not_picked":["sneckomod:SnekBeam","sneckomod:UnknownX"],"picked":"sneckomod:UnknownClassTHE_CHAMP_GRAY","floor":8},{"not_picked":["sneckomod:UnknownStrike","sneckomod:MasterEye"],"picked":"sneckomod:ImprovisedAttack","floor":9},{"not_picked":["sneckomod:DiceCrush","sneckomod:UnknownVulnerable"],"picked":"sneckomod:WideSting","floor":11},{"not_picked":["sneckomod:Unknown1Cost","sneckomod:RainOfDice"],"picked":"sneckomod:UnknownClassBLUE","floor":12},{"not_picked":["sneckomod:UnknownBlock","sneckomod:UnknownClassGUARDIAN"],"picked":"sneckomod:UnknownClassPURPLE","floor":13},{"not_picked":["sneckomod:RainOfDice","sneckomod:UnknownExhaust"],"picked":"sneckomod:UnknownBlock","floor":15},{"not_picked":["sneckomod:Unknown3Cost","sneckomod:SoulExchange"],"picked":"sneckomod:UnknownRarePower","floor":16},{"not_picked":["sneckomod:ImprovisedGuard+1","sneckomod:UnknownCommonAttack+1"],"picked":"sneckomod:SoulExchange","floor":19},{"not_picked":["sneckomod:UnknownStrike","sneckomod:UnknownBlock"],"picked":"sneckomod:Nope","floor":20},{"not_picked":["sneckomod:UnknownClassGUARDIAN","sneckomod:SlitherStrike"],"picked":"sneckomod:DiceBlock+1","floor":22},{"not_picked":["sneckomod:UnknownStrike+1","sneckomod:UnknownVulnerable","sneckomod:DiceBlock"],"picked":"Singing Bowl","floor":25}],"player_experience":489053,"relics_obtained":[{"floor":7,"key":"Girya"},{"floor":8,"key":"Orichalcum"},{"floor":13,"key":"Ornamental Fan"},{"floor":19,"key":"Singing Bowl"},{"floor":24,"key":"Ancient Tea Set"}],"event_choices":[{"damage_healed":0,"gold_gain":0,"player_choice":"Rummage","damage_taken":0,"relics_obtained":["WarpedTongs"],"max_hp_gain":0,"max_hp_loss":0,"event_name":"Accursed Blacksmith","floor":5,"gold_loss":0,"cards_obtained":["Pain"]},{"damage_healed":0,"gold_gain":0,"player_choice":"Trade","damage_taken":0,"relics_obtained":["GremlinMask"],"max_hp_gain":0,"max_hp_loss":0,"event_name":"FaceTrader","floor":21,"gold_loss":0}],"is_beta":false,"boss_relics":[{"not_picked":["Astrolabe","Coffee Dripper"],"picked":"Empty Cage"}],"items_purged_floors":[],"is_endless":false,"potions_floor_spawned":[11,12,13,16,19],"killed_by":"Book of Stabbing","ascension_level":0}}