{"host":"3mdjmozz5rahgtdc","time":1608472361,"event":{"mods":["AchievementEnabler","BaseMod","Better Silent Start","Better-Laid Plans","Colored Map","Colored Powertips","Custom Start","DeckTracker","Emptier Cage","KOR Keyword Fix","Keyboard Shortcuts","Minty Spire (QoL Compilation)","Permanent Neow","Quick Restart","StSLib","SuperFastMode"],"gold_per_floor":[117,87,12,31,46,46,46],"floor_reached":6,"playtime":183,"items_purged":["Strike_R"],"score":50,"play_id":"7e861e31-433a-4f29-a1a3-b39003536c2f","local_time":"20201220225241","is_ascension_mode":true,"campfire_choices":[],"circlet_count":0,"master_deck":["Strike_R","Strike_R","Strike_R","Strike_R","Defend_R","Defend_R","Defend_R","Defend_R","Bash","Thinking Ahead","Wild Strike","Disarm"],"relics":["Burning Blood"],"acts_visited":["Exordium"],"potions_floor_usage":[6],"damage_taken":[{"damage":9.0,"enemies":"Cultist","floor":1.0,"turns":5.0},{"damage":6.0,"enemies":"Small Slimes","floor":4.0,"turns":3.0},{"damage":11.0,"enemies":"Jaw Worm","floor":5.0,"turns":5.0},{"damage":45,"enemies":"3 Sentries","floor":6,"turns":8}],"seed_played":"8725546949283197766","potions_obtained":[{"floor":2.0,"key":"Swift Potion"},{"floor":2.0,"key":"Energy Potion"},{"floor":4.0,"key":"CultistPotion"},{"floor":5.0,"key":"Ancient Potion"}],"is_trial":false,"path_per_floor":["M","?","$","M","M","E"],"character_chosen":"IRONCLAD","items_purchased":[],"campfire_rested":0,"item_purchase_floors":[],"current_hp_per_floor":[48,48,48,48,43,0,0],"gold":46,"neow_bonus":"RANDOM_COLORLESS_2","is_daily":false,"chose_seed":false,"campfire_upgraded":0,"win_rate":0.0,"timestamp":1608472361,"path_taken":["M","?","$","M","M","E"],"items_purchased_type":[],"build_version":"2020-12-13","purchased_purges":1,"victory":false,"max_hp_per_floor":[80,80,80,80,80,80,80],"card_choices":[{"not_picked":["Mayhem","Secret Technique"],"picked":"Thinking Ahead","floor":0.0},{"not_picked":["Flex","Sever Soul"],"picked":"Wild Strike","floor":1.0},{"not_picked":["Infernal Blade","Flex"],"picked":"Disarm","floor":4.0},{"not_picked":["Feel No Pain","Wild Strike","Clash"],"picked":"SKIP","floor":5.0}],"player_experience":311391,"relics_obtained":[],"event_choices":[{"damage_healed":0.0,"max_hp_gain":0.0,"max_hp_loss":0.0,"gold_gain":0.0,"event_name":"The Woman in Blue","player_choice":"Bought 2 Potions","floor":2.0,"gold_loss":0.0,"damage_taken":0.0}],"is_beta":false,"boss_relics":[],"items_purged_floors":[3],"is_endless":false,"potions_floor_spawned":[4,5],"killed_by":"3 Sentries","ascension_level":8}}