{"host":"bbcqjedmotowk2e9","time":1608462093,"event":{"mods":["A Magickal Journey","AchievementEnabler","Aspiration","BaseMod","BetterRewards","Colored Powertips","Conspire","Energized Spire","GifTheSpireLib","Halation","Hubris","Hyrulean Relics","Minty Spire (QoL Compilation)","Permanent Neow","Quick Restart","Relic Stats","Replay The Spire","Spires And Sneckos","StSLib","Stuff the Spire","Synergy Search","The Disciple","vexMod"],"gold_per_floor":[119,119,134,149,7,40,40,70,93,93,108,124,144,164,164,260,260,272,292,306,306,322,322,338,363,388,399,399,433,433,445,445,542,542,560,560,574,601,58,86,86,86,86,86,86,86,103,118,118,118],"floor_reached":51,"playtime":2640,"items_purged":["Strike_G","Footwork"],"score":1253,"play_id":"5b32930d-0446-4a0e-97ca-4dbf84e880a8","local_time":"20201220140133","is_ascension_mode":true,"campfire_choices":[{"floor":7,"key":"REST"},{"floor":10,"key":"REST"},{"floor":15,"key":"REST"},{"data":"Accuracy","floor":23,"key":"SMITH"},{"floor":28,"key":"REST"},{"floor":32,"key":"REST"},{"floor":41,"key":"REST"},{"data":"Doubt","floor":46,"key":"SMITH"},{"floor":49,"key":"DIG"}],"circlet_count":0,"master_deck":["Strike_G+1","Strike_G+1","Strike_G","Defend_G","Defend_G","Defend_G","Defend_G","Defend_G","Survivor","Neutralize","Accuracy+1","Blade Dance+1","Phantasmal Killer","Infinite Blades","Infinite Blades","Blade Dance","StuffTheSpire:DoubleShiv+1","After Image+1","Storm of Steel","Deflect","After Image+1","hubris:Sniper+1"],"relics":["Ring of the Snake","halation:TwoAmDonut","hubris:SlimyHat","Centennial Puzzle","Snecko Scales","Bag of Preparation","Gremlin Food","vexMod:ScavengeHelm","energizedSpire:MagnifyingGlass","halation:PrussianBluePaint","vexMod:HeadHunter","Happy Flower","hubris:Icosahedron","Question Card","Turnip"],"acts_visited":["Exordium","TheCity","TheBeyond"],"potions_floor_usage":[6,8,12,24,31,33,33,37,38,40,50],"damage_taken":[{"damage":4,"enemies":"Small Slimes","floor":1,"turns":6},{"damage":8,"enemies":"Cultist","floor":3,"turns":6},{"damage":4,"enemies":"Jaw Worm","floor":4,"turns":4},{"damage":22,"enemies":"3 Sentries","floor":6,"turns":6},{"damage":13,"enemies":"Gremlin Nob","floor":8,"turns":5},{"damage":2,"enemies":"Red Slaver","floor":11,"turns":3},{"damage":5,"enemies":"2 Fungi Beasts","floor":12,"turns":2},{"damage":36,"enemies":"3 Louse","floor":13,"turns":3},{"damage":2,"enemies":"Red Slaver","floor":14,"turns":5},{"damage":12,"enemies":"Fading Forest","floor":16,"turns":11},{"damage":8,"enemies":"Chosen","floor":18,"turns":3},{"damage":3,"enemies":"Spheric Guardian","floor":19,"turns":3},{"damage":8,"enemies":"Snake Plant","floor":20,"turns":4},{"damage":12,"enemies":"Chosen and Byrds","floor":22,"turns":4},{"damage":26,"enemies":"Shelled Parasite and Fungi","floor":24,"turns":3},{"damage":15,"enemies":"conspire:SneckoGhost","floor":25,"turns":4},{"damage":0,"enemies":"3 Cultists","floor":27,"turns":3},{"damage":20,"enemies":"Slavers","floor":29,"turns":4},{"damage":7,"enemies":"Centurion and Healer","floor":31,"turns":4},{"damage":26,"enemies":"Pondfish","floor":33,"turns":5},{"damage":1,"enemies":"3 Shapes","floor":35,"turns":5},{"damage":5,"enemies":"3 Darklings","floor":37,"turns":3},{"damage":23,"enemies":"conspire:MimicChest","floor":38,"turns":5},{"damage":0,"enemies":"R_Hoarder","floor":40,"turns":4},{"damage":9,"enemies":"Writhing Mass","floor":47,"turns":4},{"damage":0,"enemies":"Sphere and 2 Shapes","floor":48,"turns":3},{"damage":44,"enemies":"Donu and Deca","floor":50,"turns":8}],"seed_played":"5202338954706385580","potions_obtained":[{"floor":4,"key":"AttackPotion"},{"floor":6,"key":"GhostInAJar"},{"floor":8,"key":"SkillPotion"},{"floor":16,"key":"Dexterity Potion"},{"floor":20,"key":"AttackPotion"},{"floor":22,"key":"SkillPotion"},{"floor":25,"key":"Dexterity Potion"},{"floor":35,"key":"Swift Potion"},{"floor":38,"key":"Fruit Juice"},{"floor":48,"key":"Venom Potion"}],"is_trial":false,"path_per_floor":["M","?","M","M","$","E","R","E","T","R","M","M","M","M","R","B",null,"M","M","M","?","M","R","M","E","T","M","R","E","?","M","R","B",null,"M","?","M","?","$","E","R","?","T","?","?","R","M","M","R","B",null],"character_chosen":"THE_SILENT","items_purchased":["Footwork","After Image","vexMod:HeadHunter","CunningPotion"],"campfire_rested":6,"item_purchase_floors":[5,39,39,39],"current_hp_per_floor":[59,52,44,40,40,18,39,26,26,47,45,40,4,2,23,19,57,49,46,38,70,58,58,32,17,17,17,38,18,18,11,32,6,54,53,53,48,30,30,30,52,52,52,75,75,75,66,66,66,22],"gold":118,"neow_bonus":"TRANSFORM_CARD","is_daily":false,"chose_seed":false,"campfire_upgraded":2,"win_rate":0.0,"timestamp":1608462093,"path_taken":["M","?","?","M","?","E","R","E","T","R","M","M","?","M","R","BOSS","M","?","M","?","M","R","?","E","T","M","R","E","?","M","R","BOSS","M","?","?","?","$","E","R","?","T","?","?","R","?","M","R","BOSS"],"items_purchased_type":["Card","Card","Relic","Potion"],"build_version":"2020-12-13","purchased_purges":2,"victory":true,"max_hp_per_floor":[70,70,70,70,70,70,70,70,70,70,70,70,70,70,70,70,70,70,70,70,70,70,70,70,70,70,70,70,70,70,70,70,70,70,70,70,70,75,75,75,75,75,75,75,75,75,75,75,75,75],"relic_stats":{"Centennial Puzzle":[57],"Happy Flower":[5],"counters":[27,120],"Turnip":[0],"Bag of Preparation":[22],"Question Card":2,"obtain_stats":[{"Gremlin Food":26,"Happy Flower":40,"vexMod:ScavengeHelm":29,"hubris:SlimyHat":8,"Bag of Preparation":25,"Question Card":43,"Centennial Puzzle":9,"hubris:Icosahedron":42,"Snecko Scales":17,"halation:PrussianBluePaint":38,"vexMod:HeadHunter":39,"Turnip":49,"energizedSpire:MagnifyingGlass":34,"halation:TwoAmDonut":6,"Ring of the Snake":0},{"Gremlin Food":16,"Happy Flower":24,"vexMod:ScavengeHelm":18,"hubris:SlimyHat":5,"Bag of Preparation":16,"Question Card":24,"Centennial Puzzle":5,"hubris:Icosahedron":24,"Snecko Scales":10,"halation:PrussianBluePaint":23,"vexMod:HeadHunter":23,"Turnip":26,"energizedSpire:MagnifyingGlass":20,"halation:TwoAmDonut":4,"Ring of the Snake":0},{"Gremlin Food":72,"Happy Flower":105,"vexMod:ScavengeHelm":79,"hubris:SlimyHat":27,"Bag of Preparation":72,"Question Card":105,"Centennial Puzzle":27,"hubris:Icosahedron":105,"Snecko Scales":51,"halation:PrussianBluePaint":101,"vexMod:HeadHunter":101,"Turnip":112,"energizedSpire:MagnifyingGlass":88,"halation:TwoAmDonut":22,"Ring of the Snake":0}],"Ring of the Snake":[54]},"card_choices":[{"not_picked":["Poisoned Stab","Replay:Poison Smokescreen","hubris:SlightOfHand"],"picked":"SKIP","floor":1},{"not_picked":["Underhanded Strike","Riddle With Holes"],"picked":"Blade Dance","floor":3},{"not_picked":["PiercingWail","Deadly Poison"],"picked":"Footwork","floor":4},{"not_picked":["Reflex","Doppelganger"],"picked":"Phantasmal Killer","floor":6},{"not_picked":["Deadly Poison","ReplayTheSpireMod:From All Sides"],"picked":"Infinite Blades","floor":8},{"not_picked":["Prepared","Bane","StuffTheSpire:Repulse"],"picked":"SKIP","floor":11},{"not_picked":["Masterful Stab","Predator"],"picked":"Infinite Blades","floor":12},{"not_picked":["Outmaneuver","PiercingWail"],"picked":"Blade Dance","floor":13},{"not_picked":["StuffTheSpire:Python","StuffTheSpire:ClusterCrunch","ReplayTheSpireMod:Tripwire"],"picked":"SKIP","floor":14},{"not_picked":["Bane","Slice","Underhanded Strike"],"picked":"SKIP","floor":18},{"not_picked":["StuffTheSpire:Incursion","Sneak Up+1","Acrobatics+1"],"picked":"SKIP","floor":19},{"not_picked":["Die Die Die","Backflip+1"],"picked":"StuffTheSpire:DoubleShiv+1","floor":20},{"not_picked":["Fluid Movement","hubris:Counter+1","Slice"],"picked":"SKIP","floor":22},{"not_picked":["StuffTheSpire:Fury","Quick Slash","Dodge and Roll+1"],"picked":"SKIP","floor":24},{"not_picked":["StuffTheSpire:ClusterCrunch","Distraction","Sucker Punch"],"picked":"SKIP","floor":25},{"not_picked":["Deadly Poison+1","Catalyst","Bouncing Flask"],"picked":"SKIP","floor":27},{"not_picked":["conspire:DoublingDagger","StuffTheSpire:ClusterCrunch","StuffTheSpire:Python"],"picked":"SKIP","floor":29},{"not_picked":["ReplayTheSpireMod:The Works","Sucker Punch"],"picked":"After Image","floor":31},{"not_picked":["A Thousand Cuts","Replay:Bag of Tricks"],"picked":"Storm of Steel","floor":33},{"not_picked":["Outmaneuver","StuffTheSpire:ClusterCrunch","hubris:SlightOfHand+1"],"picked":"SKIP","floor":35},{"not_picked":["Sucker Punch","Quick Slash","Slice+1"],"picked":"SKIP","floor":37},{"not_picked":["Prepared+1","Deadly Poison+1"],"picked":"Deflect","floor":38},{"not_picked":["Cloak And Dagger+1","Eviscerate+1"],"picked":"hubris:Sniper+1","floor":40},{"not_picked":["Poison Darts","Storm of Steel","Phantasmal Killer"],"picked":"SKIP","floor":40},{"not_picked":["Outmaneuver+1","Slice","Masterful Stab+1","Deflect"],"picked":"SKIP","floor":47},{"not_picked":["StuffTheSpire:Python+1","Outmaneuver","hubris:SlightOfHand","Masterful Stab+1"],"picked":"SKIP","floor":48}],"player_experience":532405,"relics_obtained":[{"floor":6,"key":"halation:TwoAmDonut"},{"floor":8,"key":"hubris:SlimyHat"},{"floor":9,"key":"Centennial Puzzle"},{"floor":25,"key":"Bag of Preparation"},{"floor":26,"key":"Gremlin Food"},{"floor":29,"key":"vexMod:ScavengeHelm"},{"floor":38,"key":"halation:PrussianBluePaint"},{"floor":40,"key":"Happy Flower"},{"floor":43,"key":"Question Card"},{"floor":49,"key":"Turnip"}],"event_choices":[{"damage_healed":0,"gold_gain":0,"player_choice":"Damaged","damage_taken":7,"max_hp_gain":0,"max_hp_loss":0,"event_name":"Wheel of Change","floor":2,"gold_loss":0},{"cards_removed":["Footwork"],"damage_healed":32,"gold_gain":0,"player_choice":"Offered Uncommon","damage_taken":0,"max_hp_gain":0,"max_hp_loss":0,"event_name":"Bonfire Elementals","floor":21,"gold_loss":0},{"damage_healed":0,"gold_gain":0,"player_choice":"Forge","damage_taken":0,"max_hp_gain":0,"max_hp_loss":0,"event_name":"Accursed Blacksmith","floor":36,"gold_loss":0,"cards_upgraded":["After Image"]},{"damage_healed":23,"gold_gain":0,"player_choice":"Heal","damage_taken":0,"max_hp_gain":0,"max_hp_loss":0,"event_name":"MindBloom","floor":44,"gold_loss":0,"cards_obtained":["Doubt"]},{"damage_healed":0,"gold_gain":0,"player_choice":"0 cards matched","damage_taken":0,"max_hp_gain":0,"max_hp_loss":0,"event_name":"Match and Keep!","floor":45,"gold_loss":0,"cards_obtained":[]}],"is_beta":false,"boss_relics":[{"not_picked":["Velvet Choker","StuffTheSpire:ModemDavis"],"picked":"Snecko Scales"},{"not_picked":["energizedSpire:SpiderWeb","Snecko Eye"],"picked":"energizedSpire:MagnifyingGlass"}],"items_purged_floors":[5,39],"is_endless":false,"potions_floor_spawned":[4,6,8,16,20,22,25,35,38,48],"ascension_level":6}}