{"host":"y0wkltgt9g64tmdy","time":1608444242,"event":{"mods":["BaseMod","Marisa（F雨　魔理沙）","Minty Spire (QoL Compilation)","Replay The Spire","Shop Mod","StSLib","The Bug Knight","The Gatherer","Waifu the Spire","[地精首领爬塔]The Maniac"],"gold_per_floor":[117,137,148,148,163,163,163,188,188,213,242,27,58,45,45,163,163,197,238,238,238],"floor_reached":20,"playtime":839,"items_purged":[],"score":170,"play_id":"8f30360b-6d63-4cca-9072-47ad1ae4ea47","local_time":"20201220140402","is_ascension_mode":false,"campfire_choices":[{"floor":6,"key":"REST"},{"floor":15,"key":"REST"}],"circlet_count":0,"master_deck":["Strike_MRS","Strike_MRS","Strike_MRS","Defend_MRS","Defend_MRS","Defend_MRS","Defend_MRS","MasterSpark","UpSweep","Strike_MRS+1","maniac:BurnBlood","EventHorizon","StarBarrage","MilkyWay","WitchOfGreed","PulseMagic","EnergyFlow","AsteroidBelt","PowerUp","AsteroidBelt","BinaryStars","UltimateShortwave","CasketOfStar","Robbery","OrrerysSun"],"relics":["BewitchedHakkero","MerchantsRug"],"acts_visited":["Exordium","TheCity"],"potions_floor_usage":[18],"damage_taken":[{"damage":3,"enemies":"Small Slimes","floor":1,"turns":3},{"damage":6,"enemies":"Jaw Worm","floor":2,"turns":4},{"damage":0,"enemies":"Cultist","floor":3,"turns":3},{"damage":11,"enemies":"Large Slime","floor":5,"turns":5},{"damage":4,"enemies":"2 Fungi Beasts","floor":8,"turns":4},{"damage":11,"enemies":"3 Louse","floor":10,"turns":4},{"damage":16,"enemies":"Large Slime","floor":11,"turns":5},{"damage":17,"enemies":"Looter","floor":13,"turns":4},{"damage":36,"enemies":"Hexaghost","floor":16,"turns":11},{"damage":44,"enemies":"3 Byrds","floor":18,"turns":7},{"damage":26,"enemies":"Chosen","floor":19,"turns":6},{"damage":16,"enemies":"Centurion and Healer","floor":20,"turns":4}],"seed_played":"8786807507207711886","potions_obtained":[{"floor":3,"key":"Strength Potion"},{"floor":8,"key":"Ancient Potion"},{"floor":8,"key":"Weak Potion"},{"floor":11,"key":"StarNLove"},{"floor":16,"key":"PowerPotion"},{"floor":18,"key":"Milkshake"},{"floor":18,"key":"Cursed Concoction"},{"floor":19,"key":"Explosive Potion"}],"is_trial":false,"path_per_floor":["M","M","M","?","M","R","?","M","T","M","M","$","M","$","R","B",null,"M","M","M"],"character_chosen":"MARISA","items_purchased":["MerchantsRug","PowerUp","AsteroidBelt","UltimateShortwave"],"campfire_rested":2,"item_purchase_floors":[12,12,12,14],"current_hp_per_floor":[86,80,80,73,62,88,88,84,84,73,57,57,40,40,66,30,89,45,19,3,3],"gold":238,"neow_bonus":"TWENTY_PERCENT_HP_BONUS","is_daily":false,"chose_seed":false,"campfire_upgraded":0,"win_rate":0.0,"timestamp":1608444242,"path_taken":["M","M","M","?","M","R","?","M","T","M","M","$","M","?","R","BOSS","M","M","?"],"items_purchased_type":["Relic","Card","Card","Card"],"build_version":"2020-12-13","purchased_purges":0,"victory":false,"max_hp_per_floor":[89,89,89,89,89,89,89,89,89,89,89,89,89,89,89,89,89,89,89,89,89],"card_choices":[{"not_picked":["LuminesStrike","MachineGunSpark"],"picked":"EventHorizon","floor":1},{"not_picked":["GrandCross","6A"],"picked":"StarBarrage","floor":2},{"not_picked":["OneTimeOff","Robbery"],"picked":"MilkyWay","floor":3},{"not_picked":["DoubleSpark","EnergyRecoil"],"picked":"WitchOfGreed","floor":5},{"not_picked":["Acceleration","EventHorizon"],"picked":"PulseMagic","floor":8},{"not_picked":["BlazeAway","StarlightTyphoon"],"picked":"EnergyFlow","floor":10},{"not_picked":["SporeBomb","FairyDestructionRay"],"picked":"AsteroidBelt","floor":11},{"not_picked":["ShootingEcho","OneTimeOff"],"picked":"BinaryStars","floor":13},{"not_picked":["ManaRampage","AbsoluteMagnitude"],"picked":"CasketOfStar","floor":16},{"not_picked":["EnergyRecoil","SporeBomb"],"picked":"Robbery","floor":18},{"not_picked":["GravityBeat","WitchLeyline"],"picked":"OrrerysSun","floor":19}],"player_experience":87539,"relics_obtained":[{"floor":9,"key":"Bottled Flame"}],"event_choices":[{"cards_removed":["Strike_MRS"],"damage_healed":0,"gold_gain":0,"player_choice":"Card Removal","damage_taken":7,"max_hp_gain":0,"max_hp_loss":0,"event_name":"Golden Wing","floor":4,"gold_loss":0}],"is_beta":false,"boss_relics":[{"not_picked":["Replay:Ancient Bell","Philosopher\u0027s Stone"],"picked":"BewitchedHakkero"}],"items_purged_floors":[],"is_endless":false,"potions_floor_spawned":[3,8,10,13,18],"killed_by":"Centurion and Healer","ascension_level":0}}