{"host":"a6e7726euhze0d52","time":1608483793,"event":{"mods":["2.2 Compatiblity","Act Like it!","Alarm Clock","Art Attack!","Aspiration","BaseMod","Beaked The Cultist","Bestiary","Better Altar","Better Match","Better Note","Better Sensory Stone","Better Silent Start","Better Skull","Better Third Choice","Better Vampires","Block Reminder","CatGirl Mod","Challenge The Spire","ChefMod","Colored Map","Conspire","Disable Question Mark Monsters","Displayed Cursed Tome","Downfall","Energized Spire","Friendly Minions","GifTheSpireLib","Gold Saver","Halation","Hermit","Hubris","Infinite Spire","Marked Mod","Minty Spire (QoL Compilation)","QueenMod","RRrroohrrRGHHhhh!!","Random Character Button","Rare Cards Sparkle","Replay The Spire","SacredBarkPlus","Shade Mod","Shop Mod","Slumbering Mod","Small Relic Pack","Somnambulant","Spicy Shops","StSLib","Stuff the Spire","The Blackbeard","The Blue Laboratory","The Bug Knight","The Construct","The Cursed","The Death Knight","The Disciple","The Forsaken","The Hierophant","The Necromancer","The Sage","The Showman","The Trickster","TheBandit","vexMod"],"gold_per_floor":[569,596,596,627,552,552,579,599,625,475,494,513,513,532,548,650,650,650],"floor_reached":17,"playtime":1063,"items_purged":[],"score":150,"play_id":"ff1ac034-d6a8-43a7-9d20-93c5e7dcfb7b","local_time":"20201220180313","is_ascension_mode":false,"campfire_choices":[{"floor":1.0,"key":"RECALL"},{"data":"Guardian:Orbwalk","floor":5.0,"key":"SMITH"},{"data":"Guardian:TwinSlam","floor":10,"key":"SMITH"}],"circlet_count":0,"master_deck":["ArtAttackMod:ArtAttack","Guardian:Strike_Guardian","Guardian:Strike_Guardian","Guardian:Strike_Guardian","Guardian:Strike_Guardian","Guardian:Defend_Guardian","Guardian:Defend_Guardian","Guardian:Defend_Guardian","Guardian:Defend_Guardian","Guardian:CurlUp","Guardian:TwinSlam+1","Guardian:Orbwalk+1","Guardian:Suspension","Guardian:ShieldCharger","Guardian:DecasProtection","Guardian:Gem_Lightblue","Guardian:StasisStrike","Guardian:ArmoredProtocol","Guardian:PiercingHide","Guardian:FierceBash"],"relics":["Guardian:ModeShifter","downfall:HeartsMalice","ReplayTheSpireMod:Ninjato","StuffTheSpire:DarkSteelAnvil","downfall:HeartBlessingRed","hubris:OldNail","downfall:HeartBlessingBlue","downfall:HeartBlessingGreen","vexMod:TanglingVine"],"acts_visited":["Exordium","TheCity"],"potions_floor_usage":[],"damage_taken":[{"damage":0.0,"enemies":"theSlumbering:Adrasteia","floor":2.0,"turns":1.0},{"damage":0.0,"enemies":"Jaw Worm","floor":3.0,"turns":1.0},{"damage":14.0,"enemies":"Gremlin Nob","floor":4.0,"turns":3.0},{"damage":0.0,"enemies":"Small Slimes","floor":8.0,"turns":2.0},{"damage":15,"enemies":"3 Sentries","floor":9,"turns":6},{"damage":0,"enemies":"Cultist","floor":11,"turns":2},{"damage":0,"enemies":"Large Slime","floor":12,"turns":2},{"damage":0,"enemies":"2 Fungi Beasts","floor":14,"turns":3},{"damage":13,"enemies":"Exordium Thugs","floor":15,"turns":4},{"damage":1,"enemies":"downfall:CharBossWatcher","floor":16,"turns":2}],"seed_played":"-320858614884855240","potions_obtained":[{"floor":2.0,"key":"CultistPotion"},{"floor":4.0,"key":"DeathKnight:RimePotion"},{"floor":11,"key":"blueLaboratory:PhilterOfMotion"},{"floor":12,"key":"blueLaboratory:ExaltedPotion"},{"floor":14,"key":"AttackPotion"}],"is_trial":false,"path_per_floor":["R","E","M","E","R","?","T","M","E","R","M","M","?","M","M","B",null],"character_chosen":"GUARDIAN","items_purchased":[],"campfire_rested":0,"item_purchase_floors":[],"current_hp_per_floor":[80,80,80,66,66,59,59,59,44,54,54,54,54,54,41,40,90,90],"gold":650,"neow_bonus":"THREE_ENEMY_KILL","is_daily":false,"chose_seed":false,"campfire_upgraded":2,"win_rate":0.0,"timestamp":1608483793,"path_taken":["R","E","M","E","R","?","T","M","E","R","M","M","?","M","M","BOSS"],"items_purchased_type":[],"build_version":"2020-12-13","purchased_purges":0,"victory":false,"max_hp_per_floor":[80,80,80,80,80,80,80,80,80,90,90,90,90,90,90,90,90,90],"card_choices":[{"not_picked":["Guardian:CrystalBeam","Guardian:PrimingBeam"],"picked":"Guardian:Orbwalk","floor":2.0},{"not_picked":["Guardian:Reroute","Guardian:BronzeOrb"],"picked":"Guardian:Suspension","floor":3.0},{"not_picked":["Guardian:DecasProtection","Guardian:GemFire"],"picked":"Guardian:ShieldCharger","floor":4.0},{"not_picked":["Guardian:Gem_Fragmented","Guardian:BronzeArmor"],"picked":"Guardian:Gem_Cyan","floor":8.0},{"not_picked":["Guardian:Gem_White","Guardian:Planning"],"picked":"Guardian:Gem_Red","floor":9},{"not_picked":["Guardian:HyperBeam_Guardian","Guardian:PrimingBeam"],"picked":"Guardian:DecasProtection","floor":11},{"not_picked":["Guardian:ChargeCore","Guardian:Repulse"],"picked":"Guardian:Gem_Lightblue","floor":12},{"not_picked":["Guardian:RollAttack","Guardian:Gem_Green"],"picked":"Guardian:ArmoredProtocol","floor":14},{"not_picked":["Guardian:Incinerate","Guardian:Gem_Fragmented"],"picked":"Guardian:PiercingHide","floor":15},{"not_picked":["Guardian:Gem_Synthetic","Guardian:RevengeProtocol"],"picked":"Guardian:FierceBash","floor":16}],"player_experience":619840,"relics_obtained":[{"floor":2.0,"key":"ReplayTheSpireMod:Ninjato"},{"floor":4.0,"key":"StuffTheSpire:DarkSteelAnvil"},{"floor":9,"key":"conspire:Flyswatter"}],"event_choices":[{"damage_healed":0.0,"max_hp_gain":0.0,"max_hp_loss":0.0,"gold_gain":0.0,"event_name":"betterThird:BetterScrap","player_choice":"Relic ","floor":6.0,"gold_loss":0.0,"damage_taken":7.0,"cards_obtained":["Sneak Up"]}],"is_beta":false,"boss_relics":[{"not_picked":["Replay:Drink Me","vexMod:EndlessSickness"],"picked":"vexMod:TanglingVine"}],"items_purged_floors":[],"is_endless":false,"potions_floor_spawned":[2,4,11,12,14],"ascension_level":0}}