{"host":"mm0v83pkg2fvsdgl","time":1608444672,"event":{"mods":["2.2 Compatiblity","Alarm Clock","AlwaysNeverKeys","BaseMod","Beaked The Cultist","Better Altar","Better Match","Better Note","Better Sensory Stone","Better Silent Start","Better Third Choice","Clawfect","Displayed Cursed Tome","Energized Spire","Friendly Minions","Highlight Path","Ironclad Rager","Keyboard Shortcuts","Lotus Mark","Marisa????????","Marked Mod","Mimic Mod","Minty Spire (QoL Compilation)","Permanent Neow","Railgun Mod","Remove Card Discount Mod","Shade Mod","Somnambulant","Spicy Shops","StSLib","Swap Starting Deck Mod","The Construct","The Disciple","The Dragon Tamer","The Hierophant","TheHeartMod","TheVacant","Transform Curses","Unceasing Turn Reminder","Wandering Minibosses"],"gold_per_floor":[117,192,192,210,385,385,416,435,486,498,568,5,5,32,32,32,32,32],"floor_reached":16,"playtime":812,"items_purged":["Doubt","DTMod:Strike","DTMod:Strike"],"score":133,"play_id":"a2c6a741-214c-42c4-b2fa-b28a6883dfe4","local_time":"20201220011112","is_ascension_mode":false,"metric_token":2579,"campfire_choices":[{"data":"Madness","floor":6,"key":"SMITH"},{"data":"DTMod:RepeatStrike","floor":13,"key":"SMITH"},{"data":"DTMod:ForkedFire","floor":15,"key":"SMITH"}],"dtmod_dragon_data":[33,50,-1,-1,0,0],"circlet_count":0,"master_deck":["DTMod:Strike+1","DTMod:DoubleHit+1","DTMod:TargetDefense","DTMod:TargetDefense","DTMod:TargetDefense","DTMod:TargetDefense","DTMod:SwitchingTactic","DTMod:Feint","Madness+1","DTMod:ForkedFire+1","DTMod:QuickFly","DTMod:RecklessFlurry","DTMod:RepeatStrike+1","DTMod:ComboAttack"],"relics":["DTMod:PactStone","Whetstone","PreservedInsect","DTMod:MindBender","Bottled Lightning","Chemical X","DTMod:TacticalNote"],"acts_visited":["Exordium"],"potions_floor_usage":[16],"damage_taken":[{"damage":0,"enemies":"Small Slimes","floor":1,"turns":4},{"damage":0,"enemies":"2 Louse","floor":4,"turns":2},{"damage":20,"enemies":"3 Sentries","floor":7,"turns":8},{"damage":2,"enemies":"Jaw Worm","floor":8,"turns":3},{"damage":0,"enemies":"2 Fungi Beasts","floor":10,"turns":3},{"damage":0,"enemies":"Gremlin Nob","floor":14,"turns":2},{"damage":12,"enemies":"The Guardian","floor":16,"turns":7}],"seed_played":"-1790563801730564395","potions_obtained":[{"floor":8,"key":"EssenceOfSteel"}],"is_trial":false,"path_per_floor":["M","?","?","M","?","R","E","M","T","M","?","$","R","E","R","B"],"character_chosen":"THE_DT","items_purchased":["DTMod:MindBender","Bottled Lightning","Chemical X"],"campfire_rested":0,"item_purchase_floors":[12,12,12],"current_hp_per_floor":[45,34,34,34,34,34,14,12,12,12,12,12,12,12,12,0,0,0],"gold":32,"neow_bonus":"REMOVE_CARD","is_daily":false,"chose_seed":false,"campfire_upgraded":3,"win_rate":0.0,"timestamp":1608444672,"path_taken":["M","?","?","M","?","R","E","M","T","?","?","$","R","E","R","BOSS"],"items_purchased_type":["Relic","Relic","Relic"],"build_version":"2020-12-13","purchased_purges":3,"victory":false,"max_hp_per_floor":[45,45,45,45,45,45,45,45,45,45,45,45,45,45,45,45,45,45],"card_choices":[{"not_picked":["DTMod:Training","DTMod:Threaten"],"picked":"DTMod:Feint","floor":1},{"not_picked":["Purity","Secret Weapon"],"picked":"Madness","floor":3},{"not_picked":["DTMod:QuickFly","DTMod:Coolant"],"picked":"DTMod:ForkedFire","floor":4},{"not_picked":["DTMod:BurningForce","DTMod:MaximumCharge"],"picked":"DTMod:QuickFly","floor":7},{"not_picked":["DTMod:Cover","DTMod:BizarreTactic"],"picked":"DTMod:RecklessFlurry","floor":8},{"not_picked":["DTMod:Feint","DTMod:CleansingStrike"],"picked":"DTMod:RepeatStrike","floor":10},{"not_picked":["DTMod:Training","DTMod:Prediction"],"picked":"DTMod:ComboAttack","floor":14}],"player_experience":637074,"relics_obtained":[{"floor":7,"key":"Whetstone"},{"floor":9,"key":"PreservedInsect"},{"floor":14,"key":"DTMod:TacticalNote"}],"event_choices":[{"damage_healed":0,"gold_gain":75,"player_choice":"Gold","damage_taken":11,"max_hp_gain":0,"max_hp_loss":0,"event_name":"betterThird:BetterGoop","floor":2,"gold_loss":0},{"damage_healed":0,"gold_gain":1,"player_choice":"1","damage_taken":0,"max_hp_gain":0,"max_hp_loss":0,"event_name":"betterStone:BetterStone","floor":3,"gold_loss":0},{"damage_healed":0,"gold_gain":175,"player_choice":"AGREE","damage_taken":210,"max_hp_gain":0,"max_hp_loss":0,"event_name":"betterThird:BetterSerpent","floor":5,"gold_loss":0},{"damage_healed":0,"gold_gain":70,"player_choice":"Gained Gold","damage_taken":0,"max_hp_gain":0,"max_hp_loss":0,"event_name":"Golden Wing","floor":11,"gold_loss":0}],"is_beta":false,"boss_relics":[],"items_purged_floors":[12,12,12],"is_endless":false,"potions_floor_spawned":[8],"killed_by":"The Guardian","ascension_level":0}}