{"host":"esx1hwjnbftf3eqj","time":1608483802,"event":{"mods":["BaseMod","Colored Map","Minty Spire (QoL Compilation)","StSLib","The Jungle"],"gold_per_floor":[115,127,141,66,66,66,100,100,400,417,417,4,4,21,21,123,123,142,142,161,177,177,177,52,62,88,123,139,139,149,149,149,246,246,263,283,107,124,138,138,167,167,192,238,261,111,130,130,130,130,130],"floor_reached":50,"playtime":3534,"items_purged":["Strike_R","Strike_R","Strike_R","Second Wind"],"score":793,"play_id":"8151e759-cfc2-44c6-a483-dfa7cdd2b565","local_time":"20201220090322","is_ascension_mode":true,"campfire_choices":[{"data":"Shockwave","floor":6,"key":"SMITH"},{"data":"Demon Form","floor":8,"key":"SMITH"},{"data":"Metallicize","floor":11,"key":"SMITH"},{"data":"Berserk","floor":13,"key":"SMITH"},{"data":"Heavy Blade","floor":15,"key":"SMITH"},{"data":"Feed","floor":23,"key":"SMITH"},{"data":"Armaments","floor":29,"key":"SMITH"},{"data":"Metallicize","floor":32,"key":"SMITH"},{"data":"Defend_R","floor":40,"key":"SMITH"},{"data":"Defend_R","floor":42,"key":"SMITH"},{"data":"Impervious","floor":49,"key":"SMITH"}],"circlet_count":0,"master_deck":["Defend_R+1","Defend_R+1","Defend_R","Defend_R","Bash","Shockwave+1","Heavy Blade+1","Cleave","Metallicize+1","Demon Form+1","Pummel","Berserk+1","Headbutt","Feed+1","Pummel+1","Metallicize+1","Armaments+1","Shrug It Off+1","Iron Wave","Limit Break","Armaments+1","Heavy Blade","Heavy Blade","Impervious+1","Heavy Blade"],"relics":["Burning Blood","Champion Belt","Old Coin","Oddly Smooth Stone","Coffee Dripper","StoneCalendar","Bag of Marbles","Art of War","Busted Crown","Incense Burner","MawBank","Paper Frog"],"acts_visited":["Exordium","TheCity","TheBeyond"],"potions_floor_usage":[7,18,21,30,33,39,39,39,44,45,50,50],"damage_taken":[{"damage":1,"enemies":"Cultist","floor":1,"turns":4},{"damage":13,"enemies":"Jaw Worm","floor":2,"turns":5},{"damage":0,"enemies":"Small Slimes","floor":3,"turns":3},{"damage":21,"enemies":"Gremlin Nob","floor":7,"turns":5},{"damage":2,"enemies":"2 Fungi Beasts","floor":10,"turns":4},{"damage":6,"enemies":"Red Slaver","floor":14,"turns":3},{"damage":26,"enemies":"Slime Boss","floor":16,"turns":6},{"damage":6,"enemies":"3 Byrds","floor":18,"turns":5},{"damage":0,"enemies":"Chosen","floor":20,"turns":4},{"damage":10,"enemies":"Snecko","floor":21,"turns":4},{"damage":13,"enemies":"Cultist and Chosen","floor":25,"turns":7},{"damage":22,"enemies":"Book of Stabbing","floor":27,"turns":5},{"damage":12,"enemies":"Centurion and Healer","floor":28,"turns":5},{"damage":2,"enemies":"3 Cultists","floor":30,"turns":3},{"damage":0,"enemies":"Collector","floor":33,"turns":6},{"damage":12,"enemies":"3 Darklings","floor":35,"turns":6},{"damage":8,"enemies":"Orb Walker","floor":36,"turns":5},{"damage":34,"enemies":"Transient","floor":38,"turns":5},{"damage":6,"enemies":"Jaw Worm Horde","floor":39,"turns":5},{"damage":53,"enemies":"Nemesis","floor":41,"turns":7},{"damage":13,"enemies":"Reptomancer","floor":44,"turns":7},{"damage":0,"enemies":"4 Shapes","floor":45,"turns":6},{"damage":23,"enemies":"Spire Growth","floor":47,"turns":5},{"damage":26,"enemies":"Time Eater","floor":50,"turns":2}],"seed_played":"-3564352455874527284","potions_obtained":[{"floor":1,"key":"Block Potion"},{"floor":7,"key":"PowerPotion"},{"floor":16,"key":"DistilledChaos"},{"floor":20,"key":"SteroidPotion"},{"floor":21,"key":"EssenceOfSteel"},{"floor":25,"key":"Strength Potion"},{"floor":28,"key":"Dexterity Potion"},{"floor":30,"key":"Strength Potion"},{"floor":36,"key":"ElixirPotion"},{"floor":38,"key":"EntropicBrew"},{"floor":39,"key":"LiquidBronze"},{"floor":45,"key":"Energy Potion"}],"is_trial":false,"path_per_floor":["M","M","M","$","?","R","E","R","T","M","R","$","R","M","R","B",null,"M","?","M","M","?","R","$","M","T","E","M","R","M","?","R","B",null,"M","M","$","M","M","R","E","R","T","E","M","$","M","?","R","B"],"character_chosen":"IRONCLAD","items_purchased":["Berserk","Oddly Smooth Stone","Heavy Blade","Impervious"],"campfire_rested":0,"item_purchase_floors":[12,12,37,46],"current_hp_per_floor":[88,81,87,87,87,87,72,72,72,76,76,76,76,76,76,56,80,83,83,89,88,88,88,88,85,85,69,67,67,75,75,75,81,100,94,92,92,64,68,68,21,21,21,18,28,28,15,15,15,0,0],"gold":130,"neow_bonus":"TEN_PERCENT_HP_BONUS","is_daily":false,"chose_seed":false,"campfire_upgraded":11,"win_rate":0.0,"timestamp":1608483802,"path_taken":["M","?","M","$","?","R","E","R","T","?","R","$","R","M","R","BOSS","M","?","?","M","?","R","$","M","T","E","M","R","?","?","R","BOSS","M","M","$","M","?","R","E","R","T","E","M","$","M","?","R","BOSS"],"items_purchased_type":["Card","Relic","Card","Card"],"build_version":"2020-12-13","purchased_purges":4,"victory":false,"max_hp_per_floor":[88,88,88,88,88,88,88,88,88,88,88,88,88,88,88,88,88,91,91,91,94,94,94,94,98,98,98,102,102,106,106,106,106,106,106,106,106,106,110,110,110,110,110,114,118,118,122,122,122,122,122],"card_choices":[{"not_picked":["Power Through","Thunderclap"],"picked":"Shockwave","floor":1},{"not_picked":["Warcry","Thunderclap"],"picked":"Heavy Blade","floor":2},{"not_picked":["Feel No Pain","Pommel Strike"],"picked":"Cleave","floor":3},{"not_picked":["Shockwave","Body Slam"],"picked":"Demon Form","floor":7},{"not_picked":["Anger","Infernal Blade"],"picked":"Pummel","floor":10},{"not_picked":["Anger","Wild Strike"],"picked":"Headbutt","floor":14},{"not_picked":["Offering","Fiend Fire"],"picked":"Feed","floor":16},{"not_picked":["Burning Pact","Fire Breathing"],"picked":"Pummel+1","floor":18},{"not_picked":["Clash","True Grit+1","Rupture"],"picked":"SKIP","floor":20},{"not_picked":["Rampage","Wild Strike"],"picked":"Metallicize","floor":21},{"not_picked":["Blood for Blood","Combust+1"],"picked":"Armaments","floor":25},{"not_picked":["True Grit","Inflame+1"],"picked":"Shrug It Off+1","floor":27},{"not_picked":["True Grit","Havoc","Hemokinesis+1"],"picked":"SKIP","floor":28},{"not_picked":["Flex+1","Seeing Red"],"picked":"Iron Wave","floor":30},{"not_picked":["Corruption","Impervious"],"picked":"Limit Break","floor":33},{"not_picked":[],"picked":"Armaments+1","floor":35},{"not_picked":["Flex+1"],"picked":"SKIP","floor":36},{"not_picked":["Bloodletting+1"],"picked":"SKIP","floor":38},{"not_picked":["Twin Strike+1"],"picked":"SKIP","floor":39},{"not_picked":["Reckless Charge"],"picked":"SKIP","floor":41},{"not_picked":[],"picked":"Heavy Blade","floor":44},{"not_picked":["Seeing Red"],"picked":"SKIP","floor":45},{"not_picked":[],"picked":"Heavy Blade","floor":47}],"player_experience":506333,"relics_obtained":[{"floor":7,"key":"Champion Belt"},{"floor":9,"key":"Old Coin"},{"floor":26,"key":"Bag of Marbles"},{"floor":27,"key":"Art of War"},{"floor":41,"key":"Incense Burner"},{"floor":43,"key":"MawBank"},{"floor":44,"key":"Paper Frog"}],"event_choices":[{"damage_healed":0,"gold_gain":0,"cards_transformed":["Strike_R"],"player_choice":"Transformed","damage_taken":0,"max_hp_gain":0,"max_hp_loss":0,"event_name":"Transmorgrifier","floor":5,"gold_loss":0,"cards_obtained":["Metallicize"]},{"damage_healed":0,"gold_gain":0,"player_choice":"Gave Potion","damage_taken":0,"relics_obtained":["StoneCalendar"],"max_hp_gain":0,"max_hp_loss":0,"event_name":"WeMeetAgain","floor":19,"gold_loss":0},{"damage_healed":0,"gold_gain":0,"player_choice":"Bought 0 Potions","damage_taken":0,"max_hp_gain":0,"max_hp_loss":0,"event_name":"The Woman in Blue","floor":22,"gold_loss":0},{"damage_healed":0,"gold_gain":0,"cards_transformed":["Strike_R"],"player_choice":"Transformed","damage_taken":0,"max_hp_gain":0,"max_hp_loss":0,"event_name":"Transmorgrifier","floor":31,"gold_loss":0,"cards_obtained":["Second Wind"]},{"damage_healed":0,"gold_gain":0,"player_choice":"Memory 1","damage_taken":0,"max_hp_gain":0,"max_hp_loss":0,"event_name":"SensoryStone","floor":48,"gold_loss":0}],"is_beta":false,"boss_relics":[{"not_picked":["Fusion Hammer","Snecko Eye"],"picked":"Coffee Dripper"},{"not_picked":["Calling Bell","Black Blood"],"picked":"Busted Crown"}],"items_purged_floors":[4,12,24,37],"is_endless":false,"potions_floor_spawned":[1,7,16,20,21,25,28,30,36,38,39,45],"killed_by":"Time Eater","ascension_level":5}}