{"host":"3rixevx6n8b56xaj","time":1608484957,"event":{"mods":["2.2 Compatiblity","AchievementEnabler","BaseMod","Better Third Choice","Colored Map","DeckTracker","Friendly Minions","Minty Spire (QoL Compilation)","StSLib","SuperFastMode"],"gold_per_floor":[369,383,383,353,18,51,51,72,122,132,132,147,147,159,159,257,257,277,297,50,50,68,97,97,108,108,133,151,167,178,197,197,301,301,312,430,445,226,49,84,84,102,148,174,174,193,45,59,59,59,59,59,59,85,85],"floor_reached":56,"playtime":2151,"items_purged":["Strike_P","Nirvana+1","Strike_P+1","Strike_P+1"],"score":1326,"play_id":"2d8aa0a0-6070-4b02-8db7-a03efd550ebd","local_time":"20201221022237","is_ascension_mode":false,"campfire_choices":[{"data":"Eruption","floor":7.0,"key":"SMITH"},{"data":"Vault","floor":13.0,"key":"SMITH"},{"data":"WheelKick","floor":15.0,"key":"SMITH"},{"floor":32.0,"key":"REST"},{"data":"DevaForm","floor":41.0,"key":"SMITH"},{"floor":49.0,"key":"RECALL"},{"data":"MentalFortress","floor":52.0,"key":"SMITH"}],"circlet_count":0,"master_deck":["Defend_P+1","Defend_P+1","Eruption+1","Vigilance+1","WheelKick+1","EmptyFist+1","Vault+1","InnerPeace+1","Wallop+1","LessonLearned+1","Brilliance+1","Indignation+1","Halt+1","BowlingBash+1","EmptyBody+1","FollowUp+1","Collect+1","FearNoEvil+1","FlurryOfBlows+1","Devotion","DeceiveReality+1","Panache+1","Prostrate+1","TalkToTheHand+1","DevaForm+1","Tantrum+1","TalkToTheHand+1","MentalFortress+1"],"relics":["PureWater","Toy Ornithopter","betterThird:SlimedRelic","Meat on the Bone","Molten Egg 2","Odd Mushroom","Tiny Chest","Astrolabe","PreservedInsect","The Courier","Bronze Scales","Potion Belt","Coffee Dripper","Mercury Hourglass","Oddly Smooth Stone","OrangePellets","Turnip","Blood Vial","White Beast Statue","Gambling Chip","Blue Candle"],"acts_visited":["Exordium","TheCity","TheBeyond","TheEnding"],"potions_floor_usage":[55,55,55],"damage_taken":[{"damage":0.0,"enemies":"2 Louse","floor":1.0,"turns":1.0},{"damage":0.0,"enemies":"Small Slimes","floor":2.0,"turns":3.0},{"damage":28.0,"enemies":"Gremlin Nob","floor":6.0,"turns":4.0},{"damage":15.0,"enemies":"The Mushroom Lair","floor":8.0,"turns":6.0},{"damage":0.0,"enemies":"Jaw Worm","floor":10.0,"turns":3.0},{"damage":0.0,"enemies":"Blue Slaver","floor":12.0,"turns":1.0},{"damage":8.0,"enemies":"Exordium Thugs","floor":14.0,"turns":5.0},{"damage":18.0,"enemies":"Hexaghost","floor":16.0,"turns":12.0},{"damage":1.0,"enemies":"Shell Parasite","floor":18.0,"turns":5.0},{"damage":3.0,"enemies":"3 Byrds","floor":19.0,"turns":7.0},{"damage":3.0,"enemies":"Centurion and Healer","floor":22.0,"turns":6.0},{"damage":0.0,"enemies":"Gremlin Leader","floor":23.0,"turns":3.0},{"damage":0.0,"enemies":"Sentry and Sphere","floor":25.0,"turns":3.0},{"damage":0.0,"enemies":"Book of Stabbing","floor":27.0,"turns":2.0},{"damage":23.0,"enemies":"Snake Plant","floor":28.0,"turns":6.0},{"damage":0.0,"enemies":"Centurion and Healer","floor":29.0,"turns":5.0},{"damage":0.0,"enemies":"Snecko","floor":30.0,"turns":3.0},{"damage":6.0,"enemies":"Shelled Parasite and Fungi","floor":31.0,"turns":4.0},{"damage":26.0,"enemies":"Champ","floor":33.0,"turns":10.0},{"damage":6.0,"enemies":"Orb Walker","floor":35.0,"turns":3.0},{"damage":0.0,"enemies":"3 Shapes","floor":37.0,"turns":1.0},{"damage":43.0,"enemies":"Reptomancer","floor":40.0,"turns":4.0},{"damage":0.0,"enemies":"Sphere and 2 Shapes","floor":42.0,"turns":4.0},{"damage":0.0,"enemies":"Nemesis","floor":44.0,"turns":4.0},{"damage":1.0,"enemies":"Spire Growth","floor":46.0,"turns":5.0},{"damage":0.0,"enemies":"Transient","floor":48.0,"turns":5.0},{"damage":6.0,"enemies":"Donu and Deca","floor":50.0,"turns":9.0},{"damage":5.0,"enemies":"Shield and Spear","floor":54.0,"turns":4.0},{"damage":55,"enemies":"The Heart","floor":55,"turns":7}],"seed_played":"-7339188422493440396","potions_obtained":[{"floor":8.0,"key":"Strength Potion"},{"floor":10.0,"key":"FearPotion"},{"floor":16.0,"key":"EssenceOfSteel"},{"floor":18.0,"key":"Swift Potion"},{"floor":23.0,"key":"Ancient Potion"},{"floor":27.0,"key":"DistilledChaos"},{"floor":29.0,"key":"PowerPotion"},{"floor":31.0,"key":"AttackPotion"},{"floor":36.0,"key":"FairyPotion"},{"floor":46.0,"key":"SteroidPotion"},{"floor":48.0,"key":"DuplicationPotion"},{"floor":54.0,"key":"PowerPotion"}],"is_trial":false,"path_per_floor":["M","M","?","?","$","E","R","?","T","M","?","M","R","M","R","B",null,"M","M","$","?","M","E","T","M","T","E","M","M","M","M","R","B",null,"M","?","M","$","$","E","R","M","T","E","T","M","$","M","R","B",null,"R","$","E","B",null],"character_chosen":"WATCHER","items_purchased":["Meat on the Bone","PreservedInsect","Oddly Smooth Stone","OrangePellets","TalkToTheHand+1","MentalFortress"],"campfire_rested":1,"item_purchase_floors":[5,20,38,39,39,47],"current_hp_per_floor":[65,65,58,47,47,31,31,28,28,40,27,39,39,43,43,37,65,64,61,61,61,58,63,63,63,63,63,40,45,45,39,58,37,65,59,59,59,59,59,28,28,40,40,42,42,43,43,45,45,41,65,65,65,60,22],"gold":85,"neow_bonus":"TWO_FIFTY_GOLD","is_daily":false,"chose_seed":false,"campfire_upgraded":5,"win_rate":0.0,"timestamp":1608484957,"path_taken":["M","M","?","?","$","E","R","?","T","M","?","M","R","?","R","BOSS","M","M","$","?","M","E","?","M","T","E","M","M","M","M","R","BOSS","M","?","?","?","$","E","R","M","T","E","?","M","$","M","R","BOSS","R","$","E","BOSS"],"items_purchased_type":["Relic","Relic","Relic","Relic","Card","Card"],"build_version":"2020-12-13","purchased_purges":4,"victory":true,"max_hp_per_floor":[65,65,65,65,65,65,65,65,65,65,65,65,65,65,65,65,65,65,65,65,65,65,65,65,65,65,65,65,65,65,65,65,65,65,65,65,65,65,65,65,65,65,65,65,65,65,65,65,65,65,65,65,65,65,65],"card_choices":[{"not_picked":["Evaluate","ClearTheMind"],"picked":"WheelKick","floor":1.0},{"not_picked":["Prostrate","WaveOfTheHand"],"picked":"EmptyFist","floor":2.0},{"not_picked":["Halt","FlurryOfBlows+1"],"picked":"Vault","floor":6.0},{"not_picked":["CarveReality+1","Halt"],"picked":"InnerPeace","floor":10.0},{"not_picked":["WindmillStrike+1","Wireheading"],"picked":"Wallop+1","floor":12.0},{"not_picked":["Halt","PathToVictory","SignatureMove+1"],"picked":"SKIP","floor":14.0},{"not_picked":["Judgement","Scrawl"],"picked":"LessonLearned+1","floor":16.0},{"not_picked":["Pray","LikeWater+1"],"picked":"Halt","floor":18.0},{"not_picked":["Protect","Vengeance"],"picked":"BowlingBash+1","floor":19.0},{"not_picked":["Protect","Prostrate"],"picked":"EmptyBody","floor":22.0},{"not_picked":["CarveReality+1","Wireheading"],"picked":"FollowUp+1","floor":23.0},{"not_picked":["SashWhip+1","EmptyFist+1"],"picked":"Collect+1","floor":25.0},{"not_picked":["ClearTheMind","Blasphemy","LikeWater"],"picked":"SKIP","floor":27.0},{"not_picked":["CutThroughFate+1","Perseverance"],"picked":"FearNoEvil+1","floor":28.0},{"not_picked":["Crescendo","SashWhip+1","EmptyBody"],"picked":"SKIP","floor":29.0},{"not_picked":["WreathOfFlame","SashWhip+1"],"picked":"FlurryOfBlows+1","floor":30.0},{"not_picked":["ThirdEye+1","EmptyBody","CutThroughFate+1"],"picked":"SKIP","floor":31.0},{"not_picked":["DeusExMachina","SpiritShield"],"picked":"Devotion","floor":33.0},{"not_picked":["JustLucky+1","Consecrate+1"],"picked":"DeceiveReality+1","floor":35.0},{"not_picked":["Blind","Trip"],"picked":"Panache","floor":36.0},{"not_picked":["CarveReality+1","ThirdEye+1"],"picked":"Prostrate+1","floor":37.0},{"not_picked":["Study+1","CrushJoints+1"],"picked":"DevaForm","floor":40.0},{"not_picked":["Halt","PathToVictory+1"],"picked":"Tantrum+1","floor":42.0},{"not_picked":["FollowUp+1","CutThroughFate+1"],"picked":"TalkToTheHand+1","floor":44.0},{"not_picked":["ThirdEye","BowlingBash+1","Protect"],"picked":"SKIP","floor":46.0},{"not_picked":["FlurryOfBlows+1","CutThroughFate+1","Evaluate"],"picked":"SKIP","floor":48.0},{"not_picked":["FlyingSleeves+1","Wireheading+1","CutThroughFate+1"],"picked":"SKIP","floor":54.0}],"player_experience":536320,"relics_obtained":[{"floor":6.0,"key":"Molten Egg 2"},{"floor":8.0,"key":"Odd Mushroom"},{"floor":9.0,"key":"Tiny Chest"},{"floor":23.0,"key":"The Courier"},{"floor":26.0,"key":"Bronze Scales"},{"floor":27.0,"key":"Potion Belt"},{"floor":36.0,"key":"Mercury Hourglass"},{"floor":40.0,"key":"Turnip"},{"floor":43.0,"key":"Blood Vial"},{"floor":44.0,"key":"White Beast Statue"},{"floor":45.0,"key":"Gambling Chip"},{"floor":54.0,"key":"Blue Candle"}],"event_choices":[{"damage_healed":0.0,"max_hp_gain":0.0,"max_hp_loss":0.0,"gold_gain":0.0,"event_name":"betterThird:BetterScrap","player_choice":"Relic ","floor":3.0,"gold_loss":0.0,"damage_taken":7.0,"cards_obtained":["Power Through"]},{"damage_healed":0.0,"max_hp_gain":0.0,"max_hp_loss":0.0,"gold_gain":0.0,"event_name":"betterThird:BetterGoop","player_choice":"Slimed","floor":4.0,"gold_loss":30.0,"damage_taken":11.0},{"damage_healed":0.0,"max_hp_gain":0.0,"max_hp_loss":0.0,"gold_gain":0.0,"event_name":"Mushrooms","player_choice":"Fought Mushrooms","floor":8.0,"gold_loss":0.0,"damage_taken":0.0},{"damage_healed":40.0,"max_hp_gain":0.0,"max_hp_loss":65.0,"gold_gain":0.0,"event_name":"betterThird:BetterShining","player_choice":"Upgrade","floor":11.0,"gold_loss":0.0,"damage_taken":13.0,"cards_upgraded":["Defend_P","Strike_P"]},{"damage_healed":0.0,"max_hp_gain":0.0,"max_hp_loss":0.0,"gold_gain":0.0,"event_name":"NoteForYourself","player_choice":"Ignored","floor":21.0,"gold_loss":0.0,"damage_taken":0.0},{"damage_healed":0.0,"max_hp_gain":0.0,"max_hp_loss":0.0,"gold_gain":0.0,"event_name":"betterThird:BetterPortal","player_choice":"Random: Red","floor":36.0,"gold_loss":0.0,"damage_taken":0.0}],"is_beta":false,"boss_relics":[{"not_picked":["Ectoplasm","SlaversCollar"],"picked":"Astrolabe"},{"not_picked":["Cursed Key","HolyWater"],"picked":"Coffee Dripper"}],"items_purged_floors":[5,20,38,47],"is_endless":false,"potions_floor_spawned":[8,10,16,18,23,27,29,31,37,40,46,48,54],"ascension_level":0}}