{"host":"30jsp143e4v19aze","time":1608482904,"event":{"mods":["BaseMod","Colored Map","Colored Powertips","Curses Come First","DeckTracker","Highlight Path","Minty Spire (QoL Compilation)","Quick Restart","Relic Stats","StSLib"],"gold_per_floor":[114,125,50,50,65,65,90,107,107,138,168,168,168,168,168,246,246,261,275,289,289,27,56,56,56,79,79,79,106,121,152,152,231,231,242,242,35,49,49,49,83,83,160,160,187,212,242,256,256,256,256,256,256,13,43,43],"floor_reached":57,"playtime":4826,"items_purged":["Blood for Blood+1"],"score":2854,"play_id":"14da9ecd-4cd1-400d-9b6d-97819f3a1e00","local_time":"20201220174824","is_ascension_mode":true,"campfire_choices":[{"data":"Combust","floor":6,"key":"SMITH"},{"floor":12,"key":"REST"},{"data":"Rupture","floor":15,"key":"SMITH"},{"data":"Brutality","floor":24,"key":"SMITH"},{"data":"Sword Boomerang","floor":27,"key":"SMITH"},{"floor":32,"key":"REST"},{"floor":40,"key":"RECALL"},{"floor":42,"key":"REST"},{"floor":44,"key":"REST"},{"floor":49,"key":"REST"},{"floor":53,"key":"DIG"}],"circlet_count":0,"master_deck":["AscendersBane","Combust+1","Spot Weakness","Headbutt","Bloodletting","Rupture+1","Sword Boomerang+1","Brutality+1","Sword Boomerang+1","Double Tap","Intimidate","Hemokinesis+1","Clothesline+1","Heavy Blade+1","PanicButton","Feel No Pain","Corruption","True Grit","Pain","Second Wind","Whirlwind+1","Fiend Fire+1","Battle Trance+1","Shrug It Off","Master of Strategy","Flame Barrier","Impervious","True Grit+1","Seeing Red","Dark Embrace","Flame Barrier","Shockwave","Exhume","Warcry+1"],"relics":["Burning Blood","Dream Catcher","Akabeko","HornCleat","MealTicket","Molten Egg 2","Pandora\u0027s Box","Red Skull","Blue Candle","Toy Ornithopter","WarpedTongs","Bronze Scales","Bag of Preparation","Fusion Hammer","Paper Frog","Shuriken","Shovel","Regal Pillow","Gremlin Horn","Centennial Puzzle"],"acts_visited":["Exordium","TheCity","TheBeyond","TheEnding"],"potions_floor_usage":[7,16,20,23,29,55,56,56],"damage_taken":[{"damage":0,"enemies":"2 Louse","floor":1,"turns":2},{"damage":4,"enemies":"Small Slimes","floor":2,"turns":4},{"damage":6,"enemies":"Cultist","floor":5,"turns":3},{"damage":25,"enemies":"Lagavulin","floor":7,"turns":7},{"damage":19,"enemies":"Large Slime","floor":8,"turns":5},{"damage":25,"enemies":"3 Sentries","floor":10,"turns":6},{"damage":32,"enemies":"Slime Boss","floor":16,"turns":8},{"damage":27,"enemies":"Shell Parasite","floor":18,"turns":3},{"damage":8,"enemies":"Chosen","floor":19,"turns":3},{"damage":29,"enemies":"Centurion and Healer","floor":20,"turns":4},{"damage":8,"enemies":"Gremlin Leader","floor":23,"turns":4},{"damage":12,"enemies":"Book of Stabbing","floor":29,"turns":3},{"damage":7,"enemies":"Cultist and Chosen","floor":30,"turns":3},{"damage":10,"enemies":"Gremlin Leader","floor":31,"turns":4},{"damage":19,"enemies":"Champ","floor":33,"turns":5},{"damage":14,"enemies":"Orb Walker","floor":35,"turns":2},{"damage":6,"enemies":"3 Darklings","floor":38,"turns":2},{"damage":17,"enemies":"Giant Head","floor":41,"turns":3},{"damage":26,"enemies":"Nemesis","floor":45,"turns":3},{"damage":8,"enemies":"Mind Bloom Boss Battle","floor":46,"turns":2},{"damage":11,"enemies":"Giant Head","floor":47,"turns":5},{"damage":6,"enemies":"Transient","floor":48,"turns":6},{"damage":26,"enemies":"Time Eater","floor":50,"turns":4},{"damage":26,"enemies":"Awakened One","floor":51,"turns":5},{"damage":22,"enemies":"Shield and Spear","floor":55,"turns":3},{"damage":57,"enemies":"The Heart","floor":56,"turns":8}],"seed_played":"-2391004687493023229","potions_obtained":[{"floor":1,"key":"SteroidPotion"},{"floor":5,"key":"Fruit Juice"},{"floor":10,"key":"ColorlessPotion"},{"floor":16,"key":"HeartOfIron"},{"floor":20,"key":"Explosive Potion"},{"floor":30,"key":"ElixirPotion"},{"floor":31,"key":"Weak Potion"},{"floor":38,"key":"Ancient Potion"},{"floor":45,"key":"DistilledChaos"},{"floor":55,"key":"BlessingOfTheForge"}],"is_trial":false,"path_per_floor":["M","M","?","$","M","R","E","M","T","E","?","R","?","T","R","B",null,"M","M","M","?","$","E","R","?","T","R","?","E","M","E","R","B",null,"M","?","$","M","?","R","E","R","T","R","E","?","E","M","R","B","B",null,"R","$","E","B",null],"character_chosen":"IRONCLAD","items_purchased":["Red Skull","PanicButton","Shrug It Off","Master of Strategy","Exhume"],"campfire_rested":5,"item_purchase_floors":[22,22,37,37,54],"current_hp_per_floor":[74,75,75,75,75,75,56,43,43,24,24,46,46,46,46,20,61,40,38,20,20,35,33,33,33,33,33,33,32,31,27,51,38,70,62,62,77,77,76,76,65,76,76,76,56,54,49,49,76,56,36,66,66,76,62,21],"gold":43,"neow_bonus":"TRANSFORM_CARD","is_daily":false,"chose_seed":false,"campfire_upgraded":4,"win_rate":0.0,"timestamp":1608482904,"path_taken":["M","M","?","$","M","R","E","M","T","E","?","R","?","?","R","BOSS","M","?","M","?","$","E","R","?","T","R","?","E","?","E","R","BOSS","M","?","$","M","?","R","E","R","T","R","E","?","E","M","R","BOSS","BOSS","R","$","E","BOSS"],"items_purchased_type":["Relic","Card","Card","Card","Card"],"build_version":"2020-12-13","purchased_purges":1,"victory":true,"max_hp_per_floor":[75,75,75,75,75,75,75,75,75,75,75,75,75,75,75,75,75,75,75,80,80,80,80,80,80,80,80,80,80,80,80,80,80,80,80,80,80,80,76,76,76,76,76,76,76,76,76,76,76,76,76,76,76,76,76,76],"relic_stats":{"Regal Pillow":5,"Gremlin Horn":[0,1],"counters":[26,107],"Blue Candle":[15],"Bag of Preparation":[24],"Burning Blood":155,"WarpedTongs":[55],"Dream Catcher":5,"Centennial Puzzle":[3],"Shovel":1,"Shuriken":[6],"Bronze Scales":[207],"MealTicket":40,"Pandora\u0027s Box":["Sword Boomerang","Flex","Double Tap","Intimidate","Hemokinesis","Clothesline","Blood for Blood"],"obtain_stats":[{"Regal Pillow":47,"Gremlin Horn":53,"Blue Candle":23,"Bag of Preparation":31,"Burning Blood":0,"Akabeko":9,"WarpedTongs":28,"Dream Catcher":7,"Centennial Puzzle":55,"HornCleat":10,"Shovel":46,"Shuriken":45,"Bronze Scales":29,"MealTicket":13,"Molten Egg 2":14,"Pandora\u0027s Box":17,"Fusion Hammer":34,"Red Skull":22,"Toy Ornithopter":26,"Paper Frog":41},{"Regal Pillow":21,"Gremlin Horn":24,"Blue Candle":11,"Bag of Preparation":14,"Burning Blood":0,"Akabeko":5,"WarpedTongs":11,"Dream Catcher":4,"Centennial Puzzle":25,"HornCleat":6,"Shovel":20,"Shuriken":19,"Bronze Scales":12,"MealTicket":6,"Molten Egg 2":6,"Pandora\u0027s Box":7,"Fusion Hammer":15,"Red Skull":10,"Toy Ornithopter":11,"Paper Frog":18},{"Regal Pillow":81,"Gremlin Horn":96,"Blue Candle":49,"Bag of Preparation":59,"Burning Blood":0,"Akabeko":21,"WarpedTongs":49,"Dream Catcher":16,"Centennial Puzzle":99,"HornCleat":27,"Shovel":76,"Shuriken":74,"Bronze Scales":52,"MealTicket":27,"Molten Egg 2":27,"Pandora\u0027s Box":35,"Fusion Hammer":64,"Red Skull":45,"Toy Ornithopter":49,"Paper Frog":71}],"Toy Ornithopter":17},"card_choices":[{"not_picked":["Metallicize","Anger"],"picked":"Combust","floor":1},{"not_picked":["Armaments","Havoc","Dual Wield"],"picked":"SKIP","floor":2},{"not_picked":["Warcry","Clash"],"picked":"Spot Weakness","floor":5},{"not_picked":["Burning Pact","Metallicize"],"picked":"Headbutt","floor":7},{"not_picked":["Uppercut","Bloodletting","Clash"],"picked":"SKIP","floor":8},{"not_picked":["Uppercut","Clash"],"picked":"Bloodletting","floor":8},{"not_picked":["Power Through","Thunderclap"],"picked":"Rupture","floor":10},{"not_picked":["Seeing Red","Clothesline"],"picked":"Sword Boomerang","floor":12},{"not_picked":["Juggernaut","Double Tap"],"picked":"Brutality","floor":16},{"not_picked":["Cleave+1","Twin Strike+1","Havoc"],"picked":"SKIP","floor":18},{"not_picked":["Clash+1","Rampage+1","Blood for Blood+1"],"picked":"SKIP","floor":19},{"not_picked":["Cleave+1","Pommel Strike+1"],"picked":"Heavy Blade+1","floor":20},{"not_picked":["Intimidate","Pommel Strike+1"],"picked":"Feel No Pain","floor":23},{"not_picked":["Wild Strike+1","Clash+1","Pommel Strike+1"],"picked":"SKIP","floor":29},{"not_picked":["Rampage+1","Heavy Blade+1","Warcry"],"picked":"SKIP","floor":30},{"not_picked":["Demon Form","Twin Strike+1"],"picked":"Second Wind","floor":31},{"not_picked":["Infernal Blade","Sword Boomerang+1"],"picked":"Whirlwind+1","floor":32},{"not_picked":["Limit Break","Exhume"],"picked":"Fiend Fire+1","floor":33},{"not_picked":["Pommel Strike+1","Heavy Blade+1"],"picked":"Battle Trance+1","floor":35},{"not_picked":["Metallicize+1","Inflame+1"],"picked":"Flame Barrier","floor":38},{"not_picked":["Cleave+1","Headbutt+1","Clothesline+1"],"picked":"SKIP","floor":41},{"not_picked":["Intimidate","Havoc"],"picked":"Impervious","floor":42},{"not_picked":["Anger+1","Rupture"],"picked":"True Grit+1","floor":44},{"not_picked":["Perfected Strike+1","Corruption"],"picked":"Seeing Red","floor":45},{"not_picked":["Spot Weakness","Inflame"],"picked":"Dark Embrace","floor":47},{"not_picked":["Body Slam+1","Flex"],"picked":"Flame Barrier","floor":48},{"not_picked":["True Grit+1","Pummel+1"],"picked":"Shockwave","floor":49},{"not_picked":["Iron Wave+1","Sword Boomerang+1"],"picked":"Warcry+1","floor":55}],"player_experience":2962808,"relics_obtained":[{"floor":7,"key":"Dream Catcher"},{"floor":9,"key":"Akabeko"},{"floor":10,"key":"HornCleat"},{"floor":14,"key":"Molten Egg 2"},{"floor":23,"key":"Blue Candle"},{"floor":26,"key":"Toy Ornithopter"},{"floor":29,"key":"Bronze Scales"},{"floor":31,"key":"Bag of Preparation"},{"floor":41,"key":"Paper Frog"},{"floor":45,"key":"Shuriken"},{"floor":46,"key":"Shovel"},{"floor":47,"key":"Regal Pillow"},{"floor":53,"key":"Gremlin Horn"},{"floor":55,"key":"Centennial Puzzle"}],"event_choices":[{"cards_removed":["Strike_R"],"damage_healed":0,"gold_gain":0,"player_choice":"Card Removal","damage_taken":0,"max_hp_gain":0,"max_hp_loss":0,"event_name":"The Cleric","floor":3,"gold_loss":75},{"damage_healed":0,"gold_gain":30,"player_choice":"Searched \u00272\u0027 times","damage_taken":0,"max_hp_gain":0,"max_hp_loss":0,"event_name":"Dead Adventurer","floor":11,"gold_loss":0},{"damage_healed":0,"gold_gain":0,"player_choice":"Box","damage_taken":0,"relics_obtained":["MealTicket"],"max_hp_gain":0,"max_hp_loss":0,"event_name":"Big Fish","floor":13,"gold_loss":0,"cards_obtained":["Regret"]},{"cards_removed":["Regret"],"damage_healed":0,"gold_gain":0,"player_choice":"Elegance","damage_taken":0,"max_hp_gain":0,"max_hp_loss":0,"event_name":"Back to Basics","floor":21,"gold_loss":0},{"damage_healed":0,"gold_gain":0,"cards_transformed":["Clothesline","Flex"],"player_choice":"Became Test Subject","damage_taken":0,"max_hp_gain":0,"max_hp_loss":0,"event_name":"Drug Dealer","floor":25,"gold_loss":0,"cards_obtained":["Corruption","True Grit"]},{"damage_healed":0,"gold_gain":0,"player_choice":"Rummage","damage_taken":0,"relics_obtained":["WarpedTongs"],"max_hp_gain":0,"max_hp_loss":0,"event_name":"Accursed Blacksmith","floor":28,"gold_loss":0,"cards_obtained":["Pain"]},{"cards_removed":["Bash"],"damage_healed":0,"gold_gain":0,"player_choice":"Removed Attack","damage_taken":0,"max_hp_gain":0,"max_hp_loss":0,"event_name":"Falling","floor":36,"gold_loss":0},{"damage_healed":0,"gold_gain":0,"player_choice":"Max HP","damage_taken":0,"max_hp_gain":0,"max_hp_loss":4,"event_name":"Winding Halls","floor":39,"gold_loss":0},{"damage_healed":0,"gold_gain":0,"player_choice":"Fight","damage_taken":0,"max_hp_gain":0,"max_hp_loss":0,"event_name":"MindBloom","floor":46,"gold_loss":0}],"is_beta":false,"boss_relics":[{"not_picked":["Black Star","SlaversCollar"],"picked":"Pandora\u0027s Box"},{"not_picked":["Sozu","Empty Cage"],"picked":"Fusion Hammer"}],"items_purged_floors":[54],"is_endless":false,"potions_floor_spawned":[1,5,10,16,20,30,31,38,41,45,46,55],"ascension_level":20}}