{"host":"o5jvvi5yapo90aia","time":1608436114,"event":{"mods":["BaseMod","CapriCore","Minty Spire (QoL Compilation)","MostiFishMod","Prisma Mod","Spicy Shops","StSLib","TestMod","The Immortal","【东方二次创作】八云紫mod","【人物mod】游戏王New YuGiOh mod","【功能Mod】Neow奖励"],"gold_per_floor":[119,119,59,59,74,100,114,140,165,177,66,84,111,111,111,188,188,207,238,253,271,285,285,285],"floor_reached":23,"playtime":773,"items_purged":["Strike_R"],"score":576,"play_id":"bca30220-93d8-4ffc-8f3f-580af8c1ba90","local_time":"20201220114834","is_ascension_mode":true,"campfire_choices":[{"data":"Strike_R+1","floor":15,"key":"PURGE"}],"circlet_count":0,"master_deck":["AscendersBane","Strike_R+1","Strike_R+1","Strike_R+1","Defend_R+1","Defend_R+1","Defend_R+1","Defend_R+1","Bash+1","Entrench+1","Barricade+1","Body Slam+1","Feel No Pain+1","MostiFishMod:NeverNightCountry"],"relics":["DaveBox","testmod-TestBox","RhineCircuit","ThornShield","testmod-BloodSacrificeSpiritualization","Question Card","The Courier","testmod-Motorcycle","Strawberry","Bag of Preparation","Bottled Tornado","War Paint","ImportantClient","Fusion Hammer","Red Mask"],"acts_visited":["Exordium","TheCity"],"potions_floor_usage":[23],"damage_taken":[{"damage":7.0,"enemies":"Cultist","floor":1.0,"turns":2.0},{"damage":7.0,"enemies":"2 Louse","floor":5.0,"turns":2.0},{"damage":11.0,"enemies":"Gremlin Nob","floor":6.0,"turns":4.0},{"damage":7.0,"enemies":"Jaw Worm","floor":7.0,"turns":2.0},{"damage":33.0,"enemies":"Lagavulin","floor":8.0,"turns":6.0},{"damage":8.0,"enemies":"Lots of Slimes","floor":10.0,"turns":3.0},{"damage":0.0,"enemies":"Blue Slaver","floor":12.0,"turns":4.0},{"damage":8,"enemies":"Gremlin Nob","floor":13,"turns":3},{"damage":0,"enemies":"Slime Boss","floor":16,"turns":14},{"damage":8,"enemies":"Spheric Guardian","floor":18,"turns":3},{"damage":29,"enemies":"Masked Bandits","floor":19,"turns":5},{"damage":8,"enemies":"Shell Parasite","floor":20,"turns":4},{"damage":8,"enemies":"Shelled Parasite and Fungi","floor":21,"turns":4},{"damage":8,"enemies":"Snecko","floor":22,"turns":3},{"damage":12,"enemies":"Slavers","floor":23,"turns":4}],"seed_played":"-7827855929591568644","potions_obtained":[{"floor":6.0,"key":"ElixirPotion"},{"floor":10.0,"key":"Energy Potion"}],"is_trial":false,"path_per_floor":["M","T","$","?","M","E","M","E","T","M","$","M","E","?","R","B",null,"M","?","M","M","M","E"],"character_chosen":"IRONCLAD","items_purchased":["Bottled Tornado"],"campfire_rested":0,"item_purchase_floors":[11],"current_hp_per_floor":[62,62,62,62,56,46,40,15,15,8,8,9,1,1,1,2,62,55,27,20,13,6,0,0],"gold":285,"neow_bonus":"BOSS_RELIC","is_daily":false,"chose_seed":false,"campfire_upgraded":0,"win_rate":0.0,"timestamp":1608436114,"path_taken":["M","?","$","?","M","E","M","E","T","M","?","?","E","?","R","BOSS","M","?","M","M","M","E"],"items_purchased_type":["Relic"],"build_version":"2020-12-13","purchased_purges":1,"victory":false,"max_hp_per_floor":[75,75,75,75,75,75,75,82,82,82,82,82,82,82,82,82,82,82,82,82,82,82,82,82],"card_choices":[{"not_picked":["Heavy Blade","Thunderclap","Havoc"],"picked":"SKIP","floor":1.0},{"not_picked":["Pummel","Perfected Strike","Twin Strike","Thunderclap"],"picked":"SKIP","floor":5.0},{"not_picked":["MostiFishMod:FireWorks","Seeing Red","Power Through","True Grit"],"picked":"SKIP","floor":6.0},{"not_picked":["Cleave","True Grit","Pommel Strike"],"picked":"Entrench","floor":7.0},{"not_picked":["MostiFishMod:BrandingRite","Anger","Iron Wave"],"picked":"Barricade","floor":8.0},{"not_picked":["Dual Wield","Iron Wave","Intimidate","Reckless Charge"],"picked":"SKIP","floor":10.0},{"not_picked":["Heavy Blade","Iron Wave","Power Through","Clash"],"picked":"SKIP","floor":12.0},{"not_picked":["Metallicize","Rage","Entrench","Iron Wave"],"picked":"SKIP","floor":13},{"not_picked":["Twin Strike","Heavy Blade","Feel No Pain"],"picked":"Body Slam","floor":14},{"not_picked":["Iron Wave","Rupture","Battle Trance"],"picked":"Feel No Pain","floor":14},{"not_picked":["MostiFishMod:404NotFound","MostiFishMod:FireWorks","Exhume"],"picked":"MostiFishMod:NeverNightCountry","floor":16},{"not_picked":["Pummel","Evolve+1","Twin Strike","Clash"],"picked":"SKIP","floor":18},{"not_picked":["Whirlwind","Anger+1","Shrug It Off","Cleave"],"picked":"SKIP","floor":20},{"not_picked":["Sever Soul","True Grit","Anger+1","Corruption"],"picked":"SKIP","floor":21},{"not_picked":["Battle Trance","Clothesline","Spot Weakness+1","Pommel Strike+1"],"picked":"SKIP","floor":22}],"player_experience":1339503,"relics_obtained":[{"floor":1.0,"key":"Question Card"},{"floor":2.0,"key":"The Courier"},{"floor":6.0,"key":"testmod-Motorcycle"},{"floor":8.0,"key":"Strawberry"},{"floor":9.0,"key":"Bag of Preparation"},{"floor":13,"key":"War Paint"},{"floor":16,"key":"ImportantClient"},{"floor":19,"key":"Red Mask"}],"event_choices":[{"damage_healed":0.0,"max_hp_gain":0.0,"max_hp_loss":0.0,"gold_gain":0.0,"event_name":"Liars Game","player_choice":"Ignored","floor":4.0,"gold_loss":0.0,"damage_taken":0.0},{"damage_healed":0,"gold_gain":0,"player_choice":"Swap Relic","damage_taken":0,"relics_obtained":["Orrery"],"max_hp_gain":0,"max_hp_loss":0,"event_name":"给自己的盒子","floor":14,"relics_lost":["Orrery"],"gold_loss":0},{"damage_healed":0,"gold_gain":0,"player_choice":"Fought Bandits","damage_taken":0,"max_hp_gain":0,"max_hp_loss":0,"event_name":"Masked Bandits","floor":19,"gold_loss":0}],"is_beta":false,"boss_relics":[{"not_picked":["RhineFirstAidKit","HereWithMe"],"picked":"Fusion Hammer"}],"items_purged_floors":[3],"is_endless":false,"potions_floor_spawned":[6,10,12,16,19,22],"killed_by":"Slavers","ascension_level":20}}