{"host":"ohkiwbq44sungglx","time":1608485678,"event":{"mods":["BaseMod","BetterRewards","Minty Spire (QoL Compilation)","StSLib"],"gold_per_floor":[112,130,81,81,91,120,120,134,134,150,123,123,139,150,150,150,150],"floor_reached":16,"playtime":453,"items_purged":[],"score":104,"play_id":"80dd02bf-f0f5-405c-8e58-f04c47f9a63f","local_time":"20201220123438","is_ascension_mode":false,"campfire_choices":[{"data":"Ball Lightning","floor":7,"key":"SMITH"},{"floor":12,"key":"REST"},{"floor":15,"key":"REST"}],"circlet_count":0,"master_deck":["Strike_B","Strike_B","Strike_B","Strike_B","Defend_B","Defend_B","Defend_B","Defend_B","Zap","Dualcast","Cold Snap","Ball Lightning","Ball Lightning+1","Loop","Capacitor","Sweeping Beam","Cold Snap","Cold Snap"],"relics":["Cracked Core","Blood Vial"],"acts_visited":["Exordium"],"potions_floor_usage":[],"damage_taken":[{"damage":0,"enemies":"Cultist","floor":1,"turns":4},{"damage":3,"enemies":"Jaw Worm","floor":2,"turns":4},{"damage":0,"enemies":"Small Slimes","floor":5,"turns":3},{"damage":34,"enemies":"Lagavulin","floor":6,"turns":6},{"damage":13,"enemies":"Exordium Wildlife","floor":8,"turns":4},{"damage":25,"enemies":"Gremlin Gang","floor":10,"turns":4},{"damage":23,"enemies":"Exordium Thugs","floor":13,"turns":5},{"damage":25,"enemies":"Lots of Slimes","floor":14,"turns":4},{"damage":34,"enemies":"The Guardian","floor":16,"turns":6}],"seed_played":"6081647825958483854","potions_obtained":[{"floor":0,"key":"PowerPotion"},{"floor":0,"key":"FairyPotion"},{"floor":0,"key":"GamblersBrew"}],"is_trial":false,"path_per_floor":["M","M","$","?","M","E","R","M","T","M","$","R","M","M","R","B"],"character_chosen":"DEFECT","items_purchased":["Ball Lightning","Cold Snap"],"campfire_rested":2,"item_purchase_floors":[3,11],"current_hp_per_floor":[75,72,72,72,72,38,38,27,27,4,4,26,5,5,27,0,0],"gold":150,"neow_bonus":"THREE_SMALL_POTIONS","is_daily":false,"chose_seed":false,"campfire_upgraded":1,"win_rate":0.0,"timestamp":1608485678,"path_taken":["M","?","$","?","M","E","R","?","T","M","$","R","M","M","R","BOSS"],"items_purchased_type":["Card","Card"],"build_version":"2020-12-13","purchased_purges":0,"victory":false,"max_hp_per_floor":[75,75,75,75,75,75,75,75,75,75,75,75,75,75,75,75,75],"card_choices":[{"not_picked":["Rip and Tear","Gash","Reprogram"],"picked":"SKIP","floor":1},{"not_picked":["Capacitor","Steam Power"],"picked":"Cold Snap","floor":2},{"not_picked":["Go for the Eyes","Gash"],"picked":"Ball Lightning","floor":5},{"not_picked":["White Noise","Streamline"],"picked":"Loop","floor":6},{"not_picked":["Compile Driver","Chaos"],"picked":"Capacitor","floor":8},{"not_picked":["Lockon","Thunder Strike"],"picked":"Sweeping Beam","floor":10},{"not_picked":["Rebound","Beam Cell","Static Discharge"],"picked":"SKIP","floor":13},{"not_picked":["Turbo","Streamline"],"picked":"Cold Snap","floor":14}],"player_experience":86315,"relics_obtained":[{"floor":6,"key":"Blood Vial"}],"event_choices":[{"damage_healed":0,"gold_gain":0,"player_choice":"Got Potions","damage_taken":0,"max_hp_gain":0,"max_hp_loss":0,"event_name":"Lab","floor":4,"gold_loss":0}],"is_beta":false,"boss_relics":[],"items_purged_floors":[],"is_endless":false,"potions_floor_spawned":[1,5,6,8],"killed_by":"The Guardian","ascension_level":0}}