{"host":"fq1bpa5mgr3rtgnr","time":1608508637,"event":{"mods":["AchievementEnabler","BaseMod","Colored Map","Colored Powertips","Highlight Path","Minty Spire (QoL Compilation)","Relic Stats","StSLib"],"gold_per_floor":[114,39,57,57,71,100,115,144,144,144,164,164,175,209,209,309,309,321,18,18,29,29,57,57,89,112,112,112,141,141,157,157,260,260,272,272,287,304,323,323,352,352,428,455,471,471,471,471,471,471,471,471,1,29,29],"floor_reached":56,"playtime":3572,"items_purged":["Strike_R","Strike_R"],"score":2015,"play_id":"5098352f-984c-4f5c-b35b-9000fd115e53","local_time":"20201220185717","is_ascension_mode":true,"campfire_choices":[{"data":"Shrug It Off","floor":10,"key":"SMITH"},{"data":"Shrug It Off","floor":12,"key":"SMITH"},{"data":"Bash","floor":15,"key":"SMITH"},{"data":"Limit Break","floor":24,"key":"SMITH"},{"data":"Barricade","floor":27,"key":"SMITH"},{"data":"Heavy Blade","floor":30,"key":"SMITH"},{"data":"Inflame","floor":32,"key":"SMITH"},{"data":"Entrench","floor":40,"key":"SMITH"},{"data":"Flame Barrier","floor":42,"key":"SMITH"},{"data":"1","floor":47,"key":"LIFT"},{"floor":49,"key":"RECALL"},{"data":"2","floor":52,"key":"LIFT"}],"circlet_count":0,"master_deck":["Strike_R","Defend_R","Defend_R","Bash+1","Shrug It Off+1","Spot Weakness","Inflame+1","Shrug It Off+1","Carnage","Whirlwind","Headbutt","Flame Barrier+1","Limit Break+1","Ghostly","Ghostly","Ghostly","Ghostly","Ghostly","Inflame","Barricade+1","Heavy Blade+1","Pommel Strike+1","Impervious","Flame Barrier+1","Fiend Fire+1","Dark Embrace+1","Entrench+1","Entrench+1"],"relics":["Coffee Dripper","Potion Belt","Vajra","Pen Nib","Singing Bowl","Velvet Choker","Dead Branch","Turnip","Toy Ornithopter","PreservedInsect","MutagenicStrength","Ancient Tea Set","Astrolabe","Ornamental Fan","Girya","Gremlin Horn","Boot"],"acts_visited":["Exordium","TheCity","TheBeyond","TheEnding"],"potions_floor_usage":[6,29,33,35,37,38,50,55,55],"damage_taken":[{"damage":0,"enemies":"Cultist","floor":1,"turns":3},{"damage":0,"enemies":"Jaw Worm","floor":3,"turns":3},{"damage":0,"enemies":"Small Slimes","floor":5,"turns":2},{"damage":20,"enemies":"3 Sentries","floor":6,"turns":7},{"damage":1,"enemies":"2 Fungi Beasts","floor":7,"turns":4},{"damage":12,"enemies":"Lagavulin","floor":8,"turns":5},{"damage":8,"enemies":"Blue Slaver","floor":11,"turns":2},{"damage":0,"enemies":"Exordium Thugs","floor":13,"turns":3},{"damage":0,"enemies":"3 Sentries","floor":14,"turns":3},{"damage":0,"enemies":"Slime Boss","floor":16,"turns":5},{"damage":6,"enemies":"2 Thieves","floor":18,"turns":3},{"damage":5,"enemies":"Shell Parasite","floor":21,"turns":6},{"damage":0,"enemies":"Gremlin Leader","floor":23,"turns":6},{"damage":3,"enemies":"Book of Stabbing","floor":25,"turns":10},{"damage":0,"enemies":"Slavers","floor":29,"turns":4},{"damage":1,"enemies":"Centurion and Healer","floor":31,"turns":4},{"damage":10,"enemies":"Champ","floor":33,"turns":7},{"damage":0,"enemies":"3 Shapes","floor":35,"turns":5},{"damage":2,"enemies":"3 Darklings","floor":37,"turns":3},{"damage":2,"enemies":"Sphere and 2 Shapes","floor":38,"turns":7},{"damage":13,"enemies":"Jaw Worm Horde","floor":39,"turns":3},{"damage":0,"enemies":"Nemesis","floor":41,"turns":7},{"damage":0,"enemies":"Reptomancer","floor":44,"turns":4},{"damage":1,"enemies":"Transient","floor":45,"turns":5},{"damage":34,"enemies":"Awakened One","floor":50,"turns":9},{"damage":0,"enemies":"Shield and Spear","floor":54,"turns":2},{"damage":9,"enemies":"The Heart","floor":55,"turns":10}],"seed_played":"1373492384592021575","potions_obtained":[{"floor":1,"key":"LiquidMemories"},{"floor":6,"key":"EssenceOfSteel"},{"floor":8,"key":"SpeedPotion"},{"floor":13,"key":"FearPotion"},{"floor":21,"key":"LiquidBronze"},{"floor":23,"key":"SteroidPotion"},{"floor":31,"key":"Weak Potion"},{"floor":33,"key":"ColorlessPotion"},{"floor":35,"key":"Weak Potion"},{"floor":38,"key":"SpeedPotion"}],"is_trial":false,"path_per_floor":["M","$","M","?","M","E","M","E","T","R","M","R","M","E","R","B",null,"M","$","?","M","?","E","R","E","T","R","?","E","R","M","R","B",null,"M","?","M","M","M","R","E","R","T","E","M","?","R","?","R","B",null,"R","$","E","B",null],"character_chosen":"IRONCLAD","items_purchased":["Dead Branch","DuplicationPotion","Strength Potion","Gremlin Horn"],"campfire_rested":0,"item_purchase_floors":[19,53,53,53],"current_hp_per_floor":[72,72,72,72,72,52,51,39,39,39,31,31,31,33,33,33,70,66,66,42,39,39,39,39,38,38,38,38,43,43,42,42,37,44,48,48,48,50,37,37,39,39,39,41,42,42,42,42,42,13,47,47,47,49,50],"gold":29,"neow_bonus":"BOSS_RELIC","is_daily":false,"chose_seed":false,"campfire_upgraded":9,"win_rate":0.0,"timestamp":1608508637,"path_taken":["M","?","M","?","M","E","M","E","T","R","M","R","M","E","R","BOSS","M","$","?","M","?","E","R","E","T","R","?","E","R","M","R","BOSS","M","?","M","M","?","R","E","R","T","E","M","?","R","?","R","BOSS","R","$","E","BOSS"],"items_purchased_type":["Relic","Potion","Potion","Relic"],"build_version":"2020-12-13","purchased_purges":2,"victory":true,"max_hp_per_floor":[80,80,80,80,80,80,80,80,80,80,80,80,80,82,82,82,82,84,84,42,44,44,44,44,46,46,46,46,46,46,46,46,46,46,48,48,50,52,52,52,54,54,54,56,58,58,58,58,58,58,58,58,58,60,60],"relic_stats":{"Singing Bowl":22,"Gremlin Horn":[1,1],"counters":[27,132],"Ornamental Fan":[4],"Dead Branch":[116],"Astrolabe":["Flame Barrier","Fiend Fire","Dark Embrace"],"Pen Nib":[12],"Turnip":[15],"PreservedInsect":231,"Boot":[0],"obtain_stats":[{"Potion Belt":6,"Girya":44,"Singing Bowl":14,"Gremlin Horn":53,"Dead Branch":19,"Astrolabe":34,"Vajra":8,"Velvet Choker":17,"Pen Nib":9,"PreservedInsect":26,"Ancient Tea Set":29,"Boot":54,"Burning Blood":0,"Ornamental Fan":41,"MutagenicStrength":28,"Turnip":23,"Coffee Dripper":0,"Toy Ornithopter":25},{"Potion Belt":4,"Girya":23,"Singing Bowl":9,"Gremlin Horn":25,"Dead Branch":11,"Astrolabe":17,"Vajra":6,"Velvet Choker":10,"Pen Nib":6,"PreservedInsect":14,"Ancient Tea Set":15,"Boot":26,"Burning Blood":0,"Ornamental Fan":22,"MutagenicStrength":14,"Turnip":13,"Coffee Dripper":0,"Toy Ornithopter":14},{"Potion Belt":15,"Girya":106,"Singing Bowl":32,"Gremlin Horn":120,"Dead Branch":40,"Astrolabe":77,"Vajra":24,"Velvet Choker":37,"Pen Nib":24,"PreservedInsect":62,"Ancient Tea Set":66,"Boot":122,"Burning Blood":0,"Ornamental Fan":102,"MutagenicStrength":62,"Turnip":52,"Coffee Dripper":0,"Toy Ornithopter":62}],"Toy Ornithopter":29},"card_choices":[{"not_picked":["Ghostly Armor","Entrench"],"picked":"Shrug It Off","floor":1},{"not_picked":["Second Wind","Clash"],"picked":"Spot Weakness","floor":3},{"not_picked":["Warcry","Sever Soul"],"picked":"Inflame","floor":5},{"not_picked":["Twin Strike","True Grit"],"picked":"Shrug It Off","floor":6},{"not_picked":["Warcry","Clash"],"picked":"Carnage","floor":7},{"not_picked":["Bloodletting","Rampage"],"picked":"Whirlwind","floor":8},{"not_picked":["Bludgeon","Carnage"],"picked":"Headbutt","floor":11},{"not_picked":["Cleave","Perfected Strike"],"picked":"Flame Barrier","floor":13},{"not_picked":["Twin Strike","Warcry","Thunderclap"],"picked":"Singing Bowl","floor":14},{"not_picked":["Fiend Fire","Double Tap"],"picked":"Limit Break","floor":16},{"not_picked":["Armaments","Twin Strike","Anger"],"picked":"Singing Bowl","floor":18},{"not_picked":["Armaments","Perfected Strike","Wild Strike"],"picked":"Singing Bowl","floor":21},{"not_picked":["Warcry","Perfected Strike"],"picked":"Barricade","floor":23},{"not_picked":["Burning Pact","Rampage","Twin Strike"],"picked":"Singing Bowl","floor":25},{"not_picked":["Perfected Strike","Power Through"],"picked":"Heavy Blade","floor":29},{"not_picked":["Shockwave","Rage"],"picked":"Pommel Strike+1","floor":31},{"not_picked":["Berserk","Offering"],"picked":"Impervious","floor":33},{"not_picked":["Sever Soul","Armaments+1","Flex"],"picked":"Singing Bowl","floor":35},{"not_picked":["Flame Barrier","Wild Strike+1","Evolve+1"],"picked":"Singing Bowl","floor":37},{"not_picked":["Rupture+1","Clash+1","Body Slam+1"],"picked":"Singing Bowl","floor":38},{"not_picked":["Iron Wave+1","Armaments"],"picked":"Entrench+1","floor":39},{"not_picked":["Burning Pact","Iron Wave+1","Dropkick+1"],"picked":"Singing Bowl","floor":41},{"not_picked":["Feel No Pain+1","Pummel+1","Dropkick"],"picked":"Singing Bowl","floor":44},{"not_picked":["Juggernaut","Pommel Strike","Armaments"],"picked":"Singing Bowl","floor":45},{"not_picked":["Carnage+1","True Grit","Pommel Strike"],"picked":"Singing Bowl","floor":54}],"player_experience":380360,"relics_obtained":[{"floor":6,"key":"Potion Belt"},{"floor":8,"key":"Vajra"},{"floor":9,"key":"Pen Nib"},{"floor":14,"key":"Singing Bowl"},{"floor":23,"key":"Turnip"},{"floor":25,"key":"Toy Ornithopter"},{"floor":26,"key":"PreservedInsect"},{"floor":29,"key":"Ancient Tea Set"},{"floor":41,"key":"Ornamental Fan"},{"floor":44,"key":"Girya"},{"floor":54,"key":"Boot"}],"event_choices":[{"damage_healed":0,"gold_gain":0,"player_choice":"Ignored","damage_taken":0,"max_hp_gain":0,"max_hp_loss":0,"event_name":"Liars Game","floor":4,"gold_loss":0},{"damage_healed":0,"gold_gain":0,"player_choice":"Became a Ghost","damage_taken":0,"max_hp_gain":0,"max_hp_loss":42,"event_name":"Ghosts","floor":20,"gold_loss":0,"cards_obtained":["Ghostly","Ghostly","Ghostly","Ghostly","Ghostly"]},{"damage_healed":0,"gold_gain":0,"player_choice":"Read","damage_taken":0,"max_hp_gain":0,"max_hp_loss":0,"event_name":"The Library","floor":22,"gold_loss":0,"cards_obtained":["Inflame"]},{"damage_healed":0,"gold_gain":0,"player_choice":"Inject Mutagens","damage_taken":0,"relics_obtained":["MutagenicStrength"],"max_hp_gain":0,"max_hp_loss":0,"event_name":"Drug Dealer","floor":28,"gold_loss":0},{"damage_healed":0,"gold_gain":0,"player_choice":"1 cards matched","damage_taken":0,"max_hp_gain":0,"max_hp_loss":0,"event_name":"Match and Keep!","floor":36,"gold_loss":0,"cards_obtained":["Entrench"]},{"damage_healed":0,"gold_gain":0,"player_choice":"Ignored","damage_taken":0,"max_hp_gain":0,"max_hp_loss":0,"event_name":"Tomb of Lord Red Mask","floor":46,"gold_loss":0},{"cards_removed":["Defend_R"],"damage_healed":0,"gold_gain":0,"player_choice":"Removed Skill","damage_taken":0,"max_hp_gain":0,"max_hp_loss":0,"event_name":"Falling","floor":48,"gold_loss":0}],"is_beta":false,"boss_relics":[{"not_picked":["Snecko Eye","Runic Dome"],"picked":"Velvet Choker"},{"not_picked":["Pandora\u0027s Box","Runic Pyramid"],"picked":"Astrolabe"}],"items_purged_floors":[2,53],"is_endless":false,"potions_floor_spawned":[1,6,8,13,21,23,31,33,35,38],"ascension_level":9}}