{"host":"swphzoo6hmc78epl","time":1608439307,"event":{"mods":["BaseMod","Highlight Path","Minty Spire (QoL Compilation)","Quick Restart"],"gold_per_floor":[119,194,206,206,219,219,243,243,243,243,243,67,91,112,112,238,238,258,183,183,197,213,213,213],"floor_reached":23,"playtime":800,"items_purged":["Strike_G"],"score":239,"play_id":"6af8e3c2-4cf1-458b-aa6d-2256954bccab","local_time":"20201219234147","is_ascension_mode":true,"campfire_choices":[{"data":"Catalyst","floor":6,"key":"SMITH"},{"floor":11,"key":"REST"},{"data":"Night Terror","floor":15,"key":"SMITH"}],"circlet_count":0,"master_deck":["Strike_G","Strike_G","Defend_G","Defend_G","Defend_G","Defend_G","Defend_G","Survivor","Neutralize","Dagger Throw","Catalyst+1","Deadly Poison","Night Terror+1","Bouncing Flask+1","Deflect+1","Deadly Poison+1","Bane","Corpse Explosion+1","CurseOfTheBell","Dodge and Roll+1","Predator","Deflect+1"],"relics":["Ring of the Snake","NeowsBlessing","Golden Idol","Unceasing Top","Toxic Egg 2","Calling Bell","Toy Ornithopter","Pantograph","Pocketwatch"],"acts_visited":["Exordium","TheCity"],"potions_floor_usage":[7,14,14,16,21],"damage_taken":[{"damage":0,"enemies":"Cultist","floor":1,"turns":1},{"damage":0,"enemies":"Jaw Worm","floor":3,"turns":1},{"damage":0,"enemies":"2 Louse","floor":5,"turns":1},{"damage":27,"enemies":"Gremlin Gang","floor":7,"turns":5},{"damage":0,"enemies":"Looter","floor":13,"turns":4},{"damage":11,"enemies":"Lots of Slimes","floor":14,"turns":3},{"damage":4,"enemies":"Hexaghost","floor":16,"turns":3},{"damage":34,"enemies":"2 Thieves","floor":18,"turns":4},{"damage":13,"enemies":"3 Byrds","floor":21,"turns":4},{"damage":10,"enemies":"Centurion and Healer","floor":22,"turns":4},{"damage":18,"enemies":"Book of Stabbing","floor":23,"turns":3}],"seed_played":"-8527067249325218275","potions_obtained":[{"floor":1,"key":"GamblersBrew"},{"floor":3,"key":"DuplicationPotion"},{"floor":7,"key":"AttackPotion"},{"floor":13,"key":"Swift Potion"},{"floor":14,"key":"SkillPotion"},{"floor":18,"key":"SteroidPotion"},{"floor":22,"key":"Fire Potion"}],"is_trial":false,"path_per_floor":["M","?","M","?","M","R","M","?","T","?","R","$","M","M","R","B",null,"M","?","?","M","M","E"],"character_chosen":"THE_SILENT","items_purchased":["Bouncing Flask+1","Deflect+1"],"campfire_rested":1,"item_purchase_floors":[12,12],"current_hp_per_floor":[70,59,59,42,42,42,15,8,8,8,29,29,29,18,18,14,70,36,36,36,28,18,0,0],"gold":213,"neow_bonus":"THREE_ENEMY_KILL","is_daily":false,"chose_seed":false,"campfire_upgraded":2,"win_rate":0.0,"timestamp":1608439307,"path_taken":["M","?","M","?","M","R","M","?","T","?","R","$","?","M","R","BOSS","M","?","?","M","M","E"],"items_purchased_type":["Card","Card"],"build_version":"2020-12-13","purchased_purges":1,"victory":false,"max_hp_per_floor":[70,70,70,70,70,70,70,70,70,70,70,70,70,70,70,70,70,70,70,70,70,70,70,70],"card_choices":[{"not_picked":["Escape Plan","Backflip"],"picked":"Dagger Throw","floor":1},{"not_picked":["Finisher","Flechettes"],"picked":"Catalyst","floor":3},{"not_picked":["Distraction","Cloak And Dagger"],"picked":"Deadly Poison","floor":5},{"not_picked":["Slice","Sucker Punch"],"picked":"Night Terror","floor":7},{"not_picked":["Flying Knee","Backflip+1"],"picked":"Deadly Poison+1","floor":13},{"not_picked":["Predator","Eviscerate"],"picked":"Bane","floor":14},{"not_picked":["Doppelganger+1","Glass Knife"],"picked":"Corpse Explosion+1","floor":16},{"not_picked":["Dagger Throw+1","Sucker Punch"],"picked":"Dodge and Roll+1","floor":18},{"not_picked":["PiercingWail+1","Sucker Punch+1"],"picked":"Deflect+1","floor":21},{"not_picked":["Underhanded Strike+1","Expertise+1","Dagger Throw"],"picked":"SKIP","floor":22}],"player_experience":753401,"relics_obtained":[{"floor":9,"key":"Toxic Egg 2"},{"floor":17,"key":"Toy Ornithopter"},{"floor":17,"key":"Pantograph"},{"floor":17,"key":"Pocketwatch"}],"event_choices":[{"damage_healed":0,"gold_gain":75,"player_choice":"Gather Gold","damage_taken":11,"max_hp_gain":0,"max_hp_loss":0,"event_name":"World of Goop","floor":2,"gold_loss":0},{"damage_healed":0,"gold_gain":0,"player_choice":"Take Damage","damage_taken":17,"relics_obtained":["Golden Idol"],"max_hp_gain":0,"max_hp_loss":0,"event_name":"Golden Idol","floor":4,"gold_loss":0},{"damage_healed":0,"gold_gain":0,"player_choice":"Success","damage_taken":7,"relics_obtained":["Unceasing Top"],"max_hp_gain":0,"max_hp_loss":0,"event_name":"Scrap Ooze","floor":8,"gold_loss":0},{"cards_removed":["Strike_G"],"damage_healed":0,"gold_gain":0,"player_choice":"Purged","damage_taken":0,"max_hp_gain":0,"max_hp_loss":0,"event_name":"Purifier","floor":10,"gold_loss":0},{"cards_removed":["Strike_G"],"damage_healed":0,"gold_gain":0,"player_choice":"Gave Gold","damage_taken":0,"max_hp_gain":0,"max_hp_loss":0,"event_name":"Beggar","floor":19,"gold_loss":75},{"damage_healed":0,"gold_gain":0,"player_choice":"1 cards matched","damage_taken":0,"max_hp_gain":0,"max_hp_loss":0,"event_name":"Match and Keep!","floor":20,"gold_loss":0,"cards_obtained":["Predator"]}],"is_beta":false,"boss_relics":[{"not_picked":["Runic Pyramid","SacredBark"],"picked":"Calling Bell"}],"items_purged_floors":[12],"is_endless":false,"potions_floor_spawned":[1,3,7,13,14,18,22],"killed_by":"Book of Stabbing","ascension_level":3}}