{"host":"t8hl8mq0pa41c2so","time":1608476229,"event":{"mods":["Act Like it!","BaseMod","DeckTracker","KinomotoSakuraMod(木之本?)","Koishi","Marisa（霧雨　魔理沙）","Minty Spire (QoL Compilation)","Quick Restart","Remilia（蕾米莉?）","RumiaBox-露米?的神秘盒子","StSLib","The Administrix","The Animator","The Bladedancer","The Gatherer","The Servant 0.9.4","Youmu（魂魄妖?）","Yuyuko","【?方二次?作】八云紫mod"],"gold_per_floor":[138,138,138,213,213,213,15,15,15,25,86,4,23,39,39,144,144,164,164,164,141,19,0,0],"floor_reached":23,"playtime":1344,"items_purged":[],"score":177,"play_id":"20ae4e9b-2323-43e5-9fb9-9a54ed3c1d28","local_time":"20201220225709","is_ascension_mode":false,"campfire_choices":[{"floor":6,"key":"REST"},{"floor":8,"key":"REST"},{"data":"Nest_LightFlightworm_purple","floor":15,"key":"SMITH"}],"circlet_count":0,"master_deck":["AT_purpleEX","AT_purpleEX","AT_purpleEX","AT_purpleEX","Defend_purpleEX","Defend_purpleEX+1","Defend_purpleEX","Defend_purpleEX","Observe_purple_1","Observe_purple_2+1","DimensionStaggered_purple+1","Charmbait_purple","Umbrella_purple","PurpleNeedle_purple","WatchEyeChange_purple","WangLiang_LineAndCurveDreams_purple","SharpContractionReality_purple","WatchEChange_purple","AdvanceAttack_purple","CommonSense_AntiCommonSense_purple"],"relics":["Boundary_crack","Memoryfragments_purpleEX","AddBug","SecretRecord","Baka2","SecretRecord","SecretRecord","SecretRecord"],"acts_visited":["Exordium","TheCity"],"potions_floor_usage":[],"damage_taken":[{"damage":4,"enemies":"2 Louse","floor":1,"turns":3},{"damage":14,"enemies":"Small Slimes","floor":10,"turns":6},{"damage":39,"enemies":"Lagavulin Event","floor":11,"turns":4},{"damage":0,"enemies":"Cultist","floor":13,"turns":3},{"damage":7,"enemies":"Blue Slaver","floor":14,"turns":3},{"damage":27,"enemies":"Hexaghost","floor":16,"turns":9},{"damage":0,"enemies":"Shell Parasite","floor":18,"turns":1},{"damage":12,"enemies":"2 Thieves","floor":21,"turns":2},{"damage":70,"enemies":"Gremlin Leader","floor":23,"turns":3}],"seed_played":"-5223875078258506533","potions_obtained":[{"floor":1,"key":"ColorlessPotion"},{"floor":11,"key":"DistilledChaos"},{"floor":18,"key":"DuplicationPotion"}],"is_trial":false,"path_per_floor":["M","?","?","?","?","R","$","R","T","M","?","$","M","M","R","B",null,"M","?","?","M","$","E"],"character_chosen":"Youkari","items_purchased":["Bag of Preparation","Charmbait_purple","WatchEyeChange_purple","DimensionStaggered_purple","AdvanceAttack_purple","CommonSense_AntiCommonSense_purple"],"campfire_rested":2,"item_purchase_floors":[7,7,12,12,22,22],"current_hp_per_floor":[74,74,55,44,29,52,52,75,75,66,42,42,47,59,59,37,75,75,75,75,68,68,0,0],"gold":0,"neow_bonus":"TEN_PERCENT_HP_BONUS","is_daily":false,"chose_seed":false,"campfire_upgraded":1,"win_rate":0.0,"timestamp":1608476229,"path_taken":["M","?","?","?","?","R","?","R","T","M","?","$","M","M","R","BOSS","M","?","?","M","$","E"],"items_purchased_type":["Relic","Card","Card","Card","Card","Card"],"build_version":"2020-12-13","purchased_purges":0,"victory":false,"max_hp_per_floor":[77,77,77,77,77,77,77,77,77,77,75,75,75,75,75,75,75,75,75,75,75,75,75,75],"card_choices":[{"not_picked":["Bait_Toxicbait_purple","Realm_recovery_purpleEX"],"picked":"DimensionStaggered_purple","floor":1},{"not_picked":["RuptureOfTimeAndSpace_purple","DimensionStaggered_purple"],"picked":"Umbrella_purple","floor":10},{"not_picked":["Shallow_ocean_purpleEX","Bait_Toxicbait_purple"],"picked":"PurpleNeedle_purple","floor":11},{"not_picked":["Bait_HighSpeedFlying_purple","Yakumo_Ran_purple"],"picked":"UniverseChoice_purple","floor":13},{"not_picked":["Line_surface_state_purple","Bait_HighSpeedFlying_purple"],"picked":"Nest_LightFlightworm_purple","floor":14},{"not_picked":["Boundary_LifeAndDeath_purple","Mirror_TwoAndThreeElementRealm_purple"],"picked":"WangLiang_LineAndCurveDreams_purple","floor":16},{"not_picked":["Charmbait_purple","MeetDecomposer_purple"],"picked":"SharpContractionReality_purple","floor":18},{"not_picked":["Charmbait_purple","Mirror_FormAndEmptin_purple"],"picked":"WatchEChange_purple","floor":21}],"player_experience":204048,"relics_obtained":[{"floor":1,"key":"Baka"},{"floor":1,"key":"AddBug"},{"floor":9,"key":"Happy Flower"},{"floor":10,"key":"Baka2"},{"floor":10,"key":"SecretRecord"},{"floor":11,"key":"InkBottle"},{"floor":11,"key":"SecretRecord"},{"floor":18,"key":"SecretRecord"}],"event_choices":[{"damage_healed":0,"gold_gain":0,"player_choice":"Grow","damage_taken":0,"max_hp_gain":0,"max_hp_loss":0,"event_name":"Living Wall","floor":2,"gold_loss":0,"cards_upgraded":["DimensionStaggered_purple"]},{"damage_healed":0,"gold_gain":0,"player_choice":"Take Damage","damage_taken":19,"relics_obtained":["Golden Idol"],"max_hp_gain":0,"max_hp_loss":0,"event_name":"Golden Idol","floor":3,"gold_loss":0},{"damage_healed":0,"gold_gain":75,"player_choice":"Gather Gold","damage_taken":11,"max_hp_gain":0,"max_hp_loss":0,"event_name":"World of Goop","floor":4,"gold_loss":0},{"damage_healed":0,"gold_gain":0,"player_choice":"Entered Light","damage_taken":15,"max_hp_gain":0,"max_hp_loss":0,"event_name":"Shining Light","floor":5,"gold_loss":0,"cards_upgraded":["Defend_purpleEX","Observe_purple_2"]},{"damage_healed":0,"gold_gain":0,"player_choice":"Searched \u00271\u0027 times","damage_taken":0,"max_hp_gain":0,"max_hp_loss":0,"event_name":"Dead Adventurer","floor":11,"gold_loss":0},{"damage_healed":0,"gold_gain":0,"player_choice":"Opened","damage_taken":0,"relics_obtained":["Lantern"],"max_hp_gain":0,"max_hp_loss":0,"event_name":"The Mausoleum","floor":19,"gold_loss":0},{"cards_removed":["DimensionStaggered_purple"],"damage_healed":0,"gold_gain":0,"player_choice":"Card Removal","damage_taken":0,"max_hp_gain":0,"max_hp_loss":0,"event_name":"Wheel of Change","floor":20,"gold_loss":0}],"is_beta":false,"boss_relics":[{"not_picked":["Tiny House","Ectoplasm"],"picked":"Busted Crown"}],"items_purged_floors":[],"is_endless":false,"potions_floor_spawned":[1,11,18],"killed_by":"Gremlin Leader","ascension_level":0}}