{"host":"is2s59edl8twrhoj","time":1608433195,"event":{"mods":["BaseMod","Colored Map","Colored Powertips","DeckTracker","Downfall","Minty Spire (QoL Compilation)","StSLib"],"gold_per_floor":[99,110,129,143,169,4,28,47,61,96,196,211,96,96,113,211,211,161,146,231,181,195,195,195,215,165,182,201,217,229,246,266,368,368,318,350,368,318,332,282,308,326,276,306,106,119,139,165,177,177],"floor_reached":51,"playtime":3132,"items_purged":["Slimebound:Icky","Slimebound:CorrosiveSpit","Slimebound:Strike_Slimebound","Slimebound:Strike_Slimebound"],"score":825,"play_id":"d5bfe426-1178-4c3e-a8de-0685ae81a24c","local_time":"20201220025955","is_ascension_mode":false,"campfire_choices":[{"data":"Slimebound:Split","floor":1,"key":"SMITH"},{"data":"Slimebound:FirmFortitude","floor":18,"key":"SMITH"},{"data":"Slimebound:DuplicatedForm","floor":21,"key":"SMITH"},{"data":"Slimebound:RallyTheTroops","floor":26,"key":"SMITH"},{"data":"Slimebound:DisruptingSlam","floor":35,"key":"SMITH"},{"data":"Slimebound:MegaLick","floor":38,"key":"SMITH"},{"data":"Slimebound:SplitSpecialist","floor":40,"key":"SMITH"},{"floor":43,"key":"REST"}],"circlet_count":0,"master_deck":["Slimebound:Strike_Slimebound","Slimebound:Tackle","Slimebound:Defend_Slimebound","Slimebound:Defend_Slimebound","Slimebound:Defend_Slimebound","Slimebound:Defend_Slimebound","Slimebound:Split+1","Slimebound:SplitSpecialist+1","Slimebound:DisruptingSlam+1","Slimebound:RejuvenatingLick","Slimebound:SplitLeeching","Slimebound:FirmFortitude+1","Slimebound:PressTheAttack","Slimebound:MegaLick+1","Slimebound:DuplicatedForm+1","Slimebound:SlimeSpikes","Slimebound:SplitBruiser","Slimebound:RallyTheTroops+1","Slimebound:SplitMire","Slimebound:SlimeBarrage+1"],"relics":["Slimebound:AbsorbEndCombat","Lizard Tail","Slimebound:AggressiveSlimeRelic","Omamori","Ice Cream","Slimebound:GreedOozeRelic","Busted Crown","Tiny Chest","Calling Bell","Bronze Scales","Pear","TungstenRod","Kunai","Membership Card","Slimebound:MaxSlimesRelic","Anchor","Peace Pipe","Pantograph","Lantern"],"acts_visited":["Exordium","TheCity","TheBeyond"],"potions_floor_usage":[16,33,50,50,50],"damage_taken":[{"damage":9,"enemies":"Cultist","floor":2,"turns":3},{"damage":8,"enemies":"2 Louse","floor":3,"turns":3},{"damage":20,"enemies":"Jaw Worm","floor":4,"turns":3},{"damage":31,"enemies":"Lagavulin","floor":5,"turns":7},{"damage":16,"enemies":"downfall:FleeingMerchant","floor":6,"turns":4},{"damage":18,"enemies":"2 Fungi Beasts","floor":8,"turns":3},{"damage":9,"enemies":"Exordium Wildlife","floor":9,"turns":3},{"damage":26,"enemies":"Gremlin Nob","floor":10,"turns":3},{"damage":32,"enemies":"2 Fungi Beasts","floor":12,"turns":3},{"damage":26,"enemies":"downfall:FleeingMerchant","floor":13,"turns":4},{"damage":36,"enemies":"Gremlin Gang","floor":15,"turns":4},{"damage":57,"enemies":"downfall:Ironclad","floor":16,"turns":8},{"damage":21,"enemies":"downfall:FleeingMerchant","floor":19,"turns":4},{"damage":23,"enemies":"Shell Parasite","floor":22,"turns":3},{"damage":21,"enemies":"Chosen","floor":25,"turns":3},{"damage":15,"enemies":"Snake Plant","floor":27,"turns":3},{"damage":16,"enemies":"Sentry and Sphere","floor":28,"turns":3},{"damage":35,"enemies":"Centurion and Healer","floor":29,"turns":5},{"damage":48,"enemies":"Snake Plant","floor":30,"turns":3},{"damage":11,"enemies":"3 Cultists","floor":31,"turns":3},{"damage":15,"enemies":"Snecko","floor":32,"turns":3},{"damage":45,"enemies":"downfall:Watcher","floor":33,"turns":6},{"damage":70,"enemies":"Reptomancer","floor":36,"turns":6},{"damage":16,"enemies":"Orb Walker","floor":37,"turns":3},{"damage":22,"enemies":"downfall:FleeingMerchant","floor":39,"turns":3},{"damage":49,"enemies":"3 Darklings","floor":42,"turns":3},{"damage":42,"enemies":"Nemesis","floor":44,"turns":7},{"damage":20,"enemies":"Sphere and 2 Shapes","floor":46,"turns":4},{"damage":22,"enemies":"Maw","floor":47,"turns":5},{"damage":30,"enemies":"Writhing Mass","floor":49,"turns":4},{"damage":46,"enemies":"downfall:Defect","floor":50,"turns":4}],"seed_played":"-8236406866382046642","potions_obtained":[{"floor":3,"key":"Weak Potion"},{"floor":4,"key":"SpeedPotion"},{"floor":10,"key":"Regen Potion"},{"floor":12,"key":"SteroidPotion"},{"floor":22,"key":"Weak Potion"},{"floor":28,"key":"LiquidBronze"},{"floor":37,"key":"PowerPotion"},{"floor":42,"key":"PowerPotion"},{"floor":49,"key":"CultistPotion"}],"is_trial":false,"path_per_floor":["R","M","M","M","E","$","T","M","M","E","?","M","$","?","M","B",null,"R","$","?","R","M","?","T","M","R","M","M","M","M","M","M","B",null,"R","E","M","R","$","R","T","M","R","E","$","M","M","?","M","B",null],"character_chosen":"SLIMEBOUND","items_purchased":["Slimebound:FirmFortitude","Membership Card","Slimebound:MaxSlimesRelic","Pantograph"],"campfire_rested":1,"item_purchase_floors":[6,39,39,45],"current_hp_per_floor":[60,60,60,55,46,54,54,57,60,52,52,58,56,56,36,33,60,60,60,48,48,54,54,54,60,60,60,56,49,34,60,60,47,70,70,29,35,35,46,46,46,43,64,63,63,61,68,68,60,70],"gold":177,"neow_bonus":"ONE_RARE_RELIC","is_daily":false,"chose_seed":false,"campfire_upgraded":7,"win_rate":0.0,"timestamp":1608433195,"path_taken":["R","M","M","M","E","$","T","?","M","E","?","M","$","?","M","BOSS","R","$","?","R","M","?","T","M","R","M","M","M","M","M","M","BOSS","R","E","M","R","$","R","T","M","R","E","$","M","M","?","M","BOSS"],"items_purchased_type":["Card","Relic","Relic","Relic"],"build_version":"2020-12-13","purchased_purges":4,"victory":true,"max_hp_per_floor":[60,60,60,60,60,60,60,60,60,60,60,60,60,60,60,60,60,60,60,60,60,60,60,60,60,60,60,60,60,60,60,60,60,70,70,70,70,70,70,70,70,70,70,70,70,70,70,70,70,70],"card_choices":[{"not_picked":["Slimebound:SlimeBrawl","Slimebound:GoopSpray","Slimebound:Dissolve"],"picked":"SKIP","floor":2},{"not_picked":["Slimebound:PressTheAttack","Slimebound:ComboTackle"],"picked":"Slimebound:SplitSpecialist","floor":3},{"not_picked":["Slimebound:FlameTackle","Slimebound:LeechEnergy"],"picked":"Slimebound:DisruptingSlam","floor":4},{"not_picked":["Slimebound:GoopSpray","Slimebound:PressTheAttack"],"picked":"Slimebound:RejuvenatingLick","floor":5},{"not_picked":["Slimebound:ItLooksTasty","Slimebound:ProtectTheBoss"],"picked":"Slimebound:SplitLeeching","floor":6},{"not_picked":["Slimebound:CheckThePlaybook","Slimebound:ViciousTackle"],"picked":"Slimebound:PressTheAttack","floor":8},{"not_picked":["Slimebound:GoopSpray","Slimebound:ViciousTackle"],"picked":"Slimebound:MegaLick","floor":9},{"not_picked":["Slimebound:SplitMire","Slimebound:FinishingTackle"],"picked":"Slimebound:DuplicatedForm","floor":10},{"not_picked":["Slimebound:Schlurp","Slimebound:LeechEnergy"],"picked":"Slimebound:SlimeSpikes","floor":12},{"not_picked":["Slimebound:LeechingTouch","Slimebound:SamplingLick","Slimebound:DisruptingSlam"],"picked":"SKIP","floor":13},{"not_picked":["Slimebound:SlimeBrawl","Slimebound:ViciousTackle"],"picked":"Slimebound:SplitBruiser","floor":15},{"not_picked":["Slimebound:WasteNot","Slimebound:CheckThePlaybook"],"picked":"Slimebound:RallyTheTroops","floor":16},{"not_picked":["Slimebound:DisruptingSlam"],"picked":"SKIP","floor":19},{"not_picked":["Slimebound:GrowthPunch"],"picked":"SKIP","floor":22},{"not_picked":["Slimebound:LeechingTouch"],"picked":"SKIP","floor":25},{"not_picked":["Slimebound:Prepare"],"picked":"SKIP","floor":27},{"not_picked":["Slimebound:SplitLeeching+1"],"picked":"SKIP","floor":28},{"not_picked":["Slimebound:ComboTackle+1"],"picked":"SKIP","floor":29},{"not_picked":["Slimebound:ForwardTackle"],"picked":"SKIP","floor":30},{"not_picked":["Slimebound:LeechingTouch"],"picked":"SKIP","floor":31},{"not_picked":["Slimebound:Chomp"],"picked":"SKIP","floor":32},{"not_picked":[],"picked":"Slimebound:SlimeBarrage+1","floor":36},{"not_picked":["Slimebound:ItLooksTasty"],"picked":"SKIP","floor":37},{"not_picked":["Slimebound:Equalize+1"],"picked":"SKIP","floor":39},{"not_picked":["Slimebound:FinishingTackle"],"picked":"SKIP","floor":42},{"not_picked":["Slimebound:ProtectTheBoss+1"],"picked":"SKIP","floor":44},{"not_picked":["Slimebound:SplitMire"],"picked":"SKIP","floor":46},{"not_picked":["Slimebound:SplitMire"],"picked":"SKIP","floor":47},{"not_picked":["Slimebound:SplitLeeching"],"picked":"SKIP","floor":49}],"player_experience":655117,"relics_obtained":[{"floor":5,"key":"Slimebound:AggressiveSlimeRelic"},{"floor":7,"key":"Omamori"},{"floor":10,"key":"Ice Cream"},{"floor":24,"key":"Tiny Chest"},{"floor":34,"key":"Bronze Scales"},{"floor":34,"key":"Pear"},{"floor":34,"key":"TungstenRod"},{"floor":36,"key":"Kunai"},{"floor":41,"key":"Anchor"},{"floor":44,"key":"Peace Pipe"},{"floor":48,"key":"Lantern"}],"event_choices":[{"damage_healed":0,"gold_gain":0,"player_choice":"Read","damage_taken":0,"max_hp_gain":0,"max_hp_loss":0,"event_name":"The Library","floor":23,"gold_loss":0,"cards_obtained":["Slimebound:SplitMire"]}],"is_beta":false,"boss_relics":[{"not_picked":["Ectoplasm","Runic Pyramid"],"picked":"Busted Crown"},{"not_picked":["Empty Cage","SacredBark"],"picked":"Calling Bell"}],"items_purged_floors":[6,13,39,45],"is_endless":false,"potions_floor_spawned":[3,4,10,12,22,27,28,29,37,42,47,49],"ascension_level":0}}