{"host":"17xjy7b7ubl548g2","time":1608455175,"event":{"mods":["2.2 Compatiblity","Act Like it!","Aspiration","Astrologer","Bard","BaseMod","Bestiary","Challenge The Spire","ChefMod","Colored Map","Conspire","Elementarium","Energized Spire","GifTheSpireLib","Halation","Hallownest","Hermit","Hubris","Infinite Spire","Jedi Mod","Jorbs\u0027s Wanderer Trilogy","Marisa（霧雨　魔理沙）","Marked Mod","Minty Spire (QoL Compilation)","Pale of the Ancients","Permanent Neow","Puzzle Mod","Replay The Spire","Robot Space Explorer","Spicy Shops","StSLib","Stuff the Spire","The Blue Laboratory","The Bug Knight","The Construct","The Disciple","The Hayseed","The Hierophant","The Runesmith","The Sage"],"gold_per_floor":[16,16,16,34,44,73,73,89,113,113,113,143,143,12,12,83,83,95,95,95,110,123,148,148,66,66,96,115,125,125,160,160,237,337,353,353,353,405,421,421,435,461,533,561,579,598,598,608,608,608,608,608,393,424,424,424],"floor_reached":55,"playtime":7190,"items_purged":["conspire:Blindness"],"score":1433,"play_id":"9bcb7f03-389d-4d17-9b86-f70f5744df04","local_time":"20201220040615","is_ascension_mode":true,"campfire_choices":[{"data":"Neutralize","floor":7.0,"key":"SMITH"},{"floor":11.0,"key":"REST"},{"data":"Corpse Explosion","floor":13.0,"key":"SMITH"},{"data":"Survivor","floor":15.0,"key":"SMITH"},{"floor":24.0,"key":"REST"},{"floor":30.0,"key":"REST"},{"floor":32.0,"key":"REST"},{"data":"Riddle With Holes","floor":40.0,"key":"SMITH"},{"floor":47,"key":"REST"},{"floor":49,"key":"RECALL"},{"data":"Footwork","floor":52,"key":"SMITH"}],"circlet_count":0,"master_deck":["AscendersBane","Strike_G","Strike_G","Strike_G","Strike_G","Defend_G+1","Defend_G+1","Defend_G+1","Defend_G+1","Defend_G+1","Survivor+1","Neutralize+1","Corpse Explosion+1","Deadly Poison+1","Injury","Cloak And Dagger+1","jedi:pocketpoison+1","Dodge and Roll+1","Dodge and Roll+1","Catalyst+1","Replay:Bootleg Shield Generator+1","jedi:poisonivy","Burst+1","Riddle With Holes+1","Dodge and Roll+1","Hidden Blade+1","Predator","Deadly Poison+1","Backflip+1","Dagger Spray","jedi:studypoison+1","Replay:Poison Smokescreen+1","Draining Mist+1","Prepared+1","Bane+1","Fluid Movement","Deflect+1","Footwork+1","Footwork"],"relics":["Ring of the Snake","hubris:Icosahedron","Toxic Egg 2","Replay:Bottled Eggs","Vajra","conspire:BottledYoYo","conspire:SlowCooker","halation:PinkSoulGem","Lantern","Pet Ghost","ReplayTheSpireMod:CursedCoin","ClockworkSouvenir","aspiration:FetidBarrel","War Paint","hubris:DeckOfHolding","Elementarium:ElementariumTrophy","Replay:Wanted Poster","HornCleat","Dead Branch","Omamori","halation:PromiseList","Chameleon Ring"],"acts_visited":["Exordium","Exordium","TheBeyond","TheEnding"],"potions_floor_usage":[50,55,55],"damage_taken":[{"damage":0.0,"enemies":"Small Slimes","floor":1.0,"turns":3.0},{"damage":0.0,"enemies":"conspire:RoseBush","floor":4.0,"turns":4.0},{"damage":8.0,"enemies":"infinitespire:Voidling","floor":5.0,"turns":5.0},{"damage":14.0,"enemies":"3 Sentries","floor":6.0,"turns":4.0},{"damage":12.0,"enemies":"Exordium Thugs","floor":8.0,"turns":4.0},{"damage":7.0,"enemies":"Lagavulin","floor":12.0,"turns":8.0},{"damage":12.0,"enemies":"Fading Forest","floor":16.0,"turns":11.0},{"damage":5.0,"enemies":"Elementarium:2_ELEMENTALS","floor":18.0,"turns":7.0},{"damage":3.0,"enemies":"Elementarium:Cyclone","floor":21.0,"turns":4.0},{"damage":5.0,"enemies":"Elementarium:Hydrostalker","floor":22.0,"turns":8.0},{"damage":8.0,"enemies":"Nightmare","floor":23.0,"turns":5.0},{"damage":19.0,"enemies":"Elementarium:ElementalPortal","floor":27.0,"turns":7.0},{"damage":5.0,"enemies":"Elementarium:CYCLONE_AND_LIVING_STORMCLOUD","floor":28.0,"turns":4.0},{"damage":0.0,"enemies":"Elementarium:STONE_GOLEMS","floor":29.0,"turns":1.0},{"damage":5.0,"enemies":"Elementarium:FIRE_NOBILITY","floor":31.0,"turns":7.0},{"damage":2.0,"enemies":"Elementarium:GoldenDragon","floor":33.0,"turns":7.0},{"damage":0.0,"enemies":"Orb Walker","floor":35.0,"turns":3.0},{"damage":2.0,"enemies":"2 Orb Walkers","floor":38.0,"turns":3.0},{"damage":6.0,"enemies":"3 Shapes","floor":39.0,"turns":3.0},{"damage":0.0,"enemies":"Transient","floor":41.0,"turns":5.0},{"damage":19.0,"enemies":"Reptomancer","floor":42.0,"turns":5.0},{"damage":0.0,"enemies":"HollowMod:StalkingDevout","floor":44.0,"turns":4.0},{"damage":27.0,"enemies":"3 Darklings","floor":45.0,"turns":4.0},{"damage":0.0,"enemies":"Spire Growth","floor":46.0,"turns":4.0},{"damage":0,"enemies":"Writhing Mass","floor":48,"turns":5},{"damage":1,"enemies":"Awakened One","floor":50,"turns":12},{"damage":14,"enemies":"Shield and Spear","floor":54,"turns":5},{"damage":43,"enemies":"The Heart","floor":55,"turns":8}],"seed_played":"-6627380582193708751","potions_obtained":[{"floor":5.0,"key":"SkillPotion"},{"floor":6.0,"key":"Dexterity Potion"},{"floor":8.0,"key":"Ancient Potion"},{"floor":21.0,"key":"Reflective Coating"},{"floor":23.0,"key":"blueLaboratory:PhilterOfMotion"},{"floor":31.0,"key":"Languid Potion"},{"floor":33.0,"key":"blueLaboratory:EnragingPotion"},{"floor":38.0,"key":"ColorlessPotion"},{"floor":41.0,"key":"blueLaboratory:PyrophylliteBrew"},{"floor":44.0,"key":"Strength Potion"},{"floor":46.0,"key":"blueLaboratory:BottleOfRum"}],"is_trial":false,"path_per_floor":["M","?","?","M","M","E","R","M","T","?","R","E","R","$","R","B",null,"M","?","?","M","M","NM","R","$","T","E","M","M","R","E","R","B",null,"M","?","T","?","M","R","M","E","T","E","M","M","R","M","R","B",null,"R","$","E","B"],"character_chosen":"THE_SILENT","items_purchased":["Replay:Bootleg Shield Generator+1","jedi:poisonivy","ReplayTheSpireMod:CursedCoin","ClockworkSouvenir","EssenceOfSteel","Footwork"],"campfire_rested":5,"item_purchase_floors":[14,14,25,25,53,53],"current_hp_per_floor":[59,59,59,59,51,37,37,25,25,25,44,37,37,37,37,33,58,53,53,33,30,25,17,36,36,36,17,12,12,31,26,45,43,60,60,60,60,58,52,52,52,33,33,33,6,6,25,25,25,24,56,56,56,42,0,0],"gold":424,"neow_bonus":"THREE_RARE_CARDS","is_daily":false,"chose_seed":false,"campfire_upgraded":5,"win_rate":0.0,"timestamp":1608455175,"path_taken":["M","?","?","M","M","E","R","M","T","?","R","E","R","$","R","BOSS","M","?","?","?","M","NM","R","?","T","E","M","M","R","E","R","BOSS","M","?","?","?","M","R","M","E","T","E","M","?","R","M","R","BOSS","R","$","E","BOSS"],"items_purchased_type":["Card","Card","Relic","Relic","Potion","Card"],"build_version":"2020-12-13","purchased_purges":1,"victory":false,"max_hp_per_floor":[66,66,66,66,66,66,66,66,66,66,66,66,66,66,66,66,66,66,66,66,66,66,66,66,66,66,66,66,66,66,66,66,66,66,66,66,66,66,66,66,66,66,66,66,66,66,66,66,66,66,66,66,66,66,66,66],"card_choices":[{"not_picked":["Night Terror","A Thousand Cuts"],"picked":"Corpse Explosion","floor":0.0},{"not_picked":["Poisoned Stab","Concentrate"],"picked":"Deadly Poison","floor":1.0},{"not_picked":["Dagger Throw","Dagger Spray"],"picked":"Cloak And Dagger+1","floor":4.0},{"not_picked":["Slice","Escape Plan+1"],"picked":"jedi:pocketpoison+1","floor":5.0},{"not_picked":["Sucker Punch","Quick Slash"],"picked":"Dodge and Roll+1","floor":6.0},{"not_picked":["Quick Slash","Distraction+1"],"picked":"Dodge and Roll+1","floor":8.0},{"not_picked":["After Image","Dagger Spray"],"picked":"Catalyst+1","floor":12.0},{"not_picked":["Venomology+1","Atom Bomb"],"picked":"Burst+1","floor":16.0},{"not_picked":["Slice","Outmaneuver+1"],"picked":"Riddle With Holes","floor":18.0},{"not_picked":["StuffTheSpire:Injection","hubris:TrickCloak+1"],"picked":"Dodge and Roll+1","floor":21.0},{"not_picked":["conspire:DoublingDagger+1","StuffTheSpire:Injection"],"picked":"Hidden Blade+1","floor":22.0},{"not_picked":["Grand Finale","StuffTheSpire:Incursion+1"],"picked":"Predator","floor":23.0},{"not_picked":["StuffTheSpire:ClusterCrunch","ReplayTheSpireMod:Shiv Toss+1","hubris:Counter"],"picked":"SKIP","floor":27.0},{"not_picked":["Underhanded Strike+1","conspire:DoublingDagger+1"],"picked":"Deadly Poison+1","floor":28.0},{"not_picked":["Infinite Blades","Cloak And Dagger+1"],"picked":"Backflip+1","floor":29.0},{"not_picked":["StuffTheSpire:Injection","Flying Knee"],"picked":"Dagger Spray","floor":31.0},{"not_picked":["ReplayTheSpireMod:Necrosis+1","StuffTheSpire:FinalStruggle"],"picked":"jedi:studypoison+1","floor":33.0},{"not_picked":["ReplayTheSpireMod:Shiv Toss+1","Hidden Blade+1"],"picked":"Replay:Poison Smokescreen+1","floor":35.0},{"not_picked":["jedi:unstablefumes+1","PiercingWail+1"],"picked":"Draining Mist+1","floor":38.0},{"not_picked":["Dodge and Roll+1","hubris:TrickCloak+1"],"picked":"Prepared+1","floor":39.0},{"not_picked":["Caltrops","Cloak And Dagger+1"],"picked":"Bane+1","floor":41.0},{"not_picked":["Noxious Fumes","jedi:pocketpoison+1"],"picked":"Fluid Movement","floor":42.0},{"not_picked":["Dagger Spray","Bane","ReplayTheSpireMod:The Works+1"],"picked":"SKIP","floor":44.0},{"not_picked":["Dagger Spray","Bane","ReplayTheSpireMod:The Works+1"],"picked":"SKIP","floor":44.0},{"not_picked":["Tactician+1","Flying Knee+1","Predator"],"picked":"SKIP","floor":45.0},{"not_picked":["Bane+1","Masterful Stab"],"picked":"Deflect+1","floor":46.0},{"not_picked":["StuffTheSpire:Injection","Eviscerate"],"picked":"Footwork","floor":48},{"not_picked":["StuffTheSpire:Injection","Infinite Blades","Hidden Blade+1"],"picked":"SKIP","floor":54}],"player_experience":1592199,"relics_obtained":[{"floor":6.0,"key":"Replay:Bottled Eggs"},{"floor":9.0,"key":"Vajra"},{"floor":12.0,"key":"conspire:BottledYoYo"},{"floor":23.0,"key":"Pet Ghost"},{"floor":26.0,"key":"aspiration:FetidBarrel"},{"floor":27.0,"key":"War Paint"},{"floor":31.0,"key":"hubris:DeckOfHolding"},{"floor":37.0,"key":"HornCleat"},{"floor":38.0,"key":"Dead Branch"},{"floor":42.0,"key":"Omamori"},{"floor":44.0,"key":"halation:PromiseList"},{"floor":54,"key":"Chameleon Ring"}],"event_choices":[{"damage_healed":0.0,"max_hp_gain":0.0,"max_hp_loss":0.0,"gold_gain":0.0,"event_name":"Mysterious Sphere","player_choice":"Fight","floor":38.0,"gold_loss":0.0,"damage_taken":0.0}],"is_beta":false,"boss_relics":[{"not_picked":["conspire:RoyalGoblet","construct:WeddingRing"],"picked":"conspire:SlowCooker"},{"not_picked":["StuffTheSpire:ModemDavis","ReplayTheSpireMod:DimensionalGlitch"],"picked":"Replay:Wanted Poster"}],"items_purged_floors":[25],"is_endless":false,"potions_floor_spawned":[5,6,8,21,22,23,31,33,38,41,44,46,54],"killed_by":"The Heart","ascension_level":16}}