{"host":"ebguxldc2ucorva7","time":1608448011,"event":{"mods":["AchievementEnabler","BaseMod","Best Route Mod","Bestiary","Better Note","Better Third Choice","Better-Laid Plans","Colored Map","Colored Powertips","Disable Question Mark Monsters","Energized Spire","Minty Spire (QoL Compilation)","Permanent Neow","Quick Restart","Rare Cards Sparkle","Relic Stats","Replay The Spire","Shop Mod","StSLib","Synergy Search"],"gold_per_floor":[110,127,127,127,144,144,144],"floor_reached":6,"playtime":176,"items_purged":[],"score":43,"play_id":"dd11c8fb-4f9b-480c-a5f9-9ba806c75b05","local_time":"20201220000651","daily_mods":["Draft","Vintage","Heirloom","DeadlyEvents","Elite Swarm","Uncertain Future"],"is_ascension_mode":true,"campfire_choices":[],"circlet_count":0,"master_deck":["Panic Button","Steam Power","Redo","Gash","Defragment","Gash","Self Repair","Gash","Tempest","Stack","Chill","Go for the Eyes","Glacier","Skim","Hello World"],"relics":["Cracked Core","Unceasing Top","Omamori","ReplayTheSpireMod:TigerMarble","Centennial Puzzle"],"acts_visited":["Exordium"],"potions_floor_usage":[],"damage_taken":[{"damage":0,"enemies":"Cultist","floor":1,"turns":2},{"damage":6,"enemies":"Small Slimes","floor":2,"turns":2},{"damage":2,"enemies":"2 Louse","floor":5,"turns":3},{"damage":69,"enemies":"Lagavulin","floor":6,"turns":3}],"seed_played":"996733288202827152","potions_obtained":[],"is_trial":true,"path_per_floor":["M","M","WH","WH","M","E"],"character_chosen":"DEFECT","items_purchased":[],"campfire_rested":0,"item_purchase_floors":[],"current_hp_per_floor":[75,69,69,69,67,0,0],"gold":144,"neow_bonus":"","is_daily":false,"chose_seed":false,"campfire_upgraded":0,"win_rate":0.0,"timestamp":1608448011,"path_taken":["M","?","WH","WH","M","E"],"items_purchased_type":[],"build_version":"2020-12-13","purchased_purges":0,"victory":false,"max_hp_per_floor":[75,75,75,75,75,75,75],"relic_stats":{"Centennial Puzzle":[3],"counters":[4,10],"obtain_stats":[{"Centennial Puzzle":5,"Omamori":1,"ReplayTheSpireMod:TigerMarble":2,"Cracked Core":0,"Unceasing Top":0},{"Centennial Puzzle":3,"Omamori":1,"ReplayTheSpireMod:TigerMarble":2,"Cracked Core":0,"Unceasing Top":0},{"Centennial Puzzle":7,"Omamori":2,"ReplayTheSpireMod:TigerMarble":4,"Cracked Core":0,"Unceasing Top":0}],"Unceasing Top":[0]},"card_choices":[{"not_picked":["Beam Cell","Hologram"],"picked":"Panic Button","floor":0},{"not_picked":["Cold Snap","Panic Button"],"picked":"Steam Power","floor":0},{"not_picked":["Darkness","Skim"],"picked":"Redo","floor":0},{"not_picked":["Panic Button","Streamline"],"picked":"Gash","floor":0},{"not_picked":["Auto Shields","BootSequence"],"picked":"Defragment","floor":0},{"not_picked":["Rip and Tear","Undo"],"picked":"Gash","floor":0},{"not_picked":["Panic Button","Barrage"],"picked":"Self Repair","floor":0},{"not_picked":["Cold Snap","Time Bomb"],"picked":"Gash","floor":0},{"not_picked":["ReplayTheSpireMod:Repulse","Leap"],"picked":"Tempest","floor":0},{"not_picked":["Ball Lightning","Rip and Tear"],"picked":"Stack","floor":0},{"not_picked":["Sweeping Beam","Cold Snap"],"picked":"Chill","floor":0},{"not_picked":["Turbo","Cold Snap"],"picked":"Go for the Eyes","floor":0},{"not_picked":["Sweeping Beam","Chill"],"picked":"Glacier","floor":0},{"not_picked":["Panic Button","ReplayTheSpireMod:Repulse"],"picked":"Skim","floor":0},{"not_picked":["Cold Snap","Force Field"],"picked":"Hello World","floor":0}],"player_experience":133466,"relics_obtained":[{"floor":1,"key":"Omamori"},{"floor":2,"key":"ReplayTheSpireMod:TigerMarble"},{"floor":5,"key":"Centennial Puzzle"}],"event_choices":[],"is_beta":false,"boss_relics":[],"items_purged_floors":[],"is_endless":true,"potions_floor_spawned":[],"killed_by":"Lagavulin","ascension_level":4}}