{"host":"9v3x998ddbx8o276","time":1608445693,"event":{"mods":["AchievementEnabler","BaseMod","Colored Map","Highlight Path","Minty Spire (QoL Compilation)","Quick Restart","Rare Cards Sparkle"],"gold_per_floor":[112,36,36,50,50,78,78,104,104,104,131,93,93,120,120,198,198,213,231,146,146,161,161,186,186,233,268,268,50,50,75,75,75,75],"floor_reached":33,"playtime":848,"items_purged":[],"score":700,"play_id":"05abaf47-dc88-4f6d-af09-f92fbb00f3cc","local_time":"20201220165813","is_ascension_mode":true,"campfire_choices":[{"data":"Bash","floor":7.0,"key":"SMITH"},{"data":"Rampage","floor":10.0,"key":"SMITH"},{"data":"Body Slam","floor":13.0,"key":"SMITH"},{"data":"Juggernaut","floor":15.0,"key":"SMITH"},{"floor":23.0,"key":"REST"},{"floor":25.0,"key":"REST"},{"floor":30.0,"key":"REST"},{"floor":32.0,"key":"REST"}],"circlet_count":0,"master_deck":["AscendersBane","Strike_R","Strike_R","Strike_R","Strike_R","Defend_R","Defend_R+1","Defend_R+1","Defend_R","Bash+1","Carnage","Rampage+1","Cleave","Juggernaut+1","Rage+1","Body Slam+1","Headbutt","Immolate","Evolve","Clothesline","Fire Breathing","Limit Break+1","True Grit+1","Writhe","Shrug It Off+1","Flex+1","Wild Strike","Disarm+1"],"relics":["Burning Blood","NeowsBlessing","CaptainsWheel","Toxic Egg 2","Meat on the Bone","Mercury Hourglass","Unceasing Top","Velvet Choker","Vajra","Calipers","Centennial Puzzle","Toy Ornithopter","White Beast Statue","War Paint","Bag of Preparation"],"acts_visited":["Exordium","TheCity"],"potions_floor_usage":[33,33],"damage_taken":[{"damage":0.0,"enemies":"Cultist","floor":1.0,"turns":1.0},{"damage":0.0,"enemies":"Small Slimes","floor":4.0,"turns":1.0},{"damage":0.0,"enemies":"Lagavulin","floor":6.0,"turns":1.0},{"damage":15.0,"enemies":"3 Sentries","floor":8.0,"turns":6.0},{"damage":15.0,"enemies":"Lagavulin","floor":11.0,"turns":7.0},{"damage":8.0,"enemies":"Gremlin Nob","floor":14.0,"turns":3.0},{"damage":12.0,"enemies":"The Guardian","floor":16.0,"turns":9.0},{"damage":11.0,"enemies":"Spheric Guardian","floor":18.0,"turns":3.0},{"damage":23.0,"enemies":"2 Thieves","floor":19.0,"turns":3.0},{"damage":24.0,"enemies":"Centurion and Healer","floor":22.0,"turns":4.0},{"damage":48.0,"enemies":"Book of Stabbing","floor":24.0,"turns":5.0},{"damage":28.0,"enemies":"Gremlin Leader","floor":27.0,"turns":5.0},{"damage":41.0,"enemies":"Book of Stabbing","floor":31.0,"turns":5.0},{"damage":78,"enemies":"Automaton","floor":33,"turns":8}],"seed_played":"4965826936730111997","potions_obtained":[{"floor":1.0,"key":"Block Potion"},{"floor":8.0,"key":"GamblersBrew"},{"floor":14.0,"key":"BlessingOfTheForge"},{"floor":19.0,"key":"ColorlessPotion"},{"floor":24.0,"key":"Fire Potion"},{"floor":27.0,"key":"LiquidBronze"}],"is_trial":false,"path_per_floor":["M","$","?","M","?","E","R","E","T","R","E","?","R","E","R","B",null,"M","M","?","?","M","R","E","R","T","E","?","$","R","E","R","B"],"character_chosen":"IRONCLAD","items_purchased":["Rampage","Shrug It Off+1","DistilledChaos","Flex+1","Wild Strike"],"campfire_rested":4,"item_purchase_floors":[2,29,29,29,29],"current_hp_per_floor":[74,74,74,75,75,75,75,66,66,66,57,57,57,55,55,49,69,64,47,47,47,41,63,33,55,55,45,45,45,67,44,66,0,0],"gold":75,"neow_bonus":"THREE_ENEMY_KILL","is_daily":false,"chose_seed":false,"campfire_upgraded":4,"win_rate":0.0,"timestamp":1608445693,"path_taken":["M","$","?","?","?","E","R","E","T","R","E","?","R","E","R","BOSS","M","M","?","?","?","R","E","R","T","E","?","$","R","E","R","BOSS"],"items_purchased_type":["Card","Card","Potion","Card","Card"],"build_version":"2020-12-13","purchased_purges":0,"victory":false,"max_hp_per_floor":[75,75,75,75,75,75,75,75,75,75,75,75,75,75,75,75,75,75,75,75,75,75,75,75,75,75,75,75,75,75,75,75,75,75],"card_choices":[{"not_picked":["Metallicize","Warcry"],"picked":"Carnage","floor":1.0},{"not_picked":["Anger","Clothesline"],"picked":"Cleave","floor":4.0},{"not_picked":["Flex","Uppercut"],"picked":"Juggernaut","floor":6.0},{"not_picked":["Sentinel+1","Clash"],"picked":"Rage+1","floor":8.0},{"not_picked":["Combust","Clothesline"],"picked":"Body Slam","floor":11.0},{"not_picked":["Perfected Strike","Rampage"],"picked":"Headbutt","floor":14.0},{"not_picked":["Juggernaut","Limit Break+1"],"picked":"Immolate","floor":16.0},{"not_picked":["Cleave+1","Sever Soul"],"picked":"Evolve","floor":18.0},{"not_picked":["Anger","Perfected Strike"],"picked":"Clothesline","floor":19.0},{"not_picked":["Rage+1","Clothesline"],"picked":"Fire Breathing","floor":22.0},{"not_picked":["Immolate","Armaments+1"],"picked":"Limit Break+1","floor":24.0},{"not_picked":["Intimidate+1","Cleave"],"picked":"True Grit+1","floor":27.0},{"not_picked":["Anger","Headbutt+1"],"picked":"Disarm+1","floor":31.0}],"player_experience":2042398,"relics_obtained":[{"floor":6.0,"key":"CaptainsWheel"},{"floor":8.0,"key":"Toxic Egg 2"},{"floor":9.0,"key":"Meat on the Bone"},{"floor":11.0,"key":"Mercury Hourglass"},{"floor":14.0,"key":"Unceasing Top"},{"floor":24.0,"key":"Centennial Puzzle"},{"floor":26.0,"key":"Toy Ornithopter"},{"floor":27.0,"key":"White Beast Statue"},{"floor":31.0,"key":"Bag of Preparation"}],"event_choices":[{"cards_removed":["Strike_R"],"damage_healed":0.0,"max_hp_gain":0.0,"max_hp_loss":0.0,"gold_gain":0.0,"event_name":"Purifier","player_choice":"Purged","floor":3.0,"gold_loss":0.0,"damage_taken":0.0},{"damage_healed":0.0,"max_hp_gain":0.0,"max_hp_loss":0.0,"gold_gain":0.0,"event_name":"The Cleric","player_choice":"Leave","floor":5.0,"gold_loss":0.0,"damage_taken":0.0},{"damage_healed":0.0,"max_hp_gain":0.0,"max_hp_loss":0.0,"gold_gain":0.0,"event_name":"World of Goop","player_choice":"Left Gold","floor":12.0,"gold_loss":38.0,"damage_taken":0.0},{"damage_healed":0.0,"max_hp_gain":0.0,"max_hp_loss":0.0,"gold_gain":0.0,"event_name":"Addict","player_choice":"Obtained Relic","floor":20.0,"gold_loss":85.0,"damage_taken":0.0,"relics_obtained":["Vajra"]},{"damage_healed":0.0,"max_hp_gain":0.0,"max_hp_loss":0.0,"gold_gain":0.0,"event_name":"WeMeetAgain","player_choice":"Gave Potion","floor":21.0,"gold_loss":0.0,"damage_taken":0.0,"relics_obtained":["Calipers"]},{"damage_healed":0.0,"max_hp_gain":0.0,"max_hp_loss":0.0,"gold_gain":0.0,"event_name":"The Mausoleum","player_choice":"Opened","floor":28.0,"gold_loss":0.0,"damage_taken":0.0,"relics_obtained":["War Paint"],"cards_obtained":["Writhe"]}],"is_beta":false,"boss_relics":[{"not_picked":["Fusion Hammer","Philosopher\u0027s Stone"],"picked":"Velvet Choker"}],"items_purged_floors":[],"is_endless":false,"potions_floor_spawned":[1,8,14,19,24,27,31],"killed_by":"Automaton","ascension_level":20}}