{"host":"f5n4tidiz2n5sooh","time":1608448114,"event":{"mods":["BaseMod","Bestiary","Colored Map","Minty Spire (QoL Compilation)","Relic Stats","StSLib"],"gold_per_floor":[111,124,124,47,57,57,82,103,103,28,28,28,63,63,63,63,63],"floor_reached":16,"playtime":294,"items_purged":["Strike_R"],"score":212,"play_id":"8690de5a-e067-46ac-97f2-0034d7936ed5","local_time":"20201220010834","is_ascension_mode":true,"campfire_choices":[{"data":"Whirlwind","floor":6,"key":"SMITH"},{"data":"Bash","floor":11,"key":"SMITH"},{"data":"Hemokinesis","floor":15,"key":"SMITH"}],"circlet_count":0,"master_deck":["AscendersBane","Strike_R","Strike_R","Strike_R","Strike_R","Defend_R","Defend_R","Defend_R","Defend_R","Bash+1","Whirlwind+1","Wild Strike","Hemokinesis+1","Pommel Strike","Offering","Ghostly Armor"],"relics":["Burning Blood","NeowsBlessing","CultistMask","Champion Belt","Odd Mushroom","Matryoshka","Lantern","Oddly Smooth Stone"],"acts_visited":["Exordium"],"potions_floor_usage":[8,16],"damage_taken":[{"damage":0,"enemies":"Jaw Worm","floor":1,"turns":1},{"damage":0,"enemies":"Cultist","floor":2,"turns":1},{"damage":0,"enemies":"2 Louse","floor":5,"turns":1},{"damage":32,"enemies":"3 Sentries","floor":7,"turns":6},{"damage":0,"enemies":"The Mushroom Lair","floor":8,"turns":2},{"damage":30,"enemies":"Lagavulin","floor":13,"turns":4},{"damage":51,"enemies":"Slime Boss","floor":16,"turns":8}],"seed_played":"-7866105461625161434","potions_obtained":[{"floor":2,"key":"Strength Potion"},{"floor":7,"key":"BloodPotion"}],"is_trial":false,"path_per_floor":["M","M","?","$","M","R","E","?","T","$","R","?","E","T","R","B"],"character_chosen":"IRONCLAD","items_purchased":["Hemokinesis"],"campfire_rested":0,"item_purchase_floors":[4],"current_hp_per_floor":[74,75,75,75,75,75,49,55,55,55,55,55,31,31,31,0,0],"gold":63,"neow_bonus":"THREE_ENEMY_KILL","is_daily":false,"chose_seed":false,"campfire_upgraded":3,"win_rate":0.0,"timestamp":1608448114,"path_taken":["M","M","?","$","?","R","E","?","T","$","R","?","E","?","R","BOSS"],"items_purchased_type":["Card"],"build_version":"2020-12-13","purchased_purges":1,"victory":false,"max_hp_per_floor":[75,75,75,75,75,75,75,75,75,75,75,75,75,75,75,75,75],"relic_stats":{"counters":[7,23],"Champion Belt":[4],"obtain_stats":[{"Lantern":13,"Matryoshka":9,"NeowsBlessing":0,"Oddly Smooth Stone":14,"CultistMask":3,"Champion Belt":7,"Odd Mushroom":8,"Burning Blood":0},{"Lantern":6,"Matryoshka":5,"NeowsBlessing":0,"Oddly Smooth Stone":6,"CultistMask":2,"Champion Belt":4,"Odd Mushroom":5,"Burning Blood":0},{"Lantern":15,"Matryoshka":11,"NeowsBlessing":0,"Oddly Smooth Stone":15,"CultistMask":2,"Champion Belt":9,"Odd Mushroom":11,"Burning Blood":0}],"Burning Blood":25},"card_choices":[{"not_picked":["Flex","Entrench"],"picked":"Whirlwind","floor":1},{"not_picked":["Warcry","Dropkick"],"picked":"Wild Strike","floor":2},{"not_picked":["Sword Boomerang","Armaments"],"picked":"Pommel Strike","floor":5},{"not_picked":["Havoc","Clash","Armaments"],"picked":"SKIP","floor":7},{"not_picked":["True Grit","Heavy Blade"],"picked":"Offering","floor":8},{"not_picked":["Whirlwind","Sword Boomerang"],"picked":"Ghostly Armor","floor":13}],"player_experience":1902641,"relics_obtained":[{"floor":7,"key":"Champion Belt"},{"floor":8,"key":"Odd Mushroom"},{"floor":9,"key":"Matryoshka"},{"floor":13,"key":"Lantern"},{"floor":14,"key":"Oddly Smooth Stone"}],"event_choices":[{"damage_healed":0,"gold_gain":0,"player_choice":"Trade","damage_taken":0,"relics_obtained":["CultistMask"],"max_hp_gain":0,"max_hp_loss":0,"event_name":"FaceTrader","floor":3,"gold_loss":0},{"damage_healed":0,"gold_gain":0,"player_choice":"Fought Mushrooms","damage_taken":0,"max_hp_gain":0,"max_hp_loss":0,"event_name":"Mushrooms","floor":8,"gold_loss":0},{"damage_healed":0,"gold_gain":0,"player_choice":"Ignored","damage_taken":0,"max_hp_gain":0,"max_hp_loss":0,"event_name":"Liars Game","floor":12,"gold_loss":0}],"is_beta":false,"boss_relics":[],"items_purged_floors":[10],"is_endless":false,"potions_floor_spawned":[2,7],"killed_by":"Slime Boss","ascension_level":20}}