{"host":"xb2tau8pgi8aflss","time":1608454524,"event":{"mods":["AchievementEnabler","BaseMod","Hermit","Minty Spire (QoL Compilation)","StSLib","SuperFastMode"],"gold_per_floor":[210,56,56,6,22,22,48,67,67,16,16,41,41,66,66,66,66],"floor_reached":16,"playtime":411,"items_purged":[],"score":115,"play_id":"ff5c016a-21dd-4072-83d7-c01e3f015479","local_time":"20201220175524","is_ascension_mode":true,"campfire_choices":[{"data":"hermit:BigShot","floor":6,"key":"SMITH"},{"floor":13,"key":"REST"},{"data":"hermit:Coalescence","floor":15,"key":"SMITH"}],"circlet_count":0,"master_deck":["hermit:Strike_Hermit","hermit:Strike_Hermit","hermit:Strike_Hermit","hermit:Defend_Hermit","hermit:Defend_Hermit","hermit:Defend_Hermit","hermit:Defend_Hermit","hermit:Snapshot","hermit:Covet","hermit:Snipe","hermit:BigShot+1","hermit:RoundhouseKick","hermit:Coalescence+1","Injury","hermit:CalledShot","hermit:GoldenBullet"],"relics":["hermit:Momento","hermit:PetGhost","White Beast Statue","Mummified Hand","Bottled Tornado","Golden Idol"],"acts_visited":["Exordium"],"potions_floor_usage":[7,14,16,16],"damage_taken":[{"damage":1,"enemies":"Cultist","floor":1,"turns":3},{"damage":0,"enemies":"2 Louse","floor":5,"turns":2},{"damage":39,"enemies":"Gremlin Nob","floor":7,"turns":4},{"damage":7,"enemies":"Jaw Worm","floor":8,"turns":3},{"damage":9,"enemies":"Blue Slaver","floor":12,"turns":6},{"damage":13,"enemies":"Red Slaver","floor":14,"turns":4},{"damage":100021,"enemies":"Hexaghost","floor":16,"turns":10}],"seed_played":"805190283656387503","potions_obtained":[{"floor":5,"key":"Strength Potion"},{"floor":7,"key":"hermit:Eclipse"},{"floor":8,"key":"Fire Potion"},{"floor":12,"key":"Ancient Potion"},{"floor":14,"key":"DistilledChaos"}],"is_trial":false,"path_per_floor":["M","$","?","?","M","R","E","M","T","$","?","M","R","M","R","B"],"character_chosen":"HERMIT","items_purchased":["hermit:PetGhost","hermit:Coalescence"],"campfire_rested":1,"item_purchase_floors":[2,10],"current_hp_per_floor":[74,74,67,67,67,67,28,21,21,21,21,12,34,21,21,0,0],"gold":66,"neow_bonus":"HUNDRED_GOLD","is_daily":false,"chose_seed":false,"campfire_upgraded":2,"win_rate":0.0,"timestamp":1608454524,"path_taken":["M","$","?","?","?","R","E","M","T","$","?","M","R","M","R","BOSS"],"items_purchased_type":["Relic","Card"],"build_version":"2020-12-13","purchased_purges":0,"victory":false,"max_hp_per_floor":[75,75,75,75,75,75,75,75,75,75,75,75,75,75,75,75,75],"card_choices":[{"not_picked":["hermit:Dive","hermit:Misfire"],"picked":"hermit:Snipe","floor":1},{"not_picked":["hermit:HighCaliber","hermit:TakeCover"],"picked":"hermit:BigShot","floor":5},{"not_picked":["hermit:TakeAim","hermit:FullyLoaded"],"picked":"hermit:RoundhouseKick","floor":7},{"not_picked":["hermit:Misfire","hermit:Cheat","hermit:SprayPray"],"picked":"SKIP","floor":8},{"not_picked":["hermit:Feint","hermit:Vantage"],"picked":"hermit:CalledShot","floor":12},{"not_picked":["hermit:ItchyTrigger","hermit:Ricochet"],"picked":"hermit:GoldenBullet","floor":14}],"player_experience":749253,"relics_obtained":[{"floor":7,"key":"Mummified Hand"},{"floor":9,"key":"Bottled Tornado"}],"event_choices":[{"cards_removed":["hermit:Strike_Hermit"],"damage_healed":0,"gold_gain":0,"player_choice":"Card Removal","damage_taken":7,"max_hp_gain":0,"max_hp_loss":0,"event_name":"Golden Wing","floor":3,"gold_loss":0},{"damage_healed":0,"gold_gain":0,"player_choice":"Paid Gold","damage_taken":0,"relics_obtained":["White Beast Statue"],"max_hp_gain":0,"max_hp_loss":0,"event_name":"WeMeetAgain","floor":4,"gold_loss":50},{"damage_healed":0,"gold_gain":0,"player_choice":"Take Wound","damage_taken":0,"relics_obtained":["Golden Idol"],"max_hp_gain":0,"max_hp_loss":0,"event_name":"Golden Idol","floor":11,"gold_loss":0,"cards_obtained":["Injury"]}],"is_beta":false,"boss_relics":[],"items_purged_floors":[],"is_endless":false,"potions_floor_spawned":[5,7,8,12,14],"killed_by":"Hexaghost","ascension_level":3}}