{"host":"mqhvlr3kpxebko0t","time":1608508123,"event":{"mods":["AchievementEnabler","BaseMod","Colored Map","Colored Powertips","Keyboard Shortcuts","Minty Spire (QoL Compilation)","StSLib","SuperFastMode"],"gold_per_floor":[113,113,138,163,179,179,179,179,179,67,83,83,119,19,19,115,115,115,115],"floor_reached":18,"playtime":411,"items_purged":["Strike_G","Strike_G"],"score":272,"play_id":"da82393c-cc08-45b2-b492-c430ae689921","local_time":"20201221084843","is_ascension_mode":true,"campfire_choices":[{"data":"Prepared","floor":6.0,"key":"SMITH"},{"data":"Neutralize","floor":8.0,"key":"SMITH"},{"data":"Riddle With Holes","floor":12.0,"key":"SMITH"},{"data":"Acrobatics","floor":15.0,"key":"SMITH"}],"circlet_count":0,"master_deck":["AscendersBane","Strike_G","Strike_G","Defend_G","Defend_G","Defend_G","Defend_G","Defend_G","Survivor","Neutralize+1","Backflip","Deadly Poison","Prepared+1","PiercingWail","Riddle With Holes+1","Acrobatics+1","A Thousand Cuts"],"relics":["Ring of the Snake","Golden Idol","Matryoshka","Letter Opener","Sundial","Eternal Feather","SlaversCollar"],"acts_visited":["Exordium","TheCity"],"potions_floor_usage":[],"damage_taken":[{"damage":2.0,"enemies":"2 Louse","floor":1.0,"turns":4.0},{"damage":17.0,"enemies":"Jaw Worm","floor":3.0,"turns":9.0},{"damage":0.0,"enemies":"Cultist","floor":4.0,"turns":4.0},{"damage":0.0,"enemies":"Blue Slaver","floor":5.0,"turns":5.0},{"damage":1.0,"enemies":"3 Louse","floor":11.0,"turns":3.0},{"damage":10.0,"enemies":"3 Sentries","floor":13.0,"turns":8.0},{"damage":16.0,"enemies":"The Guardian","floor":16.0,"turns":14.0},{"damage":16,"enemies":"Spheric Guardian","floor":18,"turns":5}],"seed_played":"1363878196781654334","potions_obtained":[{"floor":4.0,"key":"DistilledChaos"},{"floor":11.0,"key":"LiquidMemories"},{"floor":13.0,"key":"GamblersBrew"}],"is_trial":false,"path_per_floor":["M","?","M","M","M","R","?","R","T","$","M","R","E","$","R","B",null,"M"],"character_chosen":"THE_SILENT","items_purchased":["Riddle With Holes"],"campfire_rested":0,"item_purchase_floors":[10],"current_hp_per_floor":[57,57,40,40,40,40,37,37,37,37,36,36,26,26,35,19,51,35,35],"gold":115,"neow_bonus":"REMOVE_CARD","is_daily":false,"chose_seed":false,"campfire_upgraded":4,"win_rate":0.0,"timestamp":1608508123,"path_taken":["M","?","M","M","M","R","?","R","T","$","M","R","E","?","R","BOSS","M"],"items_purchased_type":["Card"],"build_version":"2020-12-13","purchased_purges":2,"victory":false,"max_hp_per_floor":[66,61,61,61,61,61,61,61,61,61,61,61,61,61,61,61,61,61,61],"card_choices":[{"not_picked":["Dodge and Roll","Tactician"],"picked":"Backflip","floor":1.0},{"not_picked":["Poisoned Stab","Underhanded Strike"],"picked":"Deadly Poison","floor":3.0},{"not_picked":["Underhanded Strike","Accuracy"],"picked":"Prepared","floor":4.0},{"not_picked":["Accuracy","Finisher"],"picked":"PiercingWail","floor":5.0},{"not_picked":["Skewer","Poisoned Stab"],"picked":"Acrobatics","floor":11.0},{"not_picked":["Blade Dance","Deflect","Concentrate"],"picked":"SKIP","floor":13.0},{"not_picked":["Malaise","Bullet Time"],"picked":"A Thousand Cuts","floor":16.0}],"player_experience":662649,"relics_obtained":[{"floor":9.0,"key":"Letter Opener"},{"floor":9.0,"key":"Sundial"},{"floor":13.0,"key":"Eternal Feather"}],"event_choices":[{"damage_healed":0.0,"max_hp_gain":0.0,"max_hp_loss":5.0,"gold_gain":0.0,"event_name":"Golden Idol","player_choice":"Lose Max HP","floor":2.0,"gold_loss":0.0,"damage_taken":0.0,"relics_obtained":["Golden Idol"]},{"damage_healed":0.0,"max_hp_gain":0.0,"max_hp_loss":0.0,"gold_gain":0.0,"event_name":"Scrap Ooze","player_choice":"Success","floor":7.0,"gold_loss":0.0,"damage_taken":3.0,"relics_obtained":["Matryoshka"]}],"is_beta":false,"boss_relics":[{"not_picked":["Pandora\u0027s Box","Busted Crown"],"picked":"SlaversCollar"}],"items_purged_floors":[10,14],"is_endless":false,"potions_floor_spawned":[4,11,13],"killed_by":"Spheric Guardian","ascension_level":14}}