{"host":"y1gy3vaohdji07z5","time":1608472713,"event":{"mods":["BaseMod","Colored Map","Colored Powertips","Hermit","Minty Spire (QoL Compilation)","Random Character Button","Rare Cards Sparkle","StSLib"],"gold_per_floor":[112,112,112,112,37,37,73,73,73,93,128,141,177,190,190,320,320,315,328,34,53,73,73,112,12,12,12,12,56,56,56,56,56,56],"floor_reached":33,"playtime":1814,"items_purged":["Strike_G","Strike_G"],"score":408,"play_id":"c9c11496-7ee2-4651-b17c-6333036fcfcb","local_time":"20201220145833","is_ascension_mode":true,"campfire_choices":[{"data":"Crippling Poison","floor":6.0,"key":"SMITH"},{"data":"Strike_G","floor":15.0,"key":"PURGE"},{"floor":23.0,"key":"REST"},{"data":"Deadly Poison","floor":27.0,"key":"SMITH"},{"floor":32,"key":"REST"}],"circlet_count":0,"master_deck":["Strike_G","Strike_G","Defend_G","Defend_G","Defend_G","Defend_G","Defend_G","Survivor","Neutralize","Crippling Poison+1","Poisoned Stab","Dodge and Roll","Deadly Poison+1","After Image","Bane+1","Backflip+1","Deadly Poison+1"],"relics":["Ring of the Serpent","NeowsBlessing","Bloody Idol","Paper Crane","Peace Pipe","Mercury Hourglass","Letter Opener","Kunai","Prayer Wheel","Du-Vu Doll","Torii","Juzu Bracelet","Gremlin Horn"],"acts_visited":["Exordium","TheCity"],"potions_floor_usage":[29],"damage_taken":[{"damage":0.0,"enemies":"Jaw Worm","floor":1.0,"turns":1.0},{"damage":0.0,"enemies":"Gremlin Nob","floor":7.0,"turns":1.0},{"damage":0.0,"enemies":"Small Slimes","floor":10.0,"turns":1.0},{"damage":15.0,"enemies":"3 Sentries","floor":11.0,"turns":7.0},{"damage":0.0,"enemies":"Cultist","floor":12.0,"turns":3.0},{"damage":14.0,"enemies":"Lagavulin","floor":13.0,"turns":8.0},{"damage":0.0,"enemies":"2 Fungi Beasts","floor":14.0,"turns":3.0},{"damage":8.0,"enemies":"The Guardian","floor":16.0,"turns":9.0},{"damage":16.0,"enemies":"2 Thieves","floor":18.0,"turns":4.0},{"damage":2.0,"enemies":"Chosen","floor":19.0,"turns":6.0},{"damage":9.0,"enemies":"Snake Plant","floor":21.0,"turns":4.0},{"damage":6.0,"enemies":"Centurion and Healer","floor":22.0,"turns":7.0},{"damage":5.0,"enemies":"Gremlin Leader","floor":24.0,"turns":8.0},{"damage":20,"enemies":"Book of Stabbing","floor":29,"turns":5},{"damage":55,"enemies":"Collector","floor":33,"turns":7}],"seed_played":"4264664810963340230","potions_obtained":[{"floor":1.0,"key":"SkillPotion"},{"floor":7.0,"key":"Regen Potion"},{"floor":12.0,"key":"EssenceOfSteel"},{"floor":13.0,"key":"LiquidMemories"},{"floor":19.0,"key":"Explosive Potion"},{"floor":24.0,"key":"PowerPotion"}],"is_trial":false,"path_per_floor":["M","?","?","?","$","R","E","$","T","M","E","M","E","M","R","B",null,"M","M","$","M","M","R","E","$","T","R","?","E","?","?","R","B"],"character_chosen":"THE_SILENT","items_purchased":["Prayer Wheel"],"campfire_rested":2,"item_purchase_floors":[20],"current_hp_per_floor":[70,53,46,69,69,69,69,69,69,69,68,68,54,54,54,46,64,48,46,46,37,31,52,47,47,47,47,47,27,27,27,48,0,0],"gold":56,"neow_bonus":"THREE_ENEMY_KILL","is_daily":false,"chose_seed":false,"campfire_upgraded":2,"win_rate":0.0,"timestamp":1608472713,"path_taken":["M","?","?","?","?","R","E","$","T","M","E","M","E","M","R","BOSS","M","M","$","M","M","R","E","$","T","R","?","E","?","?","R","BOSS"],"items_purchased_type":["Relic"],"build_version":"2020-12-13","purchased_purges":2,"victory":false,"max_hp_per_floor":[70,70,70,70,70,70,70,70,70,70,70,70,70,70,70,70,70,70,70,70,70,70,70,70,70,70,70,70,70,70,70,70,70,70],"card_choices":[{"not_picked":["Blade Dance","Cloak And Dagger"],"picked":"Crippling Poison","floor":1.0},{"not_picked":["Blade Dance","Dagger Spray","Choke"],"picked":"SKIP","floor":7.0},{"not_picked":["Bane","Backflip"],"picked":"Poisoned Stab","floor":10.0},{"not_picked":["Masterful Stab","Underhanded Strike","Heel Hook"],"picked":"SKIP","floor":11.0},{"not_picked":["Sucker Punch","Heel Hook"],"picked":"Dodge and Roll","floor":12.0},{"not_picked":["Slice","Unload"],"picked":"Deadly Poison","floor":13.0},{"not_picked":["Flechettes","Outmaneuver","Dagger Throw"],"picked":"SKIP","floor":14.0},{"not_picked":["Storm of Steel","Envenom"],"picked":"After Image","floor":16.0},{"not_picked":["Dash","Terror"],"picked":"Bane+1","floor":18.0},{"not_picked":["Outmaneuver","Bane","Setup+1"],"picked":"SKIP","floor":19.0},{"not_picked":["Cloak And Dagger","Slice"],"picked":"Backflip+1","floor":21.0},{"not_picked":["Slice","PiercingWail","Endless Agony"],"picked":"SKIP","floor":21.0},{"not_picked":["Dagger Spray","Tactician","Flying Knee"],"picked":"SKIP","floor":22.0},{"not_picked":["Terror","Deflect","Calculated Gamble"],"picked":"SKIP","floor":22.0},{"not_picked":["All Out Attack","Flying Knee","Caltrops"],"picked":"SKIP","floor":24.0},{"not_picked":["Slice","Die Die Die"],"picked":"Deadly Poison","floor":29}],"player_experience":335250,"relics_obtained":[{"floor":7.0,"key":"Peace Pipe"},{"floor":9.0,"key":"Mercury Hourglass"},{"floor":11.0,"key":"Letter Opener"},{"floor":13.0,"key":"Kunai"},{"floor":24.0,"key":"Du-Vu Doll"},{"floor":26.0,"key":"Torii"},{"floor":29,"key":"Gremlin Horn"}],"event_choices":[{"damage_healed":0.0,"max_hp_gain":0.0,"max_hp_loss":0.0,"gold_gain":0.0,"event_name":"Golden Idol","player_choice":"Take Damage","floor":2.0,"gold_loss":0.0,"damage_taken":17.0,"relics_obtained":["Golden Idol"]},{"damage_healed":0.0,"max_hp_gain":0.0,"max_hp_loss":0.0,"gold_gain":0.0,"event_name":"Scrap Ooze","player_choice":"Success","floor":3.0,"gold_loss":0.0,"damage_taken":7.0,"relics_obtained":["Paper Crane"]},{"damage_healed":23.0,"max_hp_gain":0.0,"max_hp_loss":0.0,"gold_gain":0.0,"event_name":"Big Fish","player_choice":"Banana","floor":4.0,"gold_loss":0.0,"damage_taken":0.0},{"damage_healed":0.0,"max_hp_gain":0.0,"max_hp_loss":0.0,"gold_gain":0.0,"event_name":"WeMeetAgain","player_choice":"Gave Potion","floor":28.0,"gold_loss":0.0,"damage_taken":0.0,"relics_obtained":["Juzu Bracelet"]},{"damage_healed":0,"gold_gain":0,"player_choice":"Gave Idol","damage_taken":0,"relics_obtained":["Bloody Idol"],"max_hp_gain":0,"max_hp_loss":0,"event_name":"Forgotten Altar","floor":30,"relics_lost":["Golden Idol"],"gold_loss":0},{"damage_healed":0,"gold_gain":0,"player_choice":"Upgraded","damage_taken":0,"max_hp_gain":0,"max_hp_loss":0,"event_name":"Upgrade Shrine","floor":31,"gold_loss":0,"cards_upgraded":["Deadly Poison"]}],"is_beta":false,"boss_relics":[{"not_picked":["Pandora\u0027s Box","Astrolabe"],"picked":"Ring of the Serpent"}],"items_purged_floors":[5,25],"is_endless":false,"potions_floor_spawned":[1,7,12,13,19,24],"killed_by":"Collector","ascension_level":5}}