{"host":"4id8injl4bo2b6ih","time":1608451294,"event":{"mods":["Act Like it!","BaseMod","Better Third Choice","Colored Map","Downfall","Friendly Minions","Highlight Path","Minty Spire (QoL Compilation)","Robot Space Explorer","Shop Mod","Spicy Shops","StSLib"],"gold_per_floor":[199,209,239,239,249,249,249,281,293,335,81,101,120,134,154,154,154],"floor_reached":16,"playtime":1093,"items_purged":["Doubt"],"score":114,"play_id":"48402a0d-b469-441a-841e-42ba3c97cdb3","local_time":"20201220090134","is_ascension_mode":false,"campfire_choices":[{"data":"sneckomod:TailWhip","floor":1,"key":"SMITH"},{"data":"sneckomod:UnknownClassGUARDIAN","floor":9,"key":"SMITH"}],"circlet_count":0,"master_deck":["sneckomod:Strike+1","sneckomod:Strike+1","sneckomod:Strike","sneckomod:Defend+1","sneckomod:Defend","sneckomod:Defend","sneckomod:TailWhip+1","sneckomod:SnekBite","sneckomod:Unknown","sneckomod:Unknown","sneckomod:ImprovisedGuard","sneckomod:Unknown0Cost","sneckomod:UnknownClassGUARDIAN+1","sneckomod:Unknown3Cost","sneckomod:CheapStock","sneckomod:Nope","sneckomod:CheapStock","sneckomod:UnknownClassROBOT_ORANGE_COLOR","sneckomod:PureSnecko"],"relics":["sneckomod:SneckoSoul","Dead Branch","Shovel","Membership Card","Strange Spoon","MerchantsRug"],"acts_visited":["Exordium"],"potions_floor_usage":[14],"damage_taken":[{"damage":0,"enemies":"Jaw Worm","floor":2,"turns":3},{"damage":14,"enemies":"Gremlin Nob","floor":3,"turns":3},{"damage":10,"enemies":"Small Slimes","floor":5,"turns":4},{"damage":4,"enemies":"Cultist","floor":8,"turns":4},{"damage":22,"enemies":"Lagavulin","floor":10,"turns":6},{"damage":0,"enemies":"downfall:FleeingMerchant","floor":11,"turns":4},{"damage":0,"enemies":"Large Slime","floor":12,"turns":4},{"damage":6,"enemies":"Exordium Wildlife","floor":13,"turns":4},{"damage":9,"enemies":"Red Slaver","floor":14,"turns":2},{"damage":1,"enemies":"2 Fungi Beasts","floor":15,"turns":4},{"damage":35,"enemies":"downfall:Defect","floor":16,"turns":6}],"seed_played":"-5581564957240805138","potions_obtained":[{"floor":2,"key":"LiquidBronze"},{"floor":12,"key":"Weak Potion"},{"floor":13,"key":"EntropicBrew"},{"floor":14,"key":"LiquidMemories"}],"is_trial":false,"path_per_floor":["R","M","E","?","M","?","T","M","R","E","$","M","M","M","M","B"],"character_chosen":"THE_SNECKO","items_purchased":["Membership Card","Strange Spoon","MerchantsRug","sneckomod:CheapStock"],"campfire_rested":0,"item_purchase_floors":[11,11,11,11],"current_hp_per_floor":[90,90,76,76,67,67,67,71,71,50,50,50,44,36,35,0,0],"gold":154,"neow_bonus":"HUNDRED_GOLD","is_daily":false,"chose_seed":false,"campfire_upgraded":2,"win_rate":0.0,"timestamp":1608451294,"path_taken":["R","M","E","?","M","?","T","M","R","E","$","M","M","M","M","BOSS"],"items_purchased_type":["Relic","Relic","Relic","Card"],"build_version":"2020-12-13","purchased_purges":1,"victory":false,"max_hp_per_floor":[90,90,90,90,91,91,91,95,95,96,96,96,96,97,97,97,97],"card_choices":[{"not_picked":["sneckomod:QuickMove","sneckomod:WideSting","sneckomod:DiceBlock"],"picked":"SKIP","floor":2},{"not_picked":["sneckomod:SoulDraw","sneckomod:SlitherStrike"],"picked":"sneckomod:ImprovisedGuard","floor":3},{"not_picked":["sneckomod:SoulDraw","sneckomod:UnknownCommonSkill"],"picked":"sneckomod:Unknown0Cost","floor":5},{"not_picked":["sneckomod:UnknownCommonSkill","sneckomod:UnknownStrike"],"picked":"sneckomod:UnknownClassGUARDIAN","floor":8},{"not_picked":["sneckomod:DiceCrush","sneckomod:UnknownStrike"],"picked":"sneckomod:Unknown3Cost","floor":10},{"not_picked":["sneckomod:DiceBlock","sneckomod:IronFang","sneckomod:UnknownCommonAttack"],"picked":"SKIP","floor":11},{"not_picked":["sneckomod:Unknown1Cost","sneckomod:MasterEye"],"picked":"sneckomod:Nope","floor":12},{"not_picked":["sneckomod:RainOfDice","sneckomod:UnknownCommonAttack"],"picked":"sneckomod:CheapStock","floor":13},{"not_picked":["sneckomod:QuickBite","sneckomod:UnknownCommonAttack"],"picked":"sneckomod:UnknownClassROBOT_ORANGE_COLOR","floor":14},{"not_picked":["sneckomod:UnknownClassGUARDIAN","sneckomod:CheapStock"],"picked":"sneckomod:PureSnecko","floor":15}],"player_experience":365700,"relics_obtained":[{"floor":3,"key":"Dead Branch"},{"floor":7,"key":"MawBank"},{"floor":10,"key":"Shovel"}],"event_choices":[{"cards_removed":["Regret"],"damage_healed":0,"gold_gain":0,"player_choice":"Purged","damage_taken":0,"max_hp_gain":0,"max_hp_loss":0,"event_name":"Purifier","floor":6,"gold_loss":0}],"is_beta":false,"boss_relics":[],"items_purged_floors":[11],"is_endless":false,"potions_floor_spawned":[2,12,13,14,15],"killed_by":"downfall:Defect","ascension_level":0}}