{"host":"1tmagqyeywr2w44t","time":1608472614,"event":{"mods":["2.2 Compatiblity","BaseMod","Colored Powertips","Downfall","Minty Spire (QoL Compilation)","Rare Cards Sparkle","Replay The Spire","StSLib","SuperFastMode"],"gold_per_floor":[99,99,30,50,11,11,36,47,47,57,74,90,90,75,92,92,92],"floor_reached":16,"playtime":566,"items_purged":[],"score":138,"play_id":"c2fbff01-549f-4099-8ec2-7a669e4eda8f","local_time":"20201220225654","is_ascension_mode":true,"campfire_choices":[{"data":"Slimebound:Split","floor":1,"key":"SMITH"},{"floor":6,"key":"RECALL"},{"data":"Slimebound:CorrosiveSpit","floor":9,"key":"SMITH"}],"circlet_count":0,"master_deck":["AscendersBane","Slimebound:Strike_Slimebound","Slimebound:Strike_Slimebound","Slimebound:Tackle","Slimebound:Defend_Slimebound","Slimebound:Defend_Slimebound","Slimebound:Defend_Slimebound","Slimebound:Defend_Slimebound","Slimebound:Split+1","Slimebound:CorrosiveSpit+1","Slimebound:LevelUp+1","Slimebound:SlimeBrawl","Slimebound:SplitMire","Slimebound:AcidTongue","Slimebound:ItLooksTasty","Slimebound:LeechEnergy","Slimebound:SlimeTap","Slimebound:WasteNot","Slimebound:TongueLash"],"relics":["Slimebound:AbsorbEndCombat","Happy Flower"],"acts_visited":["Exordium"],"potions_floor_usage":[12,16,16],"damage_taken":[{"damage":13,"enemies":"downfall:FleeingMerchant","floor":3,"turns":4},{"damage":21,"enemies":"Jaw Worm","floor":4,"turns":3},{"damage":22,"enemies":"downfall:FleeingMerchant","floor":5,"turns":4},{"damage":23,"enemies":"2 Louse","floor":8,"turns":4},{"damage":5,"enemies":"Cultist","floor":10,"turns":3},{"damage":36,"enemies":"Lots of Slimes","floor":11,"turns":3},{"damage":25,"enemies":"3 Louse","floor":12,"turns":4},{"damage":27,"enemies":"downfall:FleeingMerchant","floor":14,"turns":4},{"damage":35,"enemies":"Large Slime","floor":15,"turns":4},{"damage":89,"enemies":"downfall:Defect","floor":16,"turns":6}],"seed_played":"4806187759402313499","potions_obtained":[{"floor":4,"key":"champ:CounterPotion"},{"floor":10,"key":"Weak Potion"},{"floor":11,"key":"Strength Potion"}],"is_trial":false,"path_per_floor":["R","?","$","M","$","R","T","M","R","M","M","M","?","$","M","B"],"character_chosen":"SLIMEBOUND","items_purchased":["Slimebound:SplitMire","Slimebound:LeechEnergy"],"campfire_rested":0,"item_purchase_floors":[3,5],"current_hp_per_floor":[54,54,57,55,53,53,53,42,42,57,41,36,41,54,43,0,0],"gold":92,"neow_bonus":"TRANSFORM_CARD","is_daily":false,"chose_seed":false,"campfire_upgraded":2,"win_rate":0.0,"timestamp":1608472614,"path_taken":["R","?","?","M","?","R","T","M","R","M","M","M","?","$","M","BOSS"],"items_purchased_type":["Card","Card"],"build_version":"2020-12-13","purchased_purges":0,"victory":false,"max_hp_per_floor":[60,60,60,60,60,60,60,60,60,60,60,60,65,65,65,65,65],"card_choices":[{"not_picked":["Slimebound:LeechEnergy","Slimebound:DouseInSlime"],"picked":"Slimebound:SlimeBrawl","floor":3},{"not_picked":["Slimebound:SplitMire","Slimebound:LeechingTouch"],"picked":"Slimebound:AcidTongue","floor":4},{"not_picked":["Slimebound:SlimeSpikes","Slimebound:Repurpose"],"picked":"Slimebound:ItLooksTasty","floor":5},{"not_picked":["Slimebound:ViciousTackle","Slimebound:SplitLeeching","Slimebound:GrowthPunch"],"picked":"SKIP","floor":8},{"not_picked":["Slimebound:SplitAcid","Slimebound:SamplingLick","Slimebound:GoopSpray"],"picked":"SKIP","floor":10},{"not_picked":["Slimebound:SplitAcid","Slimebound:GoopTackle","Slimebound:SplitLeeching"],"picked":"SKIP","floor":11},{"not_picked":["Slimebound:SlimeSpikes","Slimebound:ComboTackle"],"picked":"Slimebound:SlimeTap","floor":12},{"not_picked":["Slimebound:RejuvenatingLick","Slimebound:SamplingLick"],"picked":"Slimebound:WasteNot","floor":14},{"not_picked":["Slimebound:ComboTackle","Slimebound:LeechingTouch"],"picked":"Slimebound:TongueLash","floor":15}],"player_experience":153346,"relics_obtained":[{"floor":7,"key":"Happy Flower"}],"event_choices":[{"damage_healed":0,"gold_gain":0,"player_choice":"Donut","damage_taken":0,"max_hp_gain":5,"max_hp_loss":0,"event_name":"Big Fish","floor":13,"gold_loss":0}],"is_beta":false,"boss_relics":[],"items_purged_floors":[],"is_endless":false,"potions_floor_spawned":[4,10,11],"killed_by":"downfall:Defect","ascension_level":10}}