{"host":"7vidw0fny0glz923","time":1608477306,"event":{"mods":["Act Like it!","BaseMod","Challenge The Spire","Downfall","Friendly Minions","HololiveMod","KinomotoSakuraMod(木之本樱)","Kiyohime（清姬）","KomeijiMod","Lobotomy","Marisa（F雨　魔理沙）","Minty Spire (QoL Compilation)","MostiFishMod","Pale of the Ancients","READ ME - Guardian Mod","Reimu（博丽灵梦）","Remilia（蕾米莉亚）","Replay The Spire","RumiaBox-露米娅的神秘盒子","Shop Mod","StSLib","TestMod","The Cursed","The Jungle","The Poker Player","The Servant 0.9.4","Youmu（魂魄妖梦）","[地精首领爬塔]The Maniac","【东方二次创作】八云紫mod","【遗物卡牌】REMEMod"],"gold_per_floor":[159,176,195,195,72,99,99,117,142,67,86,86,102,102,121,217,217,217,236,236,35,35,58,126,161,161,197,220,241,241,269,296,407,407,257,284,336,358,393,393,393,393,436,436,615,636,325,345,371,371,371,406,406,406,406],"floor_reached":56,"playtime":3717,"items_purged":["hexamod:Strike"],"score":1698,"play_id":"5ce6f337-5860-4389-8fa9-c55e1bf20222","local_time":"20201220151506","is_ascension_mode":true,"campfire_choices":[{"data":"hexamod:Float","floor":4.0,"key":"SMITH"},{"data":"hexamod:WildfireWeapon","floor":10.0,"key":"SMITH"},{"data":"hexamod:EmpoweredFlame","floor":18.0,"key":"SMITH"},{"floor":22,"key":"RECALL"},{"data":"hexamod:Defend","floor":35,"key":"PURGE"},{"data":"hexamod:GhostflameInferno","floor":40,"key":"SMITH"},{"data":"Pot Of Greed","floor":44,"key":"SMITH"},{"floor":54,"key":"REST"}],"circlet_count":0,"master_deck":["hexamod:Strike+1","hexamod:Strike+1","hexamod:Strike+1","hexamod:Defend+1","hexamod:Defend+1","hexamod:Sear+1","hexamod:Float+1","Flash of Steel+1","hexamod:SwordOfDarkness+1","hexamod:FourthSeal","hexamod:WildfireWeapon+1","hexamod:Hexaguard+1","hexamod:StepThrough+1","hexamod:GhostflameBarrier+1","hexamod:EmpoweredFlame+1","hexamod:SixthSeal","hexamod:SecondSeal","hexamod:HeatMetal+1","Pot Of Greed","Pot Of Greed+1","hexamod:HauntingEcho","hexamod:FirstSeal","hexamod:CrushingStance","hexamod:ShieldOfDarkness","Pot Of Greed+1","hexamod:FastForward+1","hexamod:FifthSeal","hexamod:AdvancingGuard+1","hexamod:GhostflameInferno+1","hexamod:PhantomFireball","expansioncontent:Chronoboost+1"],"relics":["testmod-TestBox","DaveBox","REME_ComplimentaryCards","EGODaCapo","testmod-HarvestTotem","ChiXiaoBlade","GoodDreamPillow","Toy Ornithopter","Matryoshka","DianPoetry","downfall:HeartBlessingGreen","ImportantClient","EasyGame_NEW","Bag of Preparation","Oddly Smooth Stone","Blue Candle","Grinning Jar","Vajra","Lantern","GreenFoldingFan","downfall:HeartBlessingRed","downfall:HeartBlessingBlue","CeramicFish","Mastiff:ReiMu","hexamod:InflammatoryLetter","Regal Pillow","TentaclePot:ReiMu","Replay:Towering Pillar of Hats","Replay:Arrowhead"],"acts_visited":["Exordium","TheCity","TheBeyond","TheEnding"],"potions_floor_usage":[55,55],"damage_taken":[{"damage":0.0,"enemies":"Cultist","floor":2.0,"turns":4.0},{"damage":0.0,"enemies":"Small Slimes","floor":3.0,"turns":3.0},{"damage":13.0,"enemies":"3 Sentries","floor":6.0,"turns":9.0},{"damage":4.0,"enemies":"Jaw Worm","floor":8.0,"turns":3.0},{"damage":22.0,"enemies":"Gremlin Nob","floor":9.0,"turns":5.0},{"damage":0.0,"enemies":"2 Fungi Beasts","floor":11.0,"turns":3.0},{"damage":0.0,"enemies":"3 Louse","floor":13.0,"turns":3.0},{"damage":3.0,"enemies":"Exordium Thugs","floor":15.0,"turns":3.0},{"damage":6.0,"enemies":"downfall:Ironclad","floor":16.0,"turns":8.0},{"damage":4.0,"enemies":"Spheric Guardian","floor":19.0,"turns":3.0},{"damage":0.0,"enemies":"downfall:FleeingMerchant","floor":21.0,"turns":4.0},{"damage":0,"enemies":"Book of Stabbing","floor":25,"turns":4},{"damage":20,"enemies":"REME_1_Revenger","floor":27,"turns":4},{"damage":0,"enemies":"3 Byrds","floor":29,"turns":4},{"damage":0,"enemies":"3 Cultists","floor":31,"turns":4},{"damage":0,"enemies":"Cultist and Chosen","floor":32,"turns":3},{"damage":0,"enemies":"downfall:Defect","floor":33,"turns":6},{"damage":15,"enemies":"3 Shapes","floor":36,"turns":4},{"damage":12,"enemies":"R_Hoarder","floor":37,"turns":6},{"damage":6,"enemies":"3 Darklings","floor":38,"turns":3},{"damage":21,"enemies":"Reptomancer","floor":39,"turns":6},{"damage":8,"enemies":"R_Hoarder","floor":43,"turns":4},{"damage":8,"enemies":"downfall:FleeingMerchant","floor":45,"turns":4},{"damage":10,"enemies":"Transient","floor":46,"turns":5},{"damage":4,"enemies":"Sphere and 2 Shapes","floor":48,"turns":2},{"damage":14,"enemies":"4 Shapes","floor":49,"turns":3},{"damage":12,"enemies":"downfall:Watcher","floor":50,"turns":6},{"damage":82,"enemies":"downfall:CharBossMerchant","floor":52,"turns":8},{"damage":42,"enemies":"downfall:NeowBoss","floor":55,"turns":20}],"seed_played":"249114638769626349","potions_obtained":[{"floor":3.0,"key":"PowerPotion"},{"floor":6.0,"key":"LifebloodPotion"},{"floor":8.0,"key":"Fire Potion"},{"floor":9.0,"key":"Death Potion"},{"floor":11.0,"key":"Strength Potion"},{"floor":16.0,"key":"testmod-EscapePotion"},{"floor":19.0,"key":"Flashbang"}],"is_trial":false,"path_per_floor":["R","M","M","R","?","E","T","M","E","R","M","?","M","?","M","B",null,"R","M","?","$","R","T","T","E","?","E","T","M","?","M","M","B",null,"R","M","E","M","E","R","T","?","E","R","$","M","$","M","M","B",null,"E","$","R","B",null],"character_chosen":"THE_SPIRIT","items_purchased":["hexamod:SecondSeal","hexamod:HeatMetal","TentaclePot:ReiMu","expansioncontent:Chronoboost","Replay:Towering Pillar of Hats"],"campfire_rested":1,"item_purchase_floors":[21,21,45,47,47],"current_hp_per_floor":[140,140,140,140,140,127,127,123,111,111,111,111,111,111,108,102,140,140,140,140,140,140,140,140,140,140,120,120,120,120,134,134,140,140,160,160,160,160,160,160,160,160,160,160,160,160,160,160,160,160,160,112,112,160,160],"gold":406,"neow_bonus":"BOSS_RELIC","is_daily":false,"chose_seed":false,"campfire_upgraded":5,"win_rate":0.0,"timestamp":1608477306,"path_taken":["R","M","?","R","?","E","T","M","E","R","M","?","?","?","M","BOSS","R","M","?","$","R","?","T","E","?","E","?","M","?","?","M","BOSS","R","M","E","M","E","R","T","?","E","R","$","M","$","M","M","BOSS","E","$","R","BOSS"],"items_purchased_type":["Card","Card","Relic","Card","Relic"],"build_version":"2020-12-13","purchased_purges":1,"victory":true,"max_hp_per_floor":[140,140,140,140,140,140,140,140,140,140,140,140,140,140,140,140,140,140,140,140,140,140,140,140,140,140,140,140,140,140,140,140,140,140,160,160,160,160,160,160,160,160,160,160,160,160,160,160,160,160,160,160,160,160,160],"card_choices":[{"not_picked":["hexamod:BacktrackSmack","hexamod:NightmareStrike"],"picked":"hexamod:SwordOfDarkness","floor":2.0},{"not_picked":["hexamod:BacktrackSmack","hexamod:Haunt"],"picked":"hexamod:FourthSeal","floor":3.0},{"not_picked":["hexamod:GhostShield","hexamod:BacktrackSmack"],"picked":"hexamod:WildfireWeapon","floor":6.0},{"not_picked":["hexamod:SwordOfDarkness","hexamod:BurningTouch"],"picked":"hexamod:AdvancingGuard","floor":8.0},{"not_picked":["hexamod:ChargedBarrage","hexamod:AdvancingGuard"],"picked":"hexamod:Hexaguard","floor":9.0},{"not_picked":["hexamod:Haunt","hexamod:ParanormalForm"],"picked":"hexamod:StepThrough","floor":11.0},{"not_picked":["hexamod:SwordOfDarkness","hexamod:BacktrackSmack"],"picked":"hexamod:EmpoweredFlame","floor":13.0},{"not_picked":["hexamod:GhostShield","hexamod:Firestarter","hexamod:NightmareStrike"],"picked":"SKIP","floor":15.0},{"not_picked":["hexamod:WildfireWeapon","hexamod:TurnItUp"],"picked":"hexamod:SixthSeal","floor":16.0},{"not_picked":["hexamod:SwordOfDarkness+1","hexamod:Hexaguard","hexamod:NightmareStrike"],"picked":"SKIP","floor":19.0},{"not_picked":["hexamod:FourthSeal","hexamod:Firestarter","hexamod:AdvancingGuard"],"picked":"SKIP","floor":21.0},{"not_picked":["hexamod:PhantomCloak","hexamod:ThermalTransfer"],"picked":"hexamod:HauntingEcho","floor":25},{"not_picked":["hexamod:StepThrough","hexamod:GhostflameInferno"],"picked":"hexamod:FirstSeal","floor":27},{"not_picked":["hexamod:FourthSeal","hexamod:Firestarter","hexamod:GhostLash"],"picked":"SKIP","floor":29},{"not_picked":["hexamod:Again+1","hexamod:NightmareGuise"],"picked":"hexamod:ShieldOfDarkness","floor":31},{"not_picked":["hexamod:ThermalTransfer","hexamod:RadiantFlame+1"],"picked":"hexamod:FastForward+1","floor":32},{"not_picked":["hexamod:SixthSeal","hexamod:TimeWarp"],"picked":"hexamod:FifthSeal","floor":33},{"not_picked":["hexamod:ThirdSeal","hexamod:GhostShield"],"picked":"hexamod:AdvancingGuard","floor":36},{"not_picked":["hexamod:FourthSeal","hexamod:ThirdSeal","hexamod:SecondSeal"],"picked":"SKIP","floor":36},{"not_picked":["hexamod:HauntingEcho+1","hexamod:BurningTouch+1"],"picked":"hexamod:GhostflameInferno","floor":37},{"not_picked":["hexamod:ThirdSeal","hexamod:SecondSeal","hexamod:SixthSeal"],"picked":"SKIP","floor":37},{"not_picked":["hexamod:ThirdSeal","hexamod:SecondSeal","hexamod:SixthSeal"],"picked":"SKIP","floor":37},{"not_picked":["hexamod:NightmareStrike+1","hexamod:HeatMetal","hexamod:Incineration+1"],"picked":"SKIP","floor":38},{"not_picked":["hexamod:SwordOfDarkness+1","hexamod:SecondSeal","hexamod:AdvancingGuard"],"picked":"SKIP","floor":39},{"not_picked":["hexamod:GhostOfSpireFuture","hexamod:BacktrackSmack","hexamod:ShieldOfDarkness"],"picked":"SKIP","floor":43},{"not_picked":["hexamod:Rewind","hexamod:RainOfEmbers+1"],"picked":"hexamod:PhantomFireball","floor":45},{"not_picked":["hexamod:ThirdSeal","hexamod:SecondSeal","hexamod:SixthSeal"],"picked":"SKIP","floor":45},{"not_picked":["hexamod:FourthSeal","hexamod:SecondSeal","hexamod:ThirdSeal"],"picked":"SKIP","floor":46},{"not_picked":["hexamod:EtherealExpedition","hexamod:SwordOfDarkness+1","hexamod:NightmareGuise+1"],"picked":"SKIP","floor":46},{"not_picked":["hexamod:NightmareGuise+1","hexamod:Haunt","hexamod:SpectralAdrenaline"],"picked":"SKIP","floor":48},{"not_picked":["hexamod:SecondSeal","hexamod:FourthSeal","hexamod:FirstSeal"],"picked":"SKIP","floor":49},{"not_picked":["hexamod:SpectersWail","hexamod:GhostShield","hexamod:FastForward+1"],"picked":"SKIP","floor":49},{"not_picked":["hexamod:FourthSeal","hexamod:SecondSeal","hexamod:SixthSeal"],"picked":"SKIP","floor":52},{"not_picked":["hexamod:Haunt","hexamod:NightmareStrike","hexamod:SpectersWail+1"],"picked":"SKIP","floor":52}],"player_experience":872304,"relics_obtained":[{"floor":6.0,"key":"Toy Ornithopter"},{"floor":7.0,"key":"Matryoshka"},{"floor":9.0,"key":"DianPoetry"},{"floor":16.0,"key":"ImportantClient"},{"floor":23,"key":"Bag of Preparation"},{"floor":24,"key":"Oddly Smooth Stone"},{"floor":24,"key":"Blue Candle"},{"floor":25,"key":"Grinning Jar"},{"floor":27,"key":"Vajra"},{"floor":28,"key":"Lantern"},{"floor":37,"key":"CeramicFish"},{"floor":39,"key":"Mastiff:ReiMu"},{"floor":41,"key":"hexamod:InflammatoryLetter"},{"floor":43,"key":"Regal Pillow"},{"floor":52,"key":"Replay:Arrowhead"}],"event_choices":[{"damage_healed":0,"gold_gain":0,"player_choice":"Ignored","damage_taken":0,"max_hp_gain":0,"max_hp_loss":0,"event_name":"给自己的盒子","floor":26,"gold_loss":0},{"damage_healed":0,"gold_gain":0,"cards_transformed":["hexamod:Defend"],"player_choice":"Transformed","damage_taken":0,"max_hp_gain":0,"max_hp_loss":0,"event_name":"Transmorgrifier","floor":30,"gold_loss":0,"cards_obtained":["hexamod:CrushingStance"]}],"is_beta":false,"boss_relics":[{"not_picked":["REME_LowDesire","Abe\u0027s Treasure"],"picked":"EasyGame_NEW"},{"not_picked":["Hololive_TopUpMoneyS","Ring of Chaos"],"picked":"GreenFoldingFan"}],"items_purged_floors":[21],"is_endless":false,"potions_floor_spawned":[3,11,15,29,32,37,39,46,48],"ascension_level":1}}