{"host":"i317trlt96c3w9hm","time":1608463947,"event":{"mods":["2.2 Compatiblity","AchievementEnabler","BaseMod","Better Note","CapriCore","Colored Powertips","GifTheSpireLib","Highlight Path","Minty Spire (QoL Compilation)","Reimu£®≤©¿ˆ¡È√Œ£©","StSLib"],"gold_per_floor":[113,113,129,142,157,185,204,204,204],"floor_reached":8,"playtime":531,"items_purged":[],"score":63,"play_id":"87432eef-3b37-4148-9168-71909339a4d5","local_time":"20201220193227","is_ascension_mode":true,"campfire_choices":[],"circlet_count":0,"master_deck":["Strike_Lin:ReiMu","Strike_Lin:ReiMu","Strike_Lin:ReiMu","Strike_Lin:ReiMu","Defend_Lin:ReiMu","Defend_Lin:ReiMu","Defend_Lin:ReiMu","Defend_Lin:ReiMu","NB:ReiMu","Stagnation:ReiMu","ShadowOfCrow2:ReiMu","CareerPray:ReiMu","SealNeedle:ReiMu","OrbThrow:ReiMu","CareerPray:ReiMu","SpringWay:ReiMu"],"relics":["FlyPower:ReiMu","Shovel","SkyOrb:ReiMu"],"acts_visited":["Exordium"],"potions_floor_usage":[6],"damage_taken":[{"damage":0,"enemies":"Small Slimes","floor":1,"turns":3},{"damage":12,"enemies":"Cultist","floor":3,"turns":4},{"damage":0,"enemies":"Jaw Worm","floor":4,"turns":3},{"damage":6,"enemies":"Blue Slaver","floor":5,"turns":6},{"damage":10,"enemies":"Gremlin Nob","floor":6,"turns":5},{"damage":2,"enemies":"Exordium Wildlife","floor":7,"turns":4},{"damage":19,"enemies":"3 Sentries","floor":8,"turns":5}],"seed_played":"-5688138825671949995","potions_obtained":[{"floor":3,"key":"Block Potion"},{"floor":5,"key":"SmokeBomb"}],"is_trial":false,"path_per_floor":["M","?","M","M","M","E","M","E"],"character_chosen":"REIMU","items_purchased":[],"campfire_rested":0,"item_purchase_floors":[],"current_hp_per_floor":[47,47,35,35,29,19,17,0,0],"gold":204,"neow_bonus":"ONE_RARE_RELIC","is_daily":false,"chose_seed":false,"campfire_upgraded":0,"win_rate":0.0,"timestamp":1608463947,"path_taken":["M","?","M","M","?","E","M","E"],"items_purchased_type":[],"build_version":"2020-12-13","purchased_purges":0,"victory":false,"max_hp_per_floor":[65,65,65,65,65,65,65,65,65],"card_choices":[{"not_picked":["EmergencyTakeOff:ReiMu","ManaGlint:ReiMu"],"picked":"ShadowOfCrow2:ReiMu","floor":1},{"not_picked":["AlertArray:ReiMu","Meditation:ReiMu"],"picked":"CareerPray:ReiMu","floor":3},{"not_picked":["Enchanting:ReiMu","Meditation:ReiMu"],"picked":"SealNeedle:ReiMu","floor":4},{"not_picked":["SubAcupoint:ReiMu","WonderfulDomain:ReiMu"],"picked":"OrbThrow:ReiMu","floor":5},{"not_picked":["CollectionFlower2:ReiMu","Intuition:ReiMu"],"picked":"CareerPray:ReiMu","floor":6},{"not_picked":["Intuition:ReiMu","HakureiPhantom:ReiMu"],"picked":"SpringWay:ReiMu","floor":7}],"player_experience":51255,"relics_obtained":[{"floor":6,"key":"SkyOrb:ReiMu"}],"event_choices":[{"damage_healed":0,"gold_gain":0,"player_choice":"Bought 0 Potions","damage_taken":0,"max_hp_gain":0,"max_hp_loss":0,"event_name":"The Woman in Blue","floor":2,"gold_loss":0}],"is_beta":false,"boss_relics":[],"items_purged_floors":[],"is_endless":false,"potions_floor_spawned":[3,5],"killed_by":"3 Sentries","ascension_level":1}}