{"host":"o7j6aatxjwpw1421","time":1608479531,"event":{"mods":["2.2 Compatiblity","BaseMod","Colored Map","DeckTracker","Highlight Path","Keyboard Shortcuts","Minty Spire (QoL Compilation)","Permanent Neow","Quick Restart","StSLib","SuperFastMode","everything is the same but u backflip on backflip"],"gold_per_floor":[119,44,54,54,54,54,83,83,106,106,140,155,155,185,185,281,281,300,324,337,86,111,111,127,127,127],"floor_reached":25,"playtime":1151,"items_purged":["Doubt"],"score":380,"play_id":"ba8cda1a-f49e-4c9a-ad22-6a57f809bbc9","local_time":"20201221005211","is_ascension_mode":true,"campfire_choices":[{"data":"Skewer","floor":6.0,"key":"SMITH"},{"data":"Noxious Fumes","floor":8.0,"key":"SMITH"},{"data":"Neutralize","floor":10.0,"key":"SMITH"},{"floor":15.0,"key":"REST"},{"data":"Footwork","floor":23.0,"key":"SMITH"}],"circlet_count":0,"master_deck":["AscendersBane","Strike_G","Strike_G","Strike_G","Strike_G","Strike_G","Defend_G","Defend_G","Defend_G","Defend_G","Defend_G","Survivor","Neutralize+1","Unload","Well Laid Plans","Skewer+1","Noxious Fumes+1","Bane","PiercingWail","Doppelganger","Blade Dance","Backflip","Footwork+1","Accuracy","Backflip"],"relics":["Ring of the Snake","Boot","Toy Ornithopter","Oddly Smooth Stone","Mummified Hand","Golden Idol","WristBlade","Chemical X"],"acts_visited":["Exordium","TheCity"],"potions_floor_usage":[],"damage_taken":[{"damage":5.0,"enemies":"Cultist","floor":1.0,"turns":4.0},{"damage":2.0,"enemies":"Jaw Worm","floor":3.0,"turns":4.0},{"damage":13.0,"enemies":"Gremlin Nob","floor":7.0,"turns":4.0},{"damage":19.0,"enemies":"3 Sentries","floor":11.0,"turns":7.0},{"damage":0.0,"enemies":"2 Louse","floor":12.0,"turns":2.0},{"damage":16.0,"enemies":"Slime Boss","floor":16.0,"turns":9.0},{"damage":4.0,"enemies":"Chosen","floor":18.0,"turns":6.0},{"damage":5.0,"enemies":"Shell Parasite","floor":19.0,"turns":4.0},{"damage":13.0,"enemies":"Centurion and Healer","floor":20.0,"turns":5.0},{"damage":10.0,"enemies":"Shelled Parasite and Fungi","floor":22.0,"turns":5.0},{"damage":24.0,"enemies":"Cultist and Chosen","floor":24.0,"turns":6.0},{"damage":0,"enemies":"Sentry and Sphere","floor":25,"turns":2}],"seed_played":"-2027225771608762347","potions_obtained":[{"floor":3.0,"key":"GhostInAJar"},{"floor":7.0,"key":"SteroidPotion"},{"floor":11.0,"key":"EssenceOfSteel"},{"floor":19.0,"key":"Explosive Potion"}],"is_trial":false,"path_per_floor":["M","$","M","?","?","R","E","R","T","R","E","M","?","?","R","B",null,"M","M","M","$","M","R","M","M"],"character_chosen":"THE_SILENT","items_purchased":["Chemical X","Accuracy"],"campfire_rested":1,"item_purchase_floors":[21,21],"current_hp_per_floor":[54,54,52,57,39,39,26,26,26,26,7,7,7,7,26,15,52,53,48,35,35,25,25,1,1,1],"gold":127,"neow_bonus":"THREE_RARE_CARDS","is_daily":false,"chose_seed":false,"campfire_upgraded":4,"win_rate":0.0,"timestamp":1608479531,"path_taken":["M","$","M","?","?","R","E","R","T","R","E","M","?","?","R","BOSS","M","M","M","$","M","R","M","M"],"items_purchased_type":["Relic","Card"],"build_version":"2020-12-13","purchased_purges":1,"victory":false,"max_hp_per_floor":[66,66,66,71,71,71,71,71,71,71,71,71,64,64,64,64,64,64,64,64,64,64,64,64,64,64],"card_choices":[{"not_picked":["Wraith Form v2","Night Terror"],"picked":"Unload","floor":0.0},{"not_picked":["Catalyst","Reflex"],"picked":"Well Laid Plans","floor":1.0},{"not_picked":["Escape Plan","Deadly Poison"],"picked":"Skewer","floor":3.0},{"not_picked":["Caltrops","Bane"],"picked":"Noxious Fumes","floor":7.0},{"not_picked":["Cloak And Dagger","Heel Hook"],"picked":"Bane","floor":11.0},{"not_picked":["Prepared","Dash"],"picked":"PiercingWail","floor":12.0},{"not_picked":["Wraith Form v2","Storm of Steel"],"picked":"Doppelganger","floor":16.0},{"not_picked":["Heel Hook","Riddle With Holes"],"picked":"Blade Dance","floor":18.0},{"not_picked":["PiercingWail","Concentrate"],"picked":"Backflip","floor":19.0},{"not_picked":["Flying Knee","Distraction+1"],"picked":"Footwork","floor":20.0},{"not_picked":["Poisoned Stab","Predator"],"picked":"Backflip","floor":22.0},{"not_picked":["Underhanded Strike","Deflect","Skewer"],"picked":"SKIP","floor":24.0}],"player_experience":302697,"relics_obtained":[{"floor":7.0,"key":"Toy Ornithopter"},{"floor":9.0,"key":"Oddly Smooth Stone"},{"floor":11.0,"key":"Mummified Hand"}],"event_choices":[{"damage_healed":0.0,"max_hp_gain":5.0,"max_hp_loss":0.0,"gold_gain":0.0,"event_name":"Big Fish","player_choice":"Donut","floor":4.0,"gold_loss":0.0,"damage_taken":0.0},{"damage_healed":0.0,"max_hp_gain":0.0,"max_hp_loss":0.0,"gold_gain":0.0,"event_name":"Scrap Ooze","player_choice":"Success","floor":5.0,"gold_loss":0.0,"damage_taken":18.0,"relics_obtained":["Boot"]},{"damage_healed":0.0,"max_hp_gain":0.0,"max_hp_loss":7.0,"gold_gain":0.0,"event_name":"Golden Idol","player_choice":"Lose Max HP","floor":13.0,"gold_loss":0.0,"damage_taken":0.0,"relics_obtained":["Golden Idol"]},{"damage_healed":0.0,"max_hp_gain":0.0,"max_hp_loss":0.0,"gold_gain":30.0,"event_name":"Dead Adventurer","player_choice":"Searched \u00271\u0027 times","floor":14.0,"gold_loss":0.0,"damage_taken":0.0}],"is_beta":false,"boss_relics":[{"not_picked":["Busted Crown","Empty Cage"],"picked":"WristBlade"}],"items_purged_floors":[2],"is_endless":false,"potions_floor_spawned":[3,7,11,19],"killed_by":"Sentry and Sphere","ascension_level":16}}