{"host":"d8d3jqle49sogkjv","time":1608465466,"event":{"mods":["BaseMod","Colored Map","Colored Powertips","Minty Spire (QoL Compilation)","StSLib"],"gold_per_floor":[117,117,19,36,51,78,78,93,93,105,125,149,161,179,179,280,280,295,295,295,195,212,212,212],"floor_reached":23,"playtime":1199,"items_purged":["Pain","Defend_R"],"score":293,"play_id":"b6173d44-622c-48af-89f9-49455dd9a00c","local_time":"20201220125746","is_ascension_mode":true,"campfire_choices":[{"data":"Shrug It Off","floor":7,"key":"SMITH"},{"floor":15,"key":"REST"}],"circlet_count":0,"master_deck":["AscendersBane","Strike_R","Strike_R","Strike_R","Strike_R","Defend_R","Defend_R","Defend_R","Bash","Metallicize","Shrug It Off+1","Intimidate","Armaments","Limit Break","CurseOfTheBell","Heavy Blade","Cleave"],"relics":["Burning Blood","Dream Catcher","WarpedTongs","Oddly Smooth Stone","Bag of Preparation","Calling Bell","Anchor","Meat on the Bone","WingedGreaves"],"acts_visited":["Exordium","TheCity"],"potions_floor_usage":[6,8,23],"damage_taken":[{"damage":0,"enemies":"Small Slimes","floor":1,"turns":3},{"damage":6,"enemies":"Cultist","floor":4,"turns":4},{"damage":4,"enemies":"2 Louse","floor":5,"turns":3},{"damage":36,"enemies":"Gremlin Nob","floor":6,"turns":6},{"damage":7,"enemies":"Exordium Thugs","floor":8,"turns":5},{"damage":16,"enemies":"Lots of Slimes","floor":10,"turns":6},{"damage":0,"enemies":"Large Slime","floor":11,"turns":8},{"damage":4,"enemies":"Blue Slaver","floor":13,"turns":4},{"damage":8,"enemies":"Exordium Thugs","floor":14,"turns":7},{"damage":35,"enemies":"The Guardian","floor":16,"turns":16},{"damage":13,"enemies":"Shell Parasite","floor":18,"turns":11},{"damage":31,"enemies":"Spheric Guardian","floor":22,"turns":7},{"damage":67,"enemies":"Gremlin Leader","floor":23,"turns":6}],"seed_played":"4798555883719231379","potions_obtained":[{"floor":1,"key":"BloodPotion"},{"floor":4,"key":"Ancient Potion"},{"floor":6,"key":"Fire Potion"}],"is_trial":false,"path_per_floor":["M","?","$","M","M","E","R","M","T","M","M","T","M","M","R","B",null,"M","?","?","$","M","E"],"character_chosen":"IRONCLAD","items_purchased":["Shrug It Off"],"campfire_rested":1,"item_purchase_floors":[3],"current_hp_per_floor":[78,78,78,78,80,50,50,49,49,39,45,45,47,45,69,40,70,63,63,63,63,50,0,0],"gold":212,"neow_bonus":"RANDOM_COMMON_RELIC","is_daily":false,"chose_seed":false,"campfire_upgraded":1,"win_rate":0.0,"timestamp":1608465466,"path_taken":["M","?","$","M","M","E","R","M","T","?","M","?","M","M","R","BOSS","M","?","?","$","M","E"],"items_purchased_type":["Card"],"build_version":"2020-12-13","purchased_purges":2,"victory":false,"max_hp_per_floor":[80,80,80,80,80,80,80,80,80,80,80,80,80,80,80,80,80,80,80,80,80,80,80,80],"card_choices":[{"not_picked":["Blood for Blood","Dark Embrace"],"picked":"Metallicize","floor":1},{"not_picked":["Rupture","Twin Strike","Thunderclap"],"picked":"SKIP","floor":4},{"not_picked":["Wild Strike","Dropkick"],"picked":"Intimidate","floor":5},{"not_picked":["True Grit","Searing Blow","Brutality"],"picked":"SKIP","floor":6},{"not_picked":["Sever Soul","True Grit","Feel No Pain"],"picked":"SKIP","floor":8},{"not_picked":["Power Through","Twin Strike","Second Wind"],"picked":"SKIP","floor":10},{"not_picked":["Combust","Impervious"],"picked":"Armaments","floor":11},{"not_picked":["Iron Wave","Entrench","Clash"],"picked":"SKIP","floor":13},{"not_picked":["Power Through","Wild Strike","Headbutt"],"picked":"SKIP","floor":14},{"not_picked":["Immolate","Reaper"],"picked":"Limit Break","floor":16},{"not_picked":["True Grit","Entrench"],"picked":"Heavy Blade","floor":18},{"not_picked":["Pommel Strike","Sword Boomerang"],"picked":"Cleave","floor":22}],"player_experience":313291,"relics_obtained":[{"floor":6,"key":"Oddly Smooth Stone"},{"floor":9,"key":"Bag of Preparation"},{"floor":17,"key":"Anchor"},{"floor":17,"key":"Meat on the Bone"},{"floor":17,"key":"WingedGreaves"}],"event_choices":[{"damage_healed":0,"gold_gain":0,"player_choice":"Rummage","damage_taken":0,"relics_obtained":["WarpedTongs"],"max_hp_gain":0,"max_hp_loss":0,"event_name":"Accursed Blacksmith","floor":2,"gold_loss":0,"cards_obtained":["Pain"]},{"damage_healed":0,"gold_gain":0,"player_choice":"Ignored","damage_taken":0,"max_hp_gain":0,"max_hp_loss":0,"event_name":"Ghosts","floor":19,"gold_loss":0},{"cards_removed":["Strike_R"],"damage_healed":0,"gold_gain":0,"player_choice":"Elegance","damage_taken":0,"max_hp_gain":0,"max_hp_loss":0,"event_name":"Back to Basics","floor":20,"gold_loss":0}],"is_beta":false,"boss_relics":[{"not_picked":["Black Star","Runic Pyramid"],"picked":"Calling Bell"}],"items_purged_floors":[3,21],"is_endless":false,"potions_floor_spawned":[1,4,6],"killed_by":"Gremlin Leader","ascension_level":10}}