{"host":"f6tqpspb2ou2a4h5","time":1608463871,"event":{"mods":["2.2 Compatiblity","Ascension Unlocker","BaseMod","Colored Map","DeckTracker","Hermit","Highlight Path","KOR Keyword Fix","Keyboard Shortcuts","Minty Spire (QoL Compilation)","Permanent Neow","Quick Restart","Random Character Button","StSLib","SuperFastMode","The Poker Player","everything is the same but u backflip on backflip"],"gold_per_floor":[110,185,135,135,147,178,178,195,218,228,242,260,270,270,270,373,373,383,403,421,421,217,251,251,251,251],"floor_reached":25,"playtime":1099,"items_purged":["Defend_G"],"score":225,"play_id":"ff5451fa-aba6-4539-96b3-201323c7e309","local_time":"20201220203111","is_ascension_mode":false,"campfire_choices":[{"data":"After Image","floor":7.0,"key":"SMITH"},{"data":"Prepared","floor":15.0,"key":"SMITH"},{"data":"Phantasmal Killer","floor":24,"key":"SMITH"}],"circlet_count":0,"master_deck":["Strike_G","Strike_G","Strike_G","Strike_G","Defend_G","Defend_G","Defend_G","Defend_G","Survivor","Neutralize","After Image+1","Finisher","Masterful Stab","Footwork","Cloak And Dagger","Eviscerate","Prepared+1","Backstab","Phantasmal Killer+1","Finisher","Deadly Poison","Backflip","Well Laid Plans"],"relics":["Ring of the Serpent","Boot","Matryoshka","Snake Skull","Anchor","CultistMask","Frozen Egg 2"],"acts_visited":["Exordium","TheCity"],"potions_floor_usage":[23,25],"damage_taken":[{"damage":0.0,"enemies":"2 Louse","floor":1.0,"turns":4.0},{"damage":2.0,"enemies":"Small Slimes","floor":5.0,"turns":5.0},{"damage":10.0,"enemies":"Lagavulin","floor":6.0,"turns":5.0},{"damage":0.0,"enemies":"Jaw Worm","floor":8.0,"turns":4.0},{"damage":0.0,"enemies":"2 Fungi Beasts","floor":10.0,"turns":4.0},{"damage":0.0,"enemies":"Red Slaver","floor":11.0,"turns":4.0},{"damage":0.0,"enemies":"Large Slime","floor":12.0,"turns":6.0},{"damage":0.0,"enemies":"Exordium Wildlife","floor":13.0,"turns":3.0},{"damage":13.0,"enemies":"Slime Boss","floor":16.0,"turns":17.0},{"damage":7.0,"enemies":"Shell Parasite","floor":18.0,"turns":6.0},{"damage":0.0,"enemies":"Spheric Guardian","floor":19.0,"turns":3.0},{"damage":11.0,"enemies":"Snake Plant","floor":20.0,"turns":5.0},{"damage":2,"enemies":"Book of Stabbing","floor":23,"turns":4},{"damage":43,"enemies":"Slavers","floor":25,"turns":5}],"seed_played":"-8989189807050048813","potions_obtained":[{"floor":5.0,"key":"BlessingOfTheForge"},{"floor":6.0,"key":"Poison Potion"},{"floor":12.0,"key":"Weak Potion"},{"floor":13.0,"key":"Strength Potion"},{"floor":20.0,"key":"Swift Potion"},{"floor":23,"key":"Weak Potion"}],"is_trial":false,"path_per_floor":["M","?","?","?","M","E","R","M","T","M","M","M","M","?","R","B",null,"M","M","M","?","$","E","R","E"],"character_chosen":"THE_SILENT","items_purchased":["SteroidPotion","Well Laid Plans"],"campfire_rested":0,"item_purchase_floors":[22,22],"current_hp_per_floor":[63,52,52,40,38,28,28,28,28,28,28,28,28,28,28,15,63,56,56,45,45,45,43,43,0,0],"gold":251,"neow_bonus":"THREE_RARE_CARDS","is_daily":false,"chose_seed":false,"campfire_upgraded":3,"win_rate":0.0,"timestamp":1608463871,"path_taken":["M","?","?","?","M","E","R","M","T","M","M","M","?","?","R","BOSS","M","M","M","?","$","E","R","E"],"items_purchased_type":["Potion","Card"],"build_version":"2020-12-13","purchased_purges":1,"victory":false,"max_hp_per_floor":[63,63,63,63,63,63,63,63,63,63,63,63,63,63,63,63,63,63,63,63,63,63,63,63,63,63],"card_choices":[{"not_picked":["Malaise","Corpse Explosion"],"picked":"After Image","floor":0.0},{"not_picked":["Deadly Poison","Expertise"],"picked":"Finisher","floor":1.0},{"not_picked":["Underhanded Strike","Flechettes"],"picked":"Masterful Stab","floor":5.0},{"not_picked":["Sucker Punch","Finisher"],"picked":"Footwork","floor":6.0},{"not_picked":["Dash","Underhanded Strike"],"picked":"Cloak And Dagger","floor":8.0},{"not_picked":["Bane","Poisoned Stab"],"picked":"Eviscerate","floor":10.0},{"not_picked":["Slice","Deflect"],"picked":"Prepared","floor":11.0},{"not_picked":["All Out Attack","Cloak And Dagger","Caltrops"],"picked":"SKIP","floor":12.0},{"not_picked":["Cloak And Dagger","Deflect"],"picked":"Backstab","floor":13.0},{"not_picked":["Unload","Die Die Die"],"picked":"Phantasmal Killer","floor":16.0},{"not_picked":["All Out Attack","PiercingWail"],"picked":"Finisher","floor":18.0},{"not_picked":["Riddle With Holes","Slice"],"picked":"Deadly Poison","floor":19.0},{"not_picked":["Infinite Blades","Dagger Throw"],"picked":"Backflip","floor":20.0},{"not_picked":["Distraction+1","Dash+1","Poisoned Stab"],"picked":"SKIP","floor":23}],"player_experience":34116,"relics_obtained":[{"floor":6.0,"key":"Matryoshka"},{"floor":9.0,"key":"Snake Skull"},{"floor":9.0,"key":"Anchor"},{"floor":23,"key":"Frozen Egg 2"}],"event_choices":[{"damage_healed":0.0,"max_hp_gain":0.0,"max_hp_loss":0.0,"gold_gain":75.0,"event_name":"World of Goop","player_choice":"Gather Gold","floor":2.0,"gold_loss":0.0,"damage_taken":11.0},{"cards_removed":["Strike_G"],"damage_healed":0.0,"max_hp_gain":0.0,"max_hp_loss":0.0,"gold_gain":0.0,"event_name":"The Cleric","player_choice":"Card Removal","floor":3.0,"gold_loss":50.0,"damage_taken":0.0},{"damage_healed":0.0,"max_hp_gain":0.0,"max_hp_loss":0.0,"gold_gain":0.0,"event_name":"Scrap Ooze","player_choice":"Success","floor":4.0,"gold_loss":0.0,"damage_taken":12.0,"relics_obtained":["Boot"]},{"damage_healed":0.0,"max_hp_gain":0.0,"max_hp_loss":0.0,"gold_gain":0.0,"event_name":"NoteForYourself","player_choice":"Ignored","floor":14.0,"gold_loss":0.0,"damage_taken":0.0},{"damage_healed":0.0,"max_hp_gain":0.0,"max_hp_loss":0.0,"gold_gain":0.0,"event_name":"FaceTrader","player_choice":"Trade","floor":21.0,"gold_loss":0.0,"damage_taken":0.0,"relics_obtained":["CultistMask"]}],"is_beta":false,"boss_relics":[{"not_picked":["Busted Crown","Sozu"],"picked":"Ring of the Serpent"}],"items_purged_floors":[22],"is_endless":false,"potions_floor_spawned":[5,6,12,13,20,23],"killed_by":"Slavers","ascension_level":0}}