{"host":"uv231blk40vjdojr","time":1608475082,"event":{"mods":["BaseMod","Minty Spire (QoL Compilation)","Relic Stats"],"gold_per_floor":[13,29,29,29,41,41,75,75,75,75,75,90,90,90,90,163,163,178,68,82,102,102,102],"floor_reached":22,"playtime":1003,"items_purged":[],"score":340,"play_id":"9cf0829d-96de-4c35-804d-fa6ade5d26a4","local_time":"20201220153802","is_ascension_mode":true,"campfire_choices":[{"data":"Beam Cell","floor":6,"key":"SMITH"},{"data":"Cold Snap","floor":8,"key":"SMITH"},{"data":"Zap","floor":10,"key":"SMITH"},{"floor":15,"key":"REST"}],"circlet_count":0,"master_deck":["AscendersBane","Strike_B","Strike_B","Strike_B","Defend_B","Defend_B","Defend_B+1","Defend_B","Zap+1","Dualcast","Beam Cell+1","Ball Lightning+1","Coolheaded","Cold Snap+1","Cold Snap","Electrodynamics","Chaos"],"relics":["Cracked Core","Unceasing Top","Singing Bowl","Potion Belt","Ornamental Fan","Symbiotic Virus","SacredBark"],"acts_visited":["Exordium","TheCity"],"potions_floor_usage":[7,16,16],"damage_taken":[{"damage":1,"enemies":"2 Louse","floor":1,"turns":4},{"damage":0,"enemies":"Small Slimes","floor":2,"turns":2},{"damage":1,"enemies":"Cultist","floor":5,"turns":3},{"damage":18,"enemies":"3 Sentries","floor":7,"turns":5},{"damage":5,"enemies":"Large Slime","floor":12,"turns":4},{"damage":18,"enemies":"The Guardian","floor":16,"turns":12},{"damage":31,"enemies":"Chosen","floor":18,"turns":4},{"damage":9,"enemies":"Spheric Guardian","floor":20,"turns":5},{"damage":15,"enemies":"Snecko","floor":21,"turns":4},{"damage":11,"enemies":"Centurion and Healer","floor":22,"turns":1}],"seed_played":"-193766131315975970","potions_obtained":[{"floor":4,"key":"EssenceOfDarkness"},{"floor":4,"key":"Ancient Potion"},{"floor":5,"key":"Energy Potion"},{"floor":12,"key":"Weak Potion"},{"floor":21,"key":"BlessingOfTheForge"}],"is_trial":false,"path_per_floor":["M","M","?","?","M","R","E","R","T","R","?","M","?","?","R","B",null,"M","?","M","M","M"],"character_chosen":"DEFECT","items_purchased":[],"campfire_rested":1,"item_purchase_floors":[],"current_hp_per_floor":[63,63,63,63,62,62,44,44,44,44,18,13,13,13,34,16,57,28,28,21,6,0,0],"gold":102,"neow_bonus":"ONE_RARE_RELIC","is_daily":false,"chose_seed":false,"campfire_upgraded":3,"win_rate":0.0,"timestamp":1608475082,"path_taken":["M","M","?","?","?","R","E","R","T","R","?","M","?","?","R","BOSS","M","?","?","M","M"],"items_purchased_type":[],"build_version":"2020-12-13","purchased_purges":0,"victory":false,"max_hp_per_floor":[71,71,71,71,71,71,71,71,71,71,71,71,71,71,71,71,71,73,73,75,75,75,75],"relic_stats":{"Singing Bowl":4,"counters":[10,44],"Ornamental Fan":[20],"obtain_stats":[{"Potion Belt":9,"Singing Bowl":7,"Ornamental Fan":11,"SacredBark":17,"Cracked Core":0,"Symbiotic Virus":13,"Unceasing Top":0},{"Potion Belt":4,"Singing Bowl":4,"Ornamental Fan":4,"SacredBark":6,"Cracked Core":0,"Symbiotic Virus":5,"Unceasing Top":0},{"Potion Belt":14,"Singing Bowl":14,"Ornamental Fan":14,"SacredBark":30,"Cracked Core":0,"Symbiotic Virus":18,"Unceasing Top":0}],"Unceasing Top":[2]},"card_choices":[{"not_picked":["Streamline","Steam Power"],"picked":"Beam Cell","floor":1},{"not_picked":["Turbo","Redo"],"picked":"Ball Lightning","floor":2},{"not_picked":["Steam","Gash"],"picked":"Coolheaded","floor":5},{"not_picked":["Multi-Cast","Hologram"],"picked":"Cold Snap","floor":7},{"not_picked":["Redo","Steam"],"picked":"Cold Snap","floor":12},{"not_picked":["Rainbow","Machine Learning"],"picked":"Electrodynamics","floor":16},{"not_picked":["Redo","Scrape","Streamline"],"picked":"Singing Bowl","floor":18},{"not_picked":["Redo","Sweeping Beam","Rebound"],"picked":"Singing Bowl","floor":20},{"not_picked":["Electrodynamics","Reprogram"],"picked":"Chaos","floor":21}],"player_experience":503576,"relics_obtained":[{"floor":7,"key":"Singing Bowl"},{"floor":9,"key":"Potion Belt"}],"event_choices":[{"damage_healed":0,"gold_gain":0,"player_choice":"Grow","damage_taken":0,"max_hp_gain":0,"max_hp_loss":0,"event_name":"Living Wall","floor":3,"gold_loss":0,"cards_upgraded":["Ball Lightning"]},{"damage_healed":0,"gold_gain":0,"player_choice":"Got Potions","damage_taken":0,"max_hp_gain":0,"max_hp_loss":0,"event_name":"Lab","floor":4,"gold_loss":0},{"damage_healed":0,"gold_gain":0,"player_choice":"Success","damage_taken":26,"relics_obtained":["Ornamental Fan"],"max_hp_gain":0,"max_hp_loss":0,"event_name":"Scrap Ooze","floor":11,"gold_loss":0},{"damage_healed":0,"gold_gain":0,"player_choice":"Searched \u00271\u0027 times","damage_taken":0,"relics_obtained":["Symbiotic Virus"],"max_hp_gain":0,"max_hp_loss":0,"event_name":"Dead Adventurer","floor":13,"gold_loss":0},{"damage_healed":0,"gold_gain":0,"player_choice":"Ignored","damage_taken":0,"max_hp_gain":0,"max_hp_loss":0,"event_name":"Shining Light","floor":14,"gold_loss":0},{"cards_removed":["Strike_B"],"damage_healed":0,"gold_gain":0,"player_choice":"Upgrade and Remove","damage_taken":0,"max_hp_gain":0,"max_hp_loss":0,"event_name":"Designer","floor":19,"gold_loss":110,"cards_upgraded":["Defend_B"]}],"is_beta":false,"boss_relics":[{"not_picked":["Snecko Eye","Nuclear Battery"],"picked":"SacredBark"}],"items_purged_floors":[],"is_endless":false,"potions_floor_spawned":[5,12,21],"killed_by":"Centurion and Healer","ascension_level":17}}