{"host":"vq3zw93bgn8m7spi","time":1608466493,"event":{"mods":["BaseMod","Downfall","Hermit","Jorbs\u0027s Wanderer Trilogy","Minty Spire (QoL Compilation)","READ ME - Guardian Mod","Remilia¡]Á¢¦Ì²ú?¡^","Replay The Spire","StSLib","The Bug Knight","The Cursed","The Servant 0.9.4"],"gold_per_floor":[114,125,300,300,315,345,363,390,390,153,153,166,197,197,197,197,197],"floor_reached":16,"playtime":1431,"items_purged":["Delirium"],"score":179,"play_id":"d90229be-7a2d-47a9-a024-5404ef8815e7","local_time":"20201220201453","is_ascension_mode":true,"campfire_choices":[{"data":"BloodyHallows","floor":11,"key":"SMITH"},{"data":"BloodAndWine","floor":15,"key":"SMITH"}],"circlet_count":0,"master_deck":["Strike_RM","Strike_RM","Strike_RM","Strike_RM","Defend_RM","Defend_RM","Defend_RM+1","Defend_RM","RedMoon","ScarletShoot","MastersStateliness","DiffusionOfMisfortune","Doubt","RedRainbow","ScarletSymphony","NightLord","ScarletCoffin","BloodyHallows+1","BloodyTrap","BloodAndWine+1"],"relics":["ScarletHat","Ring of Misfortune","ReplayTheSpireMod:Ring of Exchange","Du-Vu Doll","Pet Ghost","Nunchaku","FossilizedHelix","Smiling Mask"],"acts_visited":["Exordium"],"potions_floor_usage":[],"damage_taken":[{"damage":0,"enemies":"Cultist","floor":1,"turns":4},{"damage":3,"enemies":"2 Louse","floor":2,"turns":4},{"damage":0,"enemies":"Small Slimes","floor":5,"turns":5},{"damage":0,"enemies":"Lagavulin","floor":6,"turns":10},{"damage":0,"enemies":"Gremlin Gang","floor":7,"turns":6},{"damage":0,"enemies":"HollowMod:MossKnight","floor":8,"turns":4},{"damage":8,"enemies":"3 Louse","floor":12,"turns":1},{"damage":29,"enemies":"Replay:BlueRogue","floor":13,"turns":7},{"damage":0,"enemies":"Fading Forest","floor":16,"turns":6}],"seed_played":"1476699911956053026","potions_obtained":[{"floor":2,"key":"Cursed Concoction"},{"floor":7,"key":"Adrenaline Potion"},{"floor":13,"key":"Cursed Concoction"},{"floor":13,"key":"AttackPotion"}],"is_trial":false,"path_per_floor":["M","M","?","?","M","E","M","E","T","$","R","M","E","?","R","B"],"character_chosen":"REMILIA","items_purchased":["BloodyHallows"],"campfire_rested":0,"item_purchase_floors":[10],"current_hp_per_floor":[75,72,72,72,72,75,75,75,75,75,75,67,47,47,47,57,57],"gold":197,"neow_bonus":"RANDOM_EVENT","is_daily":false,"chose_seed":false,"campfire_upgraded":2,"win_rate":0.0,"timestamp":1608466493,"path_taken":["M","?","?","?","M","E","M","E","T","$","R","M","E","?","R","BOSS"],"items_purchased_type":["Card"],"build_version":"2020-12-13","purchased_purges":1,"victory":false,"max_hp_per_floor":[75,75,75,75,75,75,75,75,75,75,75,75,75,75,75,75,75],"card_choices":[{"not_picked":["UnderTheZenith","CharismaGuard"],"picked":"MastersStateliness","floor":1},{"not_picked":["UnstableMagic","BloodHunter"],"picked":"DiffusionOfMisfortune","floor":2},{"not_picked":["EndlessAdversity","RedNightlessCastle"],"picked":"RedRainbow","floor":5},{"not_picked":["UnstableMagic","BlasphemousPunishment"],"picked":"ScarletSymphony","floor":6},{"not_picked":["EndlessAdversity","NightDance"],"picked":"NightLord","floor":7},{"not_picked":["ScarletDevil","FavorOfDestiny"],"picked":"ScarletCoffin","floor":8},{"not_picked":["RedMagic","BombardNight"],"picked":"BloodyTrap","floor":12},{"not_picked":["UnstableMagic","BadLadyScramble"],"picked":"BloodAndWine","floor":13}],"player_experience":864432,"relics_obtained":[{"floor":4,"key":"Ring of Misfortune"},{"floor":4,"key":"ReplayTheSpireMod:Ring of Exchange"},{"floor":6,"key":"Du-Vu Doll"},{"floor":8,"key":"Pet Ghost"},{"floor":9,"key":"Nunchaku"},{"floor":13,"key":"FossilizedHelix"}],"event_choices":[{"damage_healed":0,"gold_gain":175,"player_choice":"AGREE","damage_taken":0,"max_hp_gain":0,"max_hp_loss":0,"event_name":"Liars Game","floor":3,"gold_loss":0,"cards_obtained":["Doubt"]},{"damage_healed":0,"gold_gain":0,"player_choice":"Gave Potion","damage_taken":0,"relics_obtained":["Smiling Mask"],"max_hp_gain":0,"max_hp_loss":0,"event_name":"WeMeetAgain","floor":14,"gold_loss":0}],"is_beta":false,"boss_relics":[],"items_purged_floors":[10],"is_endless":false,"potions_floor_spawned":[2,7,13],"killed_by":"Fading Forest","ascension_level":1}}