{"host":"yb9r2nydzhcu354f","time":1608456439,"event":{"mods":["BaseMod","Better Note","Downfall","Minty Spire (QoL Compilation)","Rare Cards Sparkle","Replay The Spire","Robot Space Explorer","Say the Spire","StSLib","vexMod"],"gold_per_floor":[99,128,140,140,165,183,251,176,15,49,49,65,84,69,79,178,178,103,21,21,43,69,108,160,513,536,572,289,317,317,317,344,446,446,371,127,146,164,192,203,227,238,238,271,271,283,43,18,33,33,33,61,11,11,17,17],"floor_reached":55,"playtime":6704,"items_purged":["Regret","Overencumbered","hexamod:Strike+1"],"score":1162,"play_id":"f76074eb-30b5-44b0-8513-a93689eab083","local_time":"20201220172719","is_ascension_mode":false,"campfire_choices":[{"floor":1.0,"key":"DIG"},{"floor":8.0,"key":"RECALL"},{"data":"hexamod:SoulSteal","floor":18.0,"key":"SMITH"},{"data":"1","floor":35,"key":"LIFT"},{"data":"2","floor":43,"key":"LIFT"},{"data":"3","floor":54,"key":"LIFT"}],"circlet_count":0,"master_deck":["hexamod:Strike+1","hexamod:Strike+1","hexamod:Strike+1","hexamod:Defend+1","hexamod:Defend+1","hexamod:Defend+1","hexamod:Sear+1","hexamod:Float+1","hexamod:WildfireWeapon+1","hexamod:SoulSteal+1","hexamod:GhostflameBarrier+1","hexamod:EtherealExpedition+1","CurseOfTheBell","hexamod:PhantomFireball+1","hexamod:HeatCrush","Sadistic Nature","hexamod:VolcanoVisage","hexamod:InspiringFlames","hexamod:NecessarySacrifice+1","hexamod:GiftsFromTheDead","Parasite","hexamod:RecurringNightmare+1","hexamod:GhostOfSpirePresent","hexamod:EtherealExpedition"],"relics":["hexamod:SpiritBrand","Replay:Kaleidoscope","vexMod:BarristanHead","Ring of Searing","Ring of Misfortune","HornCleat","downfall:HeartBlessingBlue","hexamod:MatchstickCase","Prayer Wheel","Calling Bell","Girya","Letter Opener","Gremlin Food","downfall:HeartBlessingRed","Mummified Hand","Blood Vial","Strawberry","downfall:RedIOU","hexamod:TheBrokenSeal","Sozu","downfall:HeartBlessingGreen","Mirror","Bottled Lightning","Anchor","Smiling Mask","Onion Ring","Replay:Bandana"],"acts_visited":["Exordium","TheCity","TheBeyond","TheEnding"],"potions_floor_usage":[27,29,55,55,55],"damage_taken":[{"damage":11.0,"enemies":"3 Sentries","floor":2.0,"turns":10.0},{"damage":0.0,"enemies":"Cultist","floor":3.0,"turns":3.0},{"damage":14.0,"enemies":"Lagavulin","floor":5.0,"turns":5.0},{"damage":0.0,"enemies":"Small Slimes","floor":6.0,"turns":2.0},{"damage":5.0,"enemies":"downfall:FleeingMerchant","floor":9.0,"turns":4.0},{"damage":7.0,"enemies":"3 Sentries","floor":10.0,"turns":6.0},{"damage":3.0,"enemies":"Jaw Worm","floor":12.0,"turns":3.0},{"damage":7.0,"enemies":"Gremlin Gang","floor":13.0,"turns":3.0},{"damage":9.0,"enemies":"downfall:FleeingMerchant","floor":14.0,"turns":4.0},{"damage":5.0,"enemies":"Red Slaver","floor":15.0,"turns":3.0},{"damage":8.0,"enemies":"downfall:Watcher","floor":16.0,"turns":6.0},{"damage":20.0,"enemies":"downfall:FleeingMerchant","floor":19.0,"turns":4.0},{"damage":9.0,"enemies":"Shell Parasite","floor":21.0,"turns":6.0},{"damage":17.0,"enemies":"Shelled Parasite and Fungi","floor":22.0,"turns":6.0},{"damage":19.0,"enemies":"Book of Stabbing","floor":23.0,"turns":6.0},{"damage":0.0,"enemies":"downfall:FleeingMerchant","floor":25.0,"turns":4.0},{"damage":0,"enemies":"Chosen and Byrds","floor":26,"turns":3},{"damage":5,"enemies":"Replay:Snechameleon","floor":27,"turns":3},{"damage":13,"enemies":"Cultist and Chosen","floor":29,"turns":5},{"damage":10,"enemies":"Snake Plant","floor":32,"turns":5},{"damage":17,"enemies":"downfall:Defect","floor":33,"turns":4},{"damage":17,"enemies":"3 Darklings","floor":37,"turns":5},{"damage":7,"enemies":"3 Shapes","floor":38,"turns":3},{"damage":9,"enemies":"Nemesis","floor":39,"turns":5},{"damage":0,"enemies":"Writhing Mass","floor":40,"turns":3},{"damage":0,"enemies":"Sphere and 2 Shapes","floor":42,"turns":4},{"damage":5,"enemies":"Giant Head","floor":44,"turns":6},{"damage":1,"enemies":"4 Shapes","floor":46,"turns":4},{"damage":0,"enemies":"3 Darklings","floor":49,"turns":3},{"damage":8,"enemies":"downfall:Ironclad","floor":50,"turns":6},{"damage":39,"enemies":"downfall:CharBossMerchant","floor":52,"turns":6},{"damage":59,"enemies":"downfall:NeowBoss","floor":55,"turns":17}],"seed_played":"2790145555222313181","potions_obtained":[{"floor":10.0,"key":"Fire Potion"},{"floor":12.0,"key":"Energy Potion"},{"floor":13.0,"key":"FearPotion"},{"floor":15.0,"key":"Fruit Juice"},{"floor":16.0,"key":"SteroidPotion"},{"floor":26,"key":"Swift Potion"},{"floor":29,"key":"SkillPotion"},{"floor":29,"key":"Cursed Concoction"},{"floor":33,"key":"EntropicBrew"}],"is_trial":false,"path_per_floor":["R","E","M","?","E","M","T","R","$","E","?","M","M","$","M","B",null,"R","$","?","M","M","E","T","$","M","E","$","M","?","?","M","B",null,"R","$","M","M","E","M","T","M","R","E","?","M","$","?","M","B",null,"E","$","R","B"],"character_chosen":"THE_SPIRIT","items_purchased":["hexamod:MatchstickCase","Sadistic Nature","Mirror","Onion Ring"],"campfire_rested":0,"item_purchase_floors":[9,28,36,47],"current_hp_per_floor":[63,52,52,52,38,45,45,55,57,57,57,61,61,59,66,58,78,78,65,65,63,53,41,41,50,59,70,70,66,66,66,95,78,95,95,95,78,73,66,68,68,70,70,67,67,68,68,68,70,64,95,56,56,56,0,0],"gold":17,"neow_bonus":"ONE_RARE_RELIC","is_daily":false,"chose_seed":false,"campfire_upgraded":1,"win_rate":0.0,"timestamp":1608456439,"path_taken":["R","E","M","?","E","M","T","R","$","E","?","M","M","$","M","BOSS","R","$","?","M","?","E","T","?","M","E","$","M","?","?","M","BOSS","R","$","M","M","E","?","T","M","R","E","?","M","$","?","M","BOSS","E","$","R","BOSS"],"items_purchased_type":["Relic","Card","Relic","Relic"],"build_version":"2020-12-13","purchased_purges":3,"victory":false,"max_hp_per_floor":[63,63,63,63,63,63,63,73,73,73,73,73,73,73,78,78,78,78,78,78,78,78,78,78,78,78,85,85,85,85,85,95,95,95,95,95,95,95,95,95,95,95,95,95,95,95,95,95,95,95,95,95,95,95,95,95],"card_choices":[{"not_picked":["hexamod:GhostLash","hexamod:SwordOfDarkness","hexamod:Hexaguard"],"picked":"SKIP","floor":2.0},{"not_picked":["hexamod:ThermalTransfer","hexamod:GhostLash","hexamod:Haunt"],"picked":"SKIP","floor":3.0},{"not_picked":["hexamod:PhantomFireball","hexamod:ThermalTransfer"],"picked":"hexamod:FirstSeal","floor":5.0},{"not_picked":["hexamod:BacktrackSmack","hexamod:RainOfEmbers"],"picked":"hexamod:WildfireWeapon","floor":6.0},{"not_picked":["hexamod:SpectralAdrenaline","hexamod:Hexaguard","hexamod:GhostLash"],"picked":"SKIP","floor":9.0},{"not_picked":["hexamod:Rewind","hexamod:GhostLash","hexamod:NightmareGuise"],"picked":"SKIP","floor":10.0},{"not_picked":["hexamod:RadiantFlame","hexamod:NightmareGuise"],"picked":"hexamod:SoulSteal","floor":12.0},{"not_picked":["hexamod:GhostLash","hexamod:RainOfEmbers","hexamod:ParanormalForm"],"picked":"SKIP","floor":12.0},{"not_picked":["hexamod:AdvancingGuard","hexamod:GhostLash"],"picked":"hexamod:GhostflameBarrier","floor":13.0},{"not_picked":["hexamod:NightmareGuise","hexamod:ChargedBarrage","hexamod:SwordOfDarkness"],"picked":"SKIP","floor":13.0},{"not_picked":["hexamod:ThermalTransfer","hexamod:GhostOfSpirePast"],"picked":"hexamod:EtherealExpedition","floor":14.0},{"not_picked":["hexamod:FlamesFromBeyond","hexamod:ShieldOfDarkness"],"picked":"hexamod:SecondSeal","floor":15.0},{"not_picked":["hexamod:FastForward","hexamod:FlamesFromBeyond","hexamod:Hexaguard"],"picked":"SKIP","floor":15.0},{"not_picked":["hexamod:ParanormalForm","hexamod:UnleashSpirits"],"picked":"hexamod:SixthSeal","floor":16.0},{"not_picked":["hexamod:GhostShield+1","hexamod:BurningTouch","hexamod:GhostLash"],"picked":"SKIP","floor":19.0},{"not_picked":["hexamod:SpectersWail+1","hexamod:AdvancingGuard","hexamod:GhostShield"],"picked":"SKIP","floor":21.0},{"not_picked":["hexamod:RainOfEmbers","hexamod:ApocalypseNow","hexamod:ThermalTransfer"],"picked":"SKIP","floor":21.0},{"not_picked":["hexamod:AdvancingGuard","hexamod:BurningTouch"],"picked":"hexamod:PhantomFireball+1","floor":22.0},{"not_picked":["hexamod:GhostLash","hexamod:GhostOfSpirePast","hexamod:SwordOfDarkness+1"],"picked":"SKIP","floor":22.0},{"not_picked":["hexamod:GhostLash","hexamod:ThermalTransfer","hexamod:ChargedBarrage"],"picked":"SKIP","floor":23.0},{"not_picked":["hexamod:BacktrackSmack","hexamod:Firestarter"],"picked":"hexamod:HeatCrush","floor":25},{"not_picked":["hexamod:GhostLash+1","hexamod:FastForward+1","hexamod:HauntingEcho+1"],"picked":"SKIP","floor":25},{"not_picked":["hexamod:FourthSeal","hexamod:ThermalTransfer"],"picked":"hexamod:FifthSeal","floor":26},{"not_picked":["hexamod:GhostflameBarrier","hexamod:BurningTouch","hexamod:GhostShield"],"picked":"SKIP","floor":26},{"not_picked":["hexamod:SixthSeal","hexamod:FirstSeal"],"picked":"hexamod:FourthSeal","floor":27},{"not_picked":["hexamod:InspiringFlames+1","hexamod:FastForward+1","hexamod:GhostLash"],"picked":"SKIP","floor":27},{"not_picked":["hexamod:InspiringFlames+1","hexamod:FastForward+1","hexamod:GhostLash"],"picked":"SKIP","floor":27},{"not_picked":["hexamod:FourthSeal","hexamod:FirstSeal"],"picked":"hexamod:ThirdSeal","floor":29},{"not_picked":["hexamod:SkipABeat","hexamod:AdvancingGuard+1"],"picked":"hexamod:VolcanoVisage","floor":29},{"not_picked":["hexamod:SkipABeat","hexamod:ChargedBarrage","hexamod:HeatCrush"],"picked":"SKIP","floor":29},{"not_picked":["hexamod:NightmareStrike","hexamod:AdvancingGuard"],"picked":"hexamod:NecessarySacrifice+1","floor":32},{"not_picked":["hexamod:FirstSeal","hexamod:SpectersWail+1","hexamod:Hexaguard"],"picked":"SKIP","floor":32},{"not_picked":["hexamod:Haunt","hexamod:Hexaguard","hexamod:DynamicBlow"],"picked":"SKIP","floor":32},{"not_picked":["hexamod:ParanormalForm","hexamod:FifthSeal"],"picked":"hexamod:GiftsFromTheDead","floor":33},{"not_picked":["hexamod:PhantomFireball+1","hexamod:NightmareStrike+1","hexamod:SpectralSpark+1"],"picked":"SKIP","floor":37},{"not_picked":["hexamod:NightmareGuise+1","hexamod:FlamesFromBeyond","hexamod:EtherealExpedition"],"picked":"SKIP","floor":37},{"not_picked":["hexamod:BacktrackSmack","hexamod:GhostShield+1","hexamod:NightmareGuise"],"picked":"SKIP","floor":38},{"not_picked":["hexamod:GhostLash+1","hexamod:RainOfEmbers","hexamod:EmpoweredFlame"],"picked":"SKIP","floor":38},{"not_picked":["hexamod:SpectralAdrenaline+1","hexamod:SoulSteal","hexamod:GhostOfSpirePast+1"],"picked":"SKIP","floor":39},{"not_picked":["hexamod:BurningTouch","hexamod:ChargedBarrage","hexamod:BacktrackSmack"],"picked":"SKIP","floor":40},{"not_picked":["hexamod:BurningTouch+1","hexamod:NightmareStrike+1","hexamod:NecessarySacrifice+1"],"picked":"SKIP","floor":40},{"not_picked":["hexamod:ThermalTransfer","hexamod:NightmareStrike"],"picked":"hexamod:RecurringNightmare+1","floor":42},{"not_picked":["hexamod:HauntingEcho+1","hexamod:BurningTouch+1","hexamod:SpectralAdrenaline+1"],"picked":"SKIP","floor":42},{"not_picked":["hexamod:ShieldOfDarkness","hexamod:HauntingEcho","hexamod:SwordOfDarkness+1"],"picked":"SKIP","floor":44},{"not_picked":["hexamod:ThirdSeal","hexamod:SecondSeal","hexamod:RainOfEmbers+1"],"picked":"SKIP","floor":46},{"not_picked":["hexamod:CatchUp+1","hexamod:SwordOfDarkness+1","hexamod:HeatMetal+1"],"picked":"SKIP","floor":46},{"not_picked":["hexamod:ChargedBarrage+1","hexamod:TurnItUp"],"picked":"hexamod:GhostOfSpirePresent","floor":49},{"not_picked":["hexamod:SuperheatedStrike+1","hexamod:SpectersWail","hexamod:RetreatToShadows+1"],"picked":"SKIP","floor":49},{"not_picked":["hexamod:ApocalypseNow","hexamod:ThermalTransfer+1"],"picked":"hexamod:EtherealExpedition","floor":52}],"player_experience":202042,"relics_obtained":[{"floor":1.0,"key":"Whetstone"},{"floor":2.0,"key":"vexMod:BarristanHead"},{"floor":4.0,"key":"Ring of Searing"},{"floor":4.0,"key":"Ring of Misfortune"},{"floor":5.0,"key":"HornCleat"},{"floor":10.0,"key":"Prayer Wheel"},{"floor":17.0,"key":"Girya"},{"floor":17.0,"key":"Letter Opener"},{"floor":17.0,"key":"Gremlin Food"},{"floor":23.0,"key":"Mummified Hand"},{"floor":24.0,"key":"Blood Vial"},{"floor":27,"key":"Strawberry"},{"floor":39,"key":"Bottled Lightning"},{"floor":41,"key":"Anchor"},{"floor":44,"key":"Smiling Mask"},{"floor":52,"key":"Replay:Bandana"}],"event_choices":[{"cards_removed":["Overencumbered"],"damage_healed":0.0,"max_hp_gain":0.0,"max_hp_loss":0.0,"gold_gain":0.0,"event_name":"betterNote:BetterNote","player_choice":"Give","floor":20.0,"gold_loss":0.0,"damage_taken":0.0,"cards_obtained":["Slimebound:Strike_Slimebound"]},{"damage_healed":0,"gold_gain":0,"cards_transformed":["hexamod:Defend"],"player_choice":"Transformed","damage_taken":0,"max_hp_gain":0,"max_hp_loss":0,"event_name":"Transmorgrifier","floor":31,"gold_loss":0,"cards_obtained":["hexamod:InspiringFlames"]}],"is_beta":false,"boss_relics":[{"not_picked":["Velvet Choker","Astrolabe"],"picked":"Calling Bell"},{"not_picked":["ReplayTheSpireMod:DimensionalGlitch","vexMod:RockOfEvil"],"picked":"Sozu"}],"items_purged_floors":[19,28,53],"is_endless":false,"potions_floor_spawned":[10,12,13,15,16,26,29,32,33,37,38,42,46,49],"killed_by":"downfall:NeowBoss","ascension_level":0}}