{"host":"ek3xvuouaw6vk9if","time":1608448997,"event":{"mods":["BaseMod","BetterRewards","Downfall","Minty Spire (QoL Compilation)","Permanent Neow","Quick Restart","Replay The Spire","StSLib"],"gold_per_floor":[99,117,128,143,157,142,142,155,185,185,197,197,197,197,213,213,213],"floor_reached":16,"playtime":689,"items_purged":[],"score":120,"play_id":"3e6e025a-d178-41fc-b21e-0c3f6458b4e8","local_time":"20201220022317","is_ascension_mode":true,"campfire_choices":[{"data":"champ:EnchantCrown","floor":1,"key":"SMITH"},{"floor":10,"key":"REST"}],"circlet_count":0,"master_deck":["champ:Strike","champ:Strike","champ:Strike","champ:Strike","champ:Defend","champ:Defend","champ:Defend","champ:Defend","champ:Execute","champ:Taunt","champ:EnchantCrown+1","champ:Balance","champ:ViciousMockery","champ:FlashCut","champ:Balance","champ:FanOfKnives","champ:Improvising+1","champ:FocusedGladiator","champ:Haymaker"],"relics":["champ:ChampionCrown","Singing Bowl","Onion Ring","champ:LiftRelic"],"acts_visited":["Exordium"],"potions_floor_usage":[9,9,16,16],"damage_taken":[{"damage":9,"enemies":"Cultist","floor":2,"turns":4},{"damage":13,"enemies":"Jaw Worm","floor":3,"turns":4},{"damage":9,"enemies":"Small Slimes","floor":4,"turns":4},{"damage":8,"enemies":"Blue Slaver","floor":5,"turns":5},{"damage":0,"enemies":"downfall:FleeingMerchant","floor":6,"turns":4},{"damage":28,"enemies":"3 Louse","floor":8,"turns":5},{"damage":11,"enemies":"Gremlin Nob","floor":9,"turns":3},{"damage":13,"enemies":"Blue Slaver","floor":11,"turns":3},{"damage":4,"enemies":"Red Slaver","floor":15,"turns":2},{"damage":47,"enemies":"downfall:Silent","floor":16,"turns":7}],"seed_played":"214481545582974323","potions_obtained":[{"floor":4,"key":"Block Potion"},{"floor":5,"key":"champ:OpenerPotion"},{"floor":9,"key":"Adrenaline Potion"},{"floor":15,"key":"Strength Potion"}],"is_trial":false,"path_per_floor":["R","M","M","M","M","$","T","M","E","R","M","?","?","?","M","B"],"character_chosen":"THE_CHAMP","items_purchased":[],"campfire_rested":1,"item_purchase_floors":[],"current_hp_per_floor":[81,77,69,65,62,62,62,39,33,57,49,49,49,49,45,0,0],"gold":213,"neow_bonus":"THREE_RARE_CARDS","is_daily":false,"chose_seed":false,"campfire_upgraded":1,"win_rate":0.0,"timestamp":1608448997,"path_taken":["R","M","M","M","M","$","T","M","E","R","M","?","?","?","M","BOSS"],"items_purchased_type":[],"build_version":"2020-12-13","purchased_purges":0,"victory":false,"max_hp_per_floor":[81,81,81,81,81,81,81,81,81,81,81,81,81,81,81,81,81],"card_choices":[{"not_picked":["champ:ShieldSlam","champ:StrikeOfGenius"],"picked":"champ:EnchantCrown","floor":0},{"not_picked":["champ:DefensiveShout","champ:SwordSigil"],"picked":"champ:Balance","floor":2},{"not_picked":["champ:AdrenalArmor","champ:RisingSlash"],"picked":"champ:ViciousMockery","floor":3},{"not_picked":["champ:EnGarde","champ:RecklessLeap"],"picked":"champ:FlashCut","floor":4},{"not_picked":["champ:BerserkersShout","champ:Riposte","champ:FaceSlap"],"picked":"SKIP","floor":5},{"not_picked":["champ:TornadoPunch","champ:Backstep"],"picked":"champ:Balance","floor":6},{"not_picked":["champ:DefensiveStyle","champ:PerfectedStrike"],"picked":"champ:FanOfKnives","floor":8},{"not_picked":["champ:TornadoPunch","champ:FalseCounter"],"picked":"champ:Improvising","floor":9},{"not_picked":["champ:ShieldSigil","champ:SwordSigil"],"picked":"champ:FocusedGladiator","floor":11},{"not_picked":["champ:DefensiveShout","champ:Shatter"],"picked":"champ:Haymaker","floor":15}],"player_experience":697362,"relics_obtained":[{"floor":7,"key":"Singing Bowl"},{"floor":9,"key":"Onion Ring"}],"event_choices":[{"damage_healed":0,"gold_gain":0,"player_choice":"Grow","damage_taken":0,"max_hp_gain":0,"max_hp_loss":0,"event_name":"Living Wall","floor":13,"gold_loss":0,"cards_upgraded":["champ:Improvising"]}],"is_beta":false,"boss_relics":[],"items_purged_floors":[],"is_endless":false,"potions_floor_spawned":[4,5,9,15],"killed_by":"downfall:Silent","ascension_level":3}}