{"host":"0cm5wy4nhuju7tij","time":1608430443,"event":{"mods":["2.2 Compatiblity","AchievementEnabler","BaseMod","Better Third Choice","BetterRewards","Colored Powertips","Curses Come First","Custom Start","Displayed Cursed Tome","Downfall","Energized Spire","Filter the Spire","Fireblade Mod","Highlight Path","Jess\u0027s Bottle","Minty Spire (QoL Compilation)","Permanent Neow","Railgun Mod","Robot Space Explorer","Shop Mod","Spicy Shops","StSLib","The Marked","The Servant 0.9.4"],"gold_per_floor":[110,125,142,155,172,172,188,188,188,217,217,244,244,261,261,361,361,375,363,377,11,11,11],"floor_reached":22,"playtime":1388,"items_purged":["theMarked:Strike"],"score":200,"play_id":"674c1f73-9076-4981-a5cf-a472e07dfc36","local_time":"20201219211403","is_ascension_mode":false,"campfire_choices":[{"floor":6,"key":"REST"},{"data":"theMarked:Reabsorb","floor":8,"key":"SMITH"},{"floor":11,"key":"REST"},{"floor":13,"key":"REST"},{"floor":15,"key":"REST"}],"circlet_count":0,"master_deck":["theMarked:Strike","theMarked:Strike","theMarked:Strike","theMarked:Strike","theMarked:Defend","theMarked:Defend","theMarked:Defend","theMarked:Defend","theMarked:SoldierOfQuellstein","theMarked:Static","theMarked:SwordAndMagic","theMarked:Reabsorb+1","theMarked:ResourceFulStrike","theMarked:Aftermath","theMarked:HeritageOfTheMarked","theMarked:Parkour","theMarked:EmpowerWeapon","theMarked:TakeOffHeels","theMarked:ChainLightning","theMarked:WardOff","theMarked:Electrocute","theMarked:PowerFlow"],"relics":["theMarked:ArtifactOfAir","theMarked:SecretDocuments","theMarked:VonisonLock","Oddly Smooth Stone","FossilizedHelix","jessBottle:WaterBottleRelic","Shuriken"],"acts_visited":["Exordium","TheCity"],"potions_floor_usage":[],"damage_taken":[{"damage":4,"enemies":"Cultist","floor":1,"turns":4},{"damage":8,"enemies":"Jaw Worm","floor":2,"turns":3},{"damage":1,"enemies":"2 Louse","floor":3,"turns":3},{"damage":8,"enemies":"Large Slime","floor":4,"turns":7},{"damage":3,"enemies":"2 Fungi Beasts","floor":5,"turns":3},{"damage":5,"enemies":"Looter","floor":7,"turns":3},{"damage":12,"enemies":"3 Sentries","floor":10,"turns":10},{"damage":47,"enemies":"Lagavulin","floor":12,"turns":8},{"damage":15,"enemies":"Exordium Wildlife","floor":14,"turns":5},{"damage":28,"enemies":"Hexaghost","floor":16,"turns":9},{"damage":16,"enemies":"3 Byrds","floor":18,"turns":7},{"damage":16,"enemies":"2 Thieves","floor":19,"turns":4},{"damage":28,"enemies":"Snake Plant","floor":20,"turns":4},{"damage":14,"enemies":"Shelled Parasite and Fungi","floor":22,"turns":2}],"seed_played":"9098027148767315446","potions_obtained":[{"floor":2,"key":"sneckomod:MuddlingPotion"},{"floor":5,"key":"AttackPotion"},{"floor":7,"key":"DuplicationPotion"},{"floor":16,"key":"LiquidBronze"}],"is_trial":false,"path_per_floor":["M","M","M","M","M","R","M","R","T","E","R","E","R","M","R","B",null,"M","M","M","$","M"],"character_chosen":"THE_DEFAULT","items_purchased":["Shuriken","theMarked:PowerFlow"],"campfire_rested":4,"item_purchase_floors":[21,21],"current_hp_per_floor":[45,37,36,28,25,46,41,41,41,29,50,3,24,9,30,2,70,54,38,10,10,0,0],"gold":11,"neow_bonus":"ONE_RARE_RELIC","is_daily":false,"chose_seed":false,"campfire_upgraded":1,"win_rate":0.0,"timestamp":1608430443,"path_taken":["M","M","M","M","M","R","M","R","T","E","R","E","R","?","R","BOSS","M","M","M","$","M"],"items_purchased_type":["Relic","Card"],"build_version":"2020-12-13","purchased_purges":1,"victory":false,"max_hp_per_floor":[70,70,70,70,70,70,70,70,70,70,70,70,70,70,70,70,70,70,70,70,70,70,70],"card_choices":[{"not_picked":["theMarked:Reabsorb","theMarked:TwofoldDefense"],"picked":"theMarked:Static","floor":1},{"not_picked":["theMarked:ShockingTouch","theMarked:TwofoldDefense"],"picked":"theMarked:SwordAndMagic","floor":2},{"not_picked":["theMarked:ChainLightning","theMarked:KeepCalmAndFightOn"],"picked":"theMarked:Reabsorb","floor":3},{"not_picked":["theMarked:WastefulAttack","theMarked:BanishingStrike"],"picked":"theMarked:ResourceFulStrike","floor":4},{"not_picked":["theMarked:ShockingTouch","theMarked:EnhanceMovement"],"picked":"theMarked:Aftermath","floor":5},{"not_picked":["theMarked:CreepingChasm","theMarked:RepellingDischarge","theMarked:Electrify"],"picked":"SKIP","floor":7},{"not_picked":["theMarked:MagicAdept","theMarked:Indomitable"],"picked":"theMarked:HeritageOfTheMarked","floor":10},{"not_picked":["theMarked:Overthink","theMarked:WastefulAttack"],"picked":"theMarked:Parkour","floor":12},{"not_picked":["theMarked:TurnInvisible","theMarked:HeritageOfTheMarked"],"picked":"theMarked:EmpowerWeapon","floor":14},{"not_picked":["theMarked:MuscleMemory","theMarked:ThrowWeapon"],"picked":"theMarked:TakeOffHeels","floor":16},{"not_picked":["theMarked:SwordAndMagic+1","theMarked:EnhancedHearing"],"picked":"theMarked:ChainLightning","floor":18},{"not_picked":["theMarked:KeepCalmAndFightOn","theMarked:RepellingDischarge"],"picked":"theMarked:WardOff","floor":19},{"not_picked":["theMarked:Electrify+1","theMarked:WastefulAttack+1"],"picked":"theMarked:Electrocute","floor":20}],"player_experience":240573,"relics_obtained":[{"floor":9,"key":"theMarked:VonisonLock"},{"floor":10,"key":"Oddly Smooth Stone"},{"floor":12,"key":"FossilizedHelix"}],"event_choices":[],"is_beta":false,"boss_relics":[{"not_picked":["Busted Crown","energizedSpire:DeadBattery"],"picked":"jessBottle:WaterBottleRelic"}],"items_purged_floors":[21],"is_endless":false,"potions_floor_spawned":[2,5,7,12,16,19],"killed_by":"Shelled Parasite and Fungi","ascension_level":0}}