{"host":"ecaj4hn004xnnrw9","time":1608431771,"event":{"mods":["AchievementEnabler","BaseMod","Hermit","Minty Spire (QoL Compilation)","Quick Restart","Replay The Spire","StSLib","The Cursed"],"gold_per_floor":[116,132,146,156,166,198,198,230,278,297,0,55,55,55,55,159,159,177,177,192,209,209,209,280,311,311,339,355,374,374,393,393,488,488,507,99,152,163,163,163,196,196,196,223,241,260,260,274,274,274],"floor_reached":51,"playtime":2752,"items_purged":["Strike_G"],"score":718,"play_id":"ce460856-f510-47b1-83a5-1ed1a9361437","local_time":"20201220023611","is_ascension_mode":true,"campfire_choices":[{"data":"Venomology","floor":7.0,"key":"SMITH"},{"data":"Tactician","floor":15.0,"key":"SMITH"},{"data":"Eviscerate","floor":23.0,"key":"SMITH"},{"data":"Terror","floor":30.0,"key":"SMITH"},{"data":"Corpse Explosion","floor":32.0,"key":"SMITH"},{"floor":40,"key":"REST"},{"floor":42,"key":"REST"}],"circlet_count":0,"master_deck":["Defend_G+1","Defend_G+1","Defend_G","Defend_G","Defend_G","Survivor","All Out Attack","Dagger Throw","Dagger Spray","Dagger Throw","PiercingWail","Venomology+1","Acrobatics","Terror+1","Tactician+1","ReplayTheSpireMod:Speed Training","Skewer+1","Corpse Explosion+1","Eviscerate+1","Blade Dance","Expertise","Predator","Reflex+1","Dagger Throw","ReplayTheSpireMod:Speed Training","Die Die Die","Dash+1","Acrobatics+1","ReplayTheSpireMod:Speed Training","Underhanded Strike+1","Reflex+1","Underhanded Strike+1","Tactician+1","Cloak And Dagger"],"relics":["Ring of the Snake","NeowsBlessing","Du-Vu Doll","Bag of Preparation","War Paint","Happy Flower","Replay:Ringing Soul","Nunchaku","Coffee Dripper","Omamori","Blue Candle","Akabeko","Shuriken","Blood Vial","Kintsugi","Medical Kit","Replay:Bottled Flurry","Replay:Multitool","Pen Nib","Pear","ReplayTheSpireMod:Ninjato"],"acts_visited":["Exordium","TheCity","TheBeyond"],"potions_floor_usage":[41,45,46,46,48,50,50,50],"damage_taken":[{"damage":0.0,"enemies":"Cultist","floor":1.0,"turns":1.0},{"damage":0.0,"enemies":"2 Louse","floor":2.0,"turns":1.0},{"damage":0.0,"enemies":"Small Slimes","floor":3.0,"turns":1.0},{"damage":4.0,"enemies":"Blue Slaver","floor":4.0,"turns":4.0},{"damage":0.0,"enemies":"Exordium Wildlife","floor":5.0,"turns":3.0},{"damage":12.0,"enemies":"Gremlin Nob","floor":6.0,"turns":4.0},{"damage":17.0,"enemies":"Lagavulin","floor":8.0,"turns":5.0},{"damage":0.0,"enemies":"3 Louse","floor":10.0,"turns":1.0},{"damage":7.0,"enemies":"Lagavulin Event","floor":12.0,"turns":4.0},{"damage":16.0,"enemies":"Fading Forest","floor":16.0,"turns":11.0},{"damage":0.0,"enemies":"Chosen","floor":18.0,"turns":4.0},{"damage":0.0,"enemies":"Spheric Guardian","floor":20.0,"turns":1.0},{"damage":12.0,"enemies":"Cultist and Chosen","floor":21.0,"turns":3.0},{"damage":36.0,"enemies":"Replay:Snechameleon","floor":25.0,"turns":7.0},{"damage":20.0,"enemies":"Slavers","floor":27.0,"turns":3.0},{"damage":0.0,"enemies":"Snake Plant","floor":28.0,"turns":2.0},{"damage":3.0,"enemies":"Centurion and Healer","floor":29.0,"turns":2.0},{"damage":0.0,"enemies":"3 Cultists","floor":31.0,"turns":2.0},{"damage":35.0,"enemies":"Collector","floor":33.0,"turns":6.0},{"damage":2.0,"enemies":"3 Darklings","floor":35.0,"turns":3.0},{"damage":34.0,"enemies":"2 Orb Walkers","floor":37.0,"turns":4.0},{"damage":7.0,"enemies":"Orb Walker","floor":38.0,"turns":4.0},{"damage":82,"enemies":"Nemesis","floor":41,"turns":7},{"damage":17,"enemies":"R_Hoarder","floor":44,"turns":6},{"damage":0,"enemies":"Spire Growth","floor":45,"turns":2},{"damage":0,"enemies":"Sphere and 2 Shapes","floor":46,"turns":2},{"damage":0,"enemies":"3 Darklings","floor":48,"turns":1},{"damage":14,"enemies":"Replay:Hell Engine","floor":50,"turns":7}],"seed_played":"612308527841126035","potions_obtained":[{"floor":1.0,"key":"PowerPotion"},{"floor":4.0,"key":"Milkshake"},{"floor":5.0,"key":"SteroidPotion"},{"floor":10.0,"key":"FearPotion"},{"floor":18.0,"key":"EssenceOfSteel"},{"floor":27.0,"key":"Fruit Juice"},{"floor":28.0,"key":"CunningPotion"},{"floor":35.0,"key":"Weak Potion"},{"floor":46,"key":"CunningPotion"}],"is_trial":false,"path_per_floor":["M","M","M","M","M","E","R","E","T","M","$","?","?","T","R","B",null,"M","?","M","M","?","R","T","E","T","E","M","M","R","M","R","B",null,"M","$","?","M","?","R","E","R","T","E","M","M","?","M","R","B",null],"character_chosen":"THE_SILENT","items_purchased":["Tactician","Happy Flower","Medical Kit","Replay:Bottled Flurry"],"campfire_rested":2,"item_purchase_floors":[11,11,36,36],"current_hp_per_floor":[70,70,70,66,66,54,54,37,37,37,37,33,36,36,36,23,79,82,85,88,79,79,79,79,46,46,31,36,38,38,43,43,13,111,109,109,80,78,81,117,40,76,86,74,79,84,87,89,92,80],"gold":274,"neow_bonus":"THREE_ENEMY_KILL","is_daily":false,"chose_seed":false,"campfire_upgraded":5,"win_rate":0.0,"timestamp":1608431771,"path_taken":["M","M","M","M","M","E","R","E","T","?","$","?","?","?","R","BOSS","M","?","M","M","?","R","?","E","T","E","M","?","R","M","R","BOSS","M","$","?","M","?","R","E","R","T","E","?","M","?","M","R","BOSS"],"items_purchased_type":["Card","Relic","Relic","Relic"],"build_version":"2020-12-13","purchased_purges":1,"victory":true,"max_hp_per_floor":[70,70,70,70,70,70,70,70,70,70,70,73,76,76,76,79,79,82,85,88,91,91,91,91,94,94,99,102,105,105,108,108,111,111,111,111,114,117,120,120,123,123,133,136,139,142,145,145,148,148],"card_choices":[{"not_picked":["Well Laid Plans","PiercingWail"],"picked":"All Out Attack","floor":1.0},{"not_picked":["Reflex","ReplayTheSpireMod:Exploit Weakness"],"picked":"Dagger Throw","floor":2.0},{"not_picked":["Deflect","PiercingWail"],"picked":"Dagger Spray","floor":3.0},{"not_picked":["Flechettes","Escape Plan"],"picked":"Dagger Throw","floor":4.0},{"not_picked":["Slice","Finisher"],"picked":"PiercingWail","floor":5.0},{"not_picked":["Dodge and Roll","Masterful Stab"],"picked":"Venomology","floor":6.0},{"not_picked":["Prepared","Slice"],"picked":"Acrobatics","floor":8.0},{"not_picked":["Tools of the Trade","Well Laid Plans"],"picked":"Terror","floor":10.0},{"not_picked":["Outmaneuver","Dodge and Roll"],"picked":"ReplayTheSpireMod:Speed Training","floor":12.0},{"not_picked":["Grand Finale","Doppelganger"],"picked":"Corpse Explosion","floor":16.0},{"not_picked":["Draining Mist","Cloak And Dagger"],"picked":"Poisoned Stab","floor":18.0},{"not_picked":["ReplayTheSpireMod:Shiv Toss","Dodge and Roll"],"picked":"Blade Dance","floor":20.0},{"not_picked":["Atom Bomb","Quick Slash"],"picked":"Expertise","floor":21.0},{"not_picked":["Backflip","Calculated Gamble"],"picked":"Predator","floor":25.0},{"not_picked":["Blade Dance","Cloak And Dagger","Flying Knee"],"picked":"SKIP","floor":27.0},{"not_picked":["Deflect+1","Heel Hook"],"picked":"Reflex+1","floor":28.0},{"not_picked":["Predator+1","PiercingWail"],"picked":"Dagger Throw","floor":29.0},{"not_picked":["Deadly Poison","Underhanded Strike"],"picked":"ReplayTheSpireMod:Speed Training","floor":31.0},{"not_picked":["Replay:Bag of Tricks","Wraith Form v2"],"picked":"Die Die Die","floor":33.0},{"not_picked":["Sucker Punch","Quick Slash+1","ReplayTheSpireMod:The Works"],"picked":"SKIP","floor":35.0},{"not_picked":["Riddle With Holes","Infinite Blades+1"],"picked":"Dash+1","floor":37.0},{"not_picked":["Poisoned Stab+1","Deadly Poison+1"],"picked":"Acrobatics+1","floor":38.0},{"not_picked":["Bane","Riddle With Holes"],"picked":"ReplayTheSpireMod:Speed Training","floor":41},{"not_picked":["Slice+1","Glass Knife"],"picked":"Underhanded Strike+1","floor":44},{"not_picked":["Hidden Blade+1","Draining Mist+1"],"picked":"Reflex+1","floor":45},{"not_picked":["Hidden Blade+1","Fluid Movement+1"],"picked":"Underhanded Strike+1","floor":46},{"not_picked":["Bane+1","Blade Dance","Finisher"],"picked":"SKIP","floor":48}],"player_experience":182761,"relics_obtained":[{"floor":6.0,"key":"Du-Vu Doll"},{"floor":8.0,"key":"Bag of Preparation"},{"floor":9.0,"key":"War Paint"},{"floor":12.0,"key":"Replay:Ringing Soul"},{"floor":14.0,"key":"Nunchaku"},{"floor":24.0,"key":"Blue Candle"},{"floor":25.0,"key":"Akabeko"},{"floor":26.0,"key":"Shuriken"},{"floor":27.0,"key":"Blood Vial"},{"floor":37.0,"key":"Replay:Multitool"},{"floor":41,"key":"Pen Nib"},{"floor":43,"key":"Pear"},{"floor":44,"key":"ReplayTheSpireMod:Ninjato"}],"event_choices":[{"damage_healed":0.0,"max_hp_gain":0.0,"max_hp_loss":0.0,"gold_gain":30.0,"event_name":"Dead Adventurer","player_choice":"Searched \u00273\u0027 times","floor":12.0,"gold_loss":0.0,"damage_taken":0.0},{"damage_healed":0.0,"max_hp_gain":0.0,"max_hp_loss":0.0,"gold_gain":0.0,"event_name":"The Library","player_choice":"Read","floor":19.0,"gold_loss":0.0,"damage_taken":0.0,"cards_obtained":["Eviscerate"]},{"damage_healed":0.0,"max_hp_gain":0.0,"max_hp_loss":0.0,"gold_gain":0.0,"event_name":"The Mausoleum","player_choice":"Opened","floor":22.0,"gold_loss":0.0,"damage_taken":0.0,"relics_obtained":["Omamori"]},{"damage_healed":0.0,"max_hp_gain":0.0,"max_hp_loss":0.0,"gold_gain":0.0,"event_name":"Mysterious Sphere","player_choice":"Fight","floor":37.0,"gold_loss":0.0,"damage_taken":0.0},{"damage_healed":0,"gold_gain":0,"player_choice":"1 cards matched","damage_taken":0,"max_hp_gain":0,"max_hp_loss":0,"event_name":"Match and Keep!","floor":39,"gold_loss":0,"cards_obtained":["Neutralize"]},{"damage_healed":0,"gold_gain":0,"player_choice":"Copied","damage_taken":0,"max_hp_gain":0,"max_hp_loss":0,"event_name":"Duplicator","floor":47,"gold_loss":0,"cards_obtained":["Tactician"]},{"damage_healed":0,"gold_gain":0,"cards_transformed":["Neutralize"],"player_choice":"Transformed","damage_taken":0,"max_hp_gain":0,"max_hp_loss":0,"event_name":"Transmorgrifier","floor":49,"gold_loss":0,"cards_obtained":["Cloak And Dagger"]}],"is_beta":false,"boss_relics":[{"not_picked":["Empty Cage","Cursed Key"],"picked":"Coffee Dripper"},{"not_picked":["Replay:Wanted Poster","Pandora\u0027s Box"],"picked":"Kintsugi"}],"items_purged_floors":[11],"is_endless":false,"potions_floor_spawned":[1,4,5,10,18,27,28,31,35,46],"ascension_level":3}}