{"host":"r3d3rfw8zyydmocx","time":1608504426,"event":{"mods":["Aspiration","BaseMod","Better Third Choice","Colored Powertips","Conspire","Downfall","Hermit","Highlight Path","Hubris","Minty Spire (QoL Compilation)","StSLib","The Hierophant","The Servant 0.9.4"],"gold_per_floor":[93,105,105,105,118,131,156,156,172,172,182,195,195,211,229,332,332,332],"floor_reached":17,"playtime":848,"items_purged":[],"score":151,"play_id":"a2611872-9f4d-4817-8075-27993c304234","local_time":"20201220144706","is_ascension_mode":false,"campfire_choices":[{"data":"sneckomod:UnknownRarePower","floor":8.0,"key":"SMITH"},{"data":"sneckomod:SerpentIdol","floor":10.0,"key":"SMITH"}],"circlet_count":1,"master_deck":["sneckomod:Strike","sneckomod:Strike","sneckomod:Defend","sneckomod:Defend","sneckomod:Defend","sneckomod:TailWhip","sneckomod:SnekBite","sneckomod:Unknown","sneckomod:Unknown","sneckomod:UnknownRarePower+1","sneckomod:QuickMove","sneckomod:DiceCrush","sneckomod:UnknownClassRED","sneckomod:SerpentIdol+1","sneckomod:UnknownX","sneckomod:SerpentIdol","sneckomod:CheapStock","sneckomod:MorePower"],"relics":["sneckomod:SneckoSoul","hubris:Towel","Circlet","Omamori","aspiration:PoetsPen_weak"],"acts_visited":["Exordium","TheCity"],"potions_floor_usage":[],"damage_taken":[{"damage":13.0,"enemies":"Jaw Worm","floor":2.0,"turns":5.0},{"damage":0.0,"enemies":"Small Slimes","floor":5.0,"turns":3.0},{"damage":0.0,"enemies":"Cultist","floor":6.0,"turns":6.0},{"damage":4.0,"enemies":"Blue Slaver","floor":9.0,"turns":3.0},{"damage":26.0,"enemies":"2 Fungi Beasts","floor":11.0,"turns":3.0},{"damage":7.0,"enemies":"Red Slaver","floor":12.0,"turns":4.0},{"damage":2.0,"enemies":"2 Fungi Beasts","floor":14.0,"turns":5.0},{"damage":18.0,"enemies":"Exordium Wildlife","floor":15.0,"turns":5.0},{"damage":36.0,"enemies":"downfall:Watcher","floor":16.0,"turns":9.0}],"seed_played":"-2664454702343915869","potions_obtained":[{"floor":5.0,"key":"sneckomod:CheatPotion"},{"floor":9.0,"key":"Strength Potion"},{"floor":11.0,"key":"Explosive Potion"}],"is_trial":false,"path_per_floor":["R","M","?","?","M","M","T","R","M","R","M","M","?","M","M","B",null],"character_chosen":"THE_SNECKO","items_purchased":[],"campfire_rested":0,"item_purchase_floors":[],"current_hp_per_floor":[91,78,78,78,78,79,79,79,75,75,65,58,58,56,38,2,93,93],"gold":332,"neow_bonus":"THREE_RARE_CARDS","is_daily":false,"chose_seed":false,"campfire_upgraded":2,"win_rate":0.0,"timestamp":1608504426,"path_taken":["R","M","?","?","M","?","T","R","M","R","M","M","?","M","M","BOSS"],"items_purchased_type":[],"build_version":"2020-12-13","purchased_purges":0,"victory":false,"max_hp_per_floor":[91,91,91,91,91,92,92,92,92,92,93,93,93,93,93,93,93,93],"card_choices":[{"not_picked":["sneckomod:UnknownRareSkill","sneckomod:DangerNoodle"],"picked":"sneckomod:UnknownRarePower","floor":0.0},{"not_picked":["sneckomod:Unknown1Cost","sneckomod:WideSting"],"picked":"sneckomod:QuickMove","floor":2.0},{"not_picked":["sneckomod:QuickBite","sneckomod:Unknown1Cost"],"picked":"sneckomod:DiceCrush","floor":5.0},{"not_picked":["sneckomod:QuickMove","sneckomod:Unknown1Cost"],"picked":"sneckomod:UnknownClassRED","floor":6.0},{"not_picked":["sneckomod:UnknownClassSLIMEBOUND","sneckomod:UnknownBlock"],"picked":"sneckomod:SerpentIdol","floor":9.0},{"not_picked":["sneckomod:Mudshield","sneckomod:Unknown0Cost"],"picked":"sneckomod:UnknownX","floor":11.0},{"not_picked":["sneckomod:UnknownStrike","sneckomod:UnknownWeak","sneckomod:UnknownClassPURPLE"],"picked":"SKIP","floor":12.0},{"not_picked":["sneckomod:UnknownCommonAttack","sneckomod:QuickBite"],"picked":"sneckomod:SerpentIdol","floor":14.0},{"not_picked":["sneckomod:UnknownClassHEXA_GHOST_PURPLE","sneckomod:QuickBite"],"picked":"sneckomod:CheapStock","floor":15.0},{"not_picked":["sneckomod:UnknownRareSkill","sneckomod:UnknownRareAttack"],"picked":"sneckomod:MorePower","floor":16.0}],"player_experience":526083,"relics_obtained":[{"floor":7.0,"key":"ReplayTheSpireMod:TigerMarble"}],"event_choices":[{"cards_removed":["sneckomod:Strike"],"damage_healed":0.0,"max_hp_gain":0.0,"max_hp_loss":0.0,"gold_gain":0.0,"event_name":"Bonfire Elementals","player_choice":"Offered Basic","floor":4.0,"gold_loss":0.0,"damage_taken":0.0}],"is_beta":false,"boss_relics":[{"not_picked":["SacredBark","aspiration:FutureDiary"],"picked":"aspiration:PoetsPen_weak"}],"items_purged_floors":[],"is_endless":false,"potions_floor_spawned":[5,9,11,14,15],"ascension_level":0}}