{"host":"wl1tbx6tghg66ijw","time":1608439675,"event":{"mods":["BaseMod","BetterRewards","Colored Map","Dota2Spire","Minty Spire (QoL Compilation)","Replay The Spire","Robot Space Explorer","Spicy Shops","StSLib","The Dragon Tamer","The Servant 0.9.4","【东方二次创作】八云紫mod"],"gold_per_floor":[115,115,134,150,75,104,114,134,158,158,168,183,183,6,6,103,103,120,139,139,152,169,199,224,236,236,236],"floor_reached":25,"playtime":1869,"items_purged":["DTMod:TargetDefense","DTMod:Strike"],"score":279,"play_id":"82a36141-0a09-44d5-a79d-f6c8e671c3a2","local_time":"20201220124755","is_ascension_mode":false,"metric_token":791,"campfire_choices":[{"data":"DTMod:DragonDance","floor":10.0,"key":"SMITH"},{"data":"DTMod:DoubleHit","floor":15,"key":"SMITH"}],"dtmod_dragon_data":[0,50,3,-1,10,0],"circlet_count":0,"master_deck":["DTMod:Strike","DTMod:Strike","DTMod:Strike","DTMod:DoubleHit+1","DTMod:TargetDefense","DTMod:TargetDefense","DTMod:TargetDefense","DTMod:SwitchingTactic","DTMod:Feint","DTMod:LightShield+1","DTMod:DragonDance+1","DTMod:ComboAttack","DTMod:ComboAttack","DTMod:MagicField","DTMod:InvisibleFlame","DTMod:MagiciansMark","DTMod:BreakAttack","DTMod:ShieldDrain","DTMod:LightShield","DTMod:InvisibleFlame+1","DTMod:BreakAttack","DTMod:ComboAttack+1","DTMod:Overwhelm","DTMod:ComboAttack"],"relics":["DTMod:PactStone","NeowsBlessing","Dota2Spire:LotusOrb","Dota2Spire:BladeMail","Coffee Dripper","MawBank"],"acts_visited":["Exordium","TheCity"],"potions_floor_usage":[23],"damage_taken":[{"damage":0.0,"enemies":"2 Louse","floor":1.0,"turns":1.0},{"damage":0.0,"enemies":"Cultist","floor":3.0,"turns":1.0},{"damage":0.0,"enemies":"Jaw Worm","floor":4.0,"turns":1.0},{"damage":0.0,"enemies":"Gremlin Nob","floor":6.0,"turns":5.0},{"damage":0.0,"enemies":"Large Slime","floor":7.0,"turns":5.0},{"damage":0.0,"enemies":"Red Slaver","floor":8.0,"turns":2.0},{"damage":0.0,"enemies":"3 Louse","floor":11.0,"turns":3.0},{"damage":0.0,"enemies":"Looter","floor":12.0,"turns":3.0},{"damage":1,"enemies":"Hexaghost","floor":16,"turns":8},{"damage":0,"enemies":"Shell Parasite","floor":18,"turns":3},{"damage":0,"enemies":"Spheric Guardian","floor":19,"turns":1},{"damage":0,"enemies":"Cultist and Chosen","floor":21,"turns":6},{"damage":0,"enemies":"Snake Plant","floor":22,"turns":3},{"damage":2,"enemies":"Slavers","floor":23,"turns":7},{"damage":0,"enemies":"3 Cultists","floor":24,"turns":5},{"damage":41,"enemies":"Gremlin Leader","floor":25,"turns":5}],"seed_played":"-19007832986845986","potions_obtained":[{"floor":3.0,"key":"BlessingOfTheForge"},{"floor":6.0,"key":"Swift Potion"},{"floor":11.0,"key":"Dexterity Potion"},{"floor":18,"key":"Adrenaline Potion"}],"is_trial":false,"path_per_floor":["M","?","M","M","$","E","M","M","T","R","M","M","?","$","R","B",null,"M","M","?","M","M","E","M","E"],"character_chosen":"THE_DT","items_purchased":["DTMod:ShieldDrain"],"campfire_rested":0,"item_purchase_floors":[14],"current_hp_per_floor":[45,45,45,45,45,45,45,45,45,45,45,45,45,45,45,44,45,45,45,39,39,39,37,37,0,0,0],"gold":236,"neow_bonus":"THREE_ENEMY_KILL","is_daily":false,"chose_seed":false,"campfire_upgraded":2,"win_rate":0.0,"timestamp":1608439675,"path_taken":["M","?","?","M","$","E","M","M","T","R","M","M","?","$","R","BOSS","M","M","?","M","?","E","M","E"],"items_purchased_type":["Card"],"build_version":"2020-12-13","purchased_purges":2,"victory":false,"max_hp_per_floor":[45,45,45,45,45,45,45,45,45,45,45,45,45,45,45,45,45,45,45,45,45,45,45,45,45,45,45],"card_choices":[{"not_picked":["DTMod:Haste","DTMod:Punisher"],"picked":"DTMod:Feint","floor":1.0},{"not_picked":["DTMod:Conduct","DTMod:Adaptation"],"picked":"DTMod:ComboAttack","floor":3.0},{"not_picked":["DTMod:Coolant","DTMod:Punisher"],"picked":"DTMod:MagicField","floor":4.0},{"not_picked":["DTMod:RecklessFlurry","DTMod:CrossStep","DTMod:BlazingStrike"],"picked":"SKIP","floor":6.0},{"not_picked":["DTMod:RunningTactic","DTMod:Weaken","DTMod:ForkedFire"],"picked":"SKIP","floor":7.0},{"not_picked":["DTMod:CleansingStrike","DTMod:FlameSlash"],"picked":"DTMod:InvisibleFlame","floor":8.0},{"not_picked":["DTMod:HeatWave","DTMod:Haste"],"picked":"DTMod:MagiciansMark","floor":11.0},{"not_picked":["DTMod:MagiciansMark","DTMod:SneakAttack"],"picked":"DTMod:BreakAttack","floor":12.0},{"not_picked":["DTMod:ShadowImage","DTMod:StunTrap"],"picked":"DTMod:LightShield","floor":16},{"not_picked":["DTMod:Weaken","DTMod:FlameSlash"],"picked":"DTMod:InvisibleFlame+1","floor":18},{"not_picked":["DTMod:WarmUp+1","DTMod:FlameSlash"],"picked":"DTMod:BreakAttack","floor":19},{"not_picked":["DTMod:BuildUp","DTMod:MasterPlan","DTMod:BurningForce+1"],"picked":"SKIP","floor":21},{"not_picked":["DTMod:BurningEnergy+1","DTMod:FlameSlash+1"],"picked":"DTMod:ComboAttack+1","floor":22},{"not_picked":["DTMod:Conduct","DTMod:BlueScale"],"picked":"DTMod:Overwhelm","floor":23},{"not_picked":["DTMod:Weaken","DTMod:RunningTactic"],"picked":"DTMod:ComboAttack","floor":24}],"player_experience":2831,"relics_obtained":[{"floor":6.0,"key":"Dota2Spire:LotusOrb"},{"floor":9.0,"key":"Dota2Spire:BladeMail"},{"floor":23,"key":"MawBank"}],"event_choices":[{"damage_healed":0.0,"max_hp_gain":0.0,"max_hp_loss":0.0,"gold_gain":0.0,"event_name":"Match and Keep!","player_choice":"3 cards matched","floor":2.0,"gold_loss":0.0,"damage_taken":0.0,"cards_obtained":["DTMod:LightShield","DTMod:DragonDance","DTMod:ComboAttack"]},{"damage_healed":0.0,"max_hp_gain":0.0,"max_hp_loss":0.0,"gold_gain":0.0,"event_name":"Living Wall","player_choice":"Grow","floor":13.0,"gold_loss":0.0,"damage_taken":0.0,"cards_upgraded":["DTMod:LightShield"]},{"damage_healed":0,"gold_gain":0,"player_choice":"","damage_taken":6,"max_hp_gain":0,"max_hp_loss":0,"event_name":"Knowing Skull","floor":20,"potions_obtained":[],"gold_loss":0,"cards_obtained":[]}],"is_beta":false,"boss_relics":[{"not_picked":["DTMod:TheChair","Honey Jar"],"picked":"Coffee Dripper"}],"items_purged_floors":[5,14],"is_endless":false,"potions_floor_spawned":[3,6,11,12,18,21],"killed_by":"Gremlin Leader","ascension_level":0}}