{"host":"61r95uy0hn86b9iu","time":1608432038,"event":{"mods":["AchievementEnabler","BaseMod","Better Vampires","BetterRewards","Colored Powertips","Hubris","Minty Spire (QoL Compilation)","Shop Mod","StSLib"],"gold_per_floor":[114,125,14,32,32,57,57,57,57],"floor_reached":8,"playtime":784,"items_purged":["Strike_G"],"score":112,"play_id":"f1f3c367-2ee0-44e3-b5c8-7799b968a78e","local_time":"20201219204038","is_ascension_mode":true,"campfire_choices":[{"floor":7,"key":"REST"}],"circlet_count":0,"master_deck":["AscendersBane","Strike_G","Strike_G","Strike_G","Strike_G","Defend_G","Defend_G","Defend_G","Defend_G","Defend_G","Survivor","Crippling Poison","Leg Sweep","Blade Dance","Catalyst","Noxious Fumes","Dodge and Roll","Noxious Fumes"],"relics":["Ring of the Snake","hubris:BottledRain","hubris:TinFlute","Oddly Smooth Stone","Torii","hubris:Icosahedron","Pantograph"],"acts_visited":["Exordium"],"potions_floor_usage":[6,6],"damage_taken":[{"damage":12.0,"enemies":"Jaw Worm","floor":1.0,"turns":6.0},{"damage":1.0,"enemies":"2 Louse","floor":2.0,"turns":3.0},{"damage":6,"enemies":"Cultist","floor":4,"turns":5},{"damage":15,"enemies":"Lagavulin","floor":6,"turns":7},{"damage":38,"enemies":"Gremlin Nob","floor":8,"turns":4}],"seed_played":"9099959923960478784","potions_obtained":[{"floor":2,"key":"BlessingOfTheForge"},{"floor":6,"key":"SpeedPotion"}],"is_trial":false,"path_per_floor":["M","M","$","M","?","E","R","E"],"character_chosen":"THE_SILENT","items_purchased":["Crippling Poison","hubris:BottledRain","hubris:TinFlute","Oddly Smooth Stone","Fruit Juice","Noxious Fumes"],"campfire_rested":1,"item_purchase_floors":[0,0,0,0,0,3],"current_hp_per_floor":[38,37,37,31,31,16,37,0,0],"gold":57,"neow_bonus":"","is_daily":false,"chose_seed":false,"campfire_upgraded":0,"win_rate":0.0,"timestamp":1608432038,"path_taken":["M","M","$","M","?","E","R","E"],"items_purchased_type":["Card","Relic","Relic","Relic","Potion","Card"],"build_version":"2020-12-13","purchased_purges":1,"victory":false,"max_hp_per_floor":[71,71,71,71,71,71,71,71,71],"card_choices":[{"not_picked":["Cloak And Dagger","Prepared"],"picked":"Blade Dance","floor":1.0},{"not_picked":["Acrobatics","hubris:Counter"],"picked":"Catalyst","floor":2},{"not_picked":["Backstab","Eviscerate"],"picked":"Dodge and Roll","floor":4},{"not_picked":["Backflip","Cloak And Dagger"],"picked":"Noxious Fumes","floor":6}],"player_experience":3180945,"relics_obtained":[{"floor":6,"key":"Pantograph"}],"event_choices":[],"is_beta":false,"boss_relics":[],"items_purged_floors":[3],"is_endless":false,"potions_floor_spawned":[2,6],"killed_by":"Gremlin Nob","ascension_level":20}}