{"host":"a1kj1kkwgoo3jtle","time":1608481576,"event":{"mods":["2.2 Compatiblity","AchievementEnabler","AlwaysNeverKeys","BaseMod","Better Synergies","Better Third Choice","Colored Powertips","Communication Mod","Custom Start","Downfall","Faster Ascension Climbing","Filter the Spire","Friendly Minions","GifTheSpireLib","Gremlin Skip","Highlight Path","HololiveMod","Infinite Spire","Luminous","Minty Spire (QoL Compilation)","Quick Restart","Reimu??????","Relic Stats","Remilia??????","Replay The Spire","Reworked Bosses","Shade Mod","StSLib","The Alterego","The Druid","The Exalted","The Runesmith","The Servant 0.9.4","TheSwordswoman","Wandering Minibosses","WarShipGirlsR/????R mod","Yuri Mod"],"gold_per_floor":[118,131,131,146,161,195,195,72,72,72,43,93,120,134,134,208,208,221,239,239,289,254,286,386,386,386,386,397,407,432,447,447,525,525,542,592,592,608,624,674,699,699,699,711,761,795,813,825,825,825,825,825],"floor_reached":51,"playtime":3899,"items_purged":[],"score":1239,"play_id":"d17f7841-3d45-4727-9813-422dbc6ffaf1","local_time":"20201220182616","daily_mods":["Allstar","Heirloom","Uncertain Future"],"is_ascension_mode":true,"campfire_choices":[{"floor":7,"key":"REST"},{"data":"1","floor":10,"key":"LIFT"},{"data":"2","floor":15,"key":"LIFT"},{"data":"3","floor":25,"key":"LIFT"},{"data":"yuri:yuriStab","floor":27,"key":"SMITH"},{"data":"yuri:Oolong","floor":32,"key":"SMITH"},{"floor":42,"key":"REST"},{"data":"yuri:GlitchedStrike","floor":49,"key":"SMITH"}],"circlet_count":0,"master_deck":["AscendersBane","yuri:yuriStrike","yuri:yuriStrike","yuri:yuriStrike","yuri:yuriStrike","yuri:yuriStrike","yuri:yuriDefend+1","yuri:yuriDefend","yuri:yuriDefend+1","yuri:yuriDefend","yuri:yuriDefend","yuri:Oolong+1","yuri:yuriStab+1","yuri:Spin","yuri:TPose","yuri:ThrowingKnives","yuri:yuriQuickStrike","yuri:WickedSlash","yuri:BookPurple+1","yuri:ThrowBook","yuri:TPose","yuri:TPose","yuri:ArmBrace","yuri:GreenTea","yuri:DragonForm+1","yuri:GlitchedStrike+1","yuri:ThrowBook","infinitespire:SevenWalls","yuri:DisableStrike+1","yuri:GreenTea+1","yuri:SturdyUniform+1","yuri:yuriHeavyStrike+1","yuri:BookBlue+1","yuri:DragonForm+1","yuri:BookRed+1","yuri:Stare","yuri:yuriQuickStrike+1","infinitespire:Fortify","yuri:GrowingInsanity+1","Delirium","yuri:UntestedCode","Swift Strike+1","Pot Of Greed","Pot Of Greed","Pot Of Greed","Pot Of Greed","yuri:AdaptiveAI+1","yuri:MPose","yuri:BlackTea"],"relics":["yuri:yuriKnife","Girya","Black Star","SsserpentHead","Akabeko","Frozen Egg 2","Juzu Bracelet","Bronze Scales","yuri:GlassOfWater","Cursed Key","Black Star","Bottled Lightning","War Paint","Molten Egg 2","Question Card","Bottled Flame","hexamod:BolsterEngine","sneckomod:BlankCard","sneckomod:SneckoTalon","Strange Spoon","Potion Belt","PureWhite:ReiMu","yuri:PortableGlitches","Grinning Jar","Pet Ghost"],"acts_visited":["Exordium","TheCity","TheBeyond"],"potions_floor_usage":[16,16,33,41,46,50,50],"damage_taken":[{"damage":12.0,"enemies":"Small Slimes","floor":1.0,"turns":3.0},{"damage":2.0,"enemies":"Cultist","floor":2.0,"turns":3.0},{"damage":0.0,"enemies":"2 Louse","floor":4.0,"turns":2.0},{"damage":11.0,"enemies":"Exordium Thugs","floor":5.0,"turns":5.0},{"damage":32,"enemies":"Gremlin Nob","floor":6,"turns":4},{"damage":4,"enemies":"3 Sentries","floor":13,"turns":2},{"damage":0,"enemies":"Looter","floor":14,"turns":1},{"damage":22,"enemies":"Hexaghost","floor":16,"turns":11},{"damage":2,"enemies":"Chosen","floor":18,"turns":4},{"damage":0,"enemies":"3 Byrds","floor":19,"turns":3},{"damage":4,"enemies":"Replay:Snechameleon","floor":23,"turns":5},{"damage":19,"enemies":"Centurion and Healer","floor":28,"turns":5},{"damage":18,"enemies":"Sentry and Sphere","floor":29,"turns":3},{"damage":16,"enemies":"Nightmare","floor":30,"turns":8},{"damage":2,"enemies":"3 Cultists","floor":31,"turns":5},{"damage":53,"enemies":"Automaton","floor":33,"turns":10},{"damage":14,"enemies":"3 Shapes","floor":35,"turns":3},{"damage":0,"enemies":"Orb Walker","floor":38,"turns":3},{"damage":3,"enemies":"3 Darklings","floor":39,"turns":3},{"damage":65,"enemies":"Nightmare","floor":41,"turns":8},{"damage":0,"enemies":"Jaw Worm Horde","floor":44,"turns":3},{"damage":16,"enemies":"Reptomancer","floor":46,"turns":7},{"damage":0,"enemies":"Sphere and 2 Shapes","floor":47,"turns":3},{"damage":15,"enemies":"Spire Growth","floor":48,"turns":3},{"damage":29,"enemies":"Replay:Hell Engine","floor":50,"turns":10},{"damage":80,"enemies":"bossMod:newAwakened","floor":51,"turns":10}],"seed_played":"6118656748606509204","potions_obtained":[{"floor":1.0,"key":"sneckomod:MuddlingPotion"},{"floor":4.0,"key":"Dexterity Potion"},{"floor":13,"key":"ColorlessPotion"},{"floor":18,"key":"SteroidPotion"},{"floor":28,"key":"SmokeBomb"},{"floor":33,"key":"AttackPotion"},{"floor":44,"key":"MagicPotion:ReiMu"},{"floor":47,"key":"Ancient Potion"},{"floor":48,"key":"SkillPotion"}],"is_trial":true,"path_per_floor":["M","M","?","M","M","E","R","$","T","R","$","?","E","M","R","B",null,"M","M","AVR","?","?","E","?","R","T","R","M","M","NM","M","R","B",null,"M","?","AVR","M","M","?","NM","R","T","M","?","E","M","M","R","B","B"],"character_chosen":"YURI","items_purchased":["yuri:BookPurple+1","yuri:ThrowBook","yuri:TPose","yuri:TPose"],"campfire_rested":2,"item_purchase_floors":[8,8,8,11],"current_hp_per_floor":[60,62,62,66,59,31,53,53,53,53,53,53,53,53,53,41,67,71,75,75,75,75,71,71,71,71,71,58,50,50,58,58,24,62,61,61,61,63,60,60,27,49,49,68,68,62,75,60,60,48,0,0],"gold":825,"neow_bonus":"","is_daily":false,"chose_seed":false,"campfire_upgraded":3,"win_rate":0.0,"timestamp":1608481576,"path_taken":["M","M","?","M","M","E","R","?","T","R","$","?","E","M","R","BOSS","M","M","AVR","?","?","E","?","R","T","R","M","M","NM","M","R","BOSS","M","?","AVR","M","M","?","NM","R","T","M","?","E","M","M","R","BOSS","BOSS"],"items_purchased_type":["Card","Card","Card","Card"],"build_version":"2020-12-13","purchased_purges":0,"victory":false,"max_hp_per_floor":[75,75,75,75,75,75,75,75,75,75,75,75,75,75,75,75,75,75,75,75,75,75,75,75,75,75,75,75,75,75,75,75,75,75,75,75,75,75,75,75,75,75,75,75,75,75,75,75,75,75,75,75],"relic_stats":{"SsserpentHead":400,"Strange Spoon":[23],"counters":[26,127],"Bronze Scales":[389],"Black Star":10,"Juzu Bracelet":2,"War Paint":["yuri:yuriDefend","yuri:yuriDefend"],"Cursed Key":2,"Question Card":21,"obtain_stats":[{"Potion Belt":41,"Girya":0,"sneckomod:BlankCard":30,"yuri:yuriKnife":0,"Juzu Bracelet":9,"Frozen Egg 2":6,"War Paint":22,"Cursed Key":17,"Question Card":23,"sneckomod:SneckoTalon":34,"Akabeko":6,"Pet Ghost":46,"SsserpentHead":3,"Strange Spoon":37,"Bottled Flame":26,"PureWhite:ReiMu":41,"Bronze Scales":13,"yuri:GlassOfWater":13,"Molten Egg 2":23,"Black Star":0,"Bottled Lightning":20,"hexamod:BolsterEngine":30,"yuri:PortableGlitches":43,"Grinning Jar":46},{"Potion Belt":20,"Girya":0,"sneckomod:BlankCard":14,"yuri:yuriKnife":0,"Juzu Bracelet":5,"Frozen Egg 2":5,"War Paint":10,"Cursed Key":8,"Question Card":11,"sneckomod:SneckoTalon":16,"Akabeko":5,"Pet Ghost":22,"SsserpentHead":2,"Strange Spoon":17,"Bottled Flame":11,"PureWhite:ReiMu":20,"Bronze Scales":6,"yuri:GlassOfWater":6,"Molten Egg 2":11,"Black Star":0,"Bottled Lightning":10,"hexamod:BolsterEngine":14,"yuri:PortableGlitches":20,"Grinning Jar":22},{"Potion Belt":91,"Girya":0,"sneckomod:BlankCard":59,"yuri:yuriKnife":0,"Juzu Bracelet":17,"Frozen Egg 2":17,"War Paint":38,"Cursed Key":31,"Question Card":43,"sneckomod:SneckoTalon":74,"Akabeko":17,"Pet Ghost":101,"SsserpentHead":6,"Strange Spoon":77,"Bottled Flame":43,"PureWhite:ReiMu":91,"Bronze Scales":19,"yuri:GlassOfWater":19,"Molten Egg 2":43,"Black Star":0,"Bottled Lightning":38,"hexamod:BolsterEngine":59,"yuri:PortableGlitches":91,"Grinning Jar":101}]},"card_choices":[{"not_picked":["yuri:CorruptHitbox","yuri:ReloadGame"],"picked":"yuri:Spin","floor":1.0},{"not_picked":["yuri:RepairCode","yuri:WickedSlash"],"picked":"yuri:TPose","floor":2.0},{"not_picked":["yuri:RecklessStrike","yuri:HoldBack"],"picked":"yuri:ThrowingKnives","floor":4.0},{"not_picked":["yuri:Skip","yuri:InduceGlitch"],"picked":"yuri:yuriQuickStrike","floor":5.0},{"not_picked":["yuri:RecklessStrike","yuri:Skip"],"picked":"yuri:WickedSlash","floor":6},{"not_picked":["yuri:MultiDip","yuri:ThrowingKnives"],"picked":"yuri:ArmBrace","floor":13},{"not_picked":["yuri:DeepBreathing","yuri:Stalk"],"picked":"yuri:GreenTea","floor":14},{"not_picked":["yuri:ExploitStrike","yuri:GlitchRemove+1"],"picked":"yuri:DragonForm+1","floor":16},{"not_picked":["yuri:BookPurple+1","yuri:GreenTea"],"picked":"yuri:GlitchedStrike","floor":18},{"not_picked":["yuri:ReloadGame","yuri:TPose"],"picked":"yuri:ThrowBook","floor":19},{"not_picked":["yuri:WickedSlash+1","yuri:DejaVu"],"picked":"yuri:DisableStrike+1","floor":23},{"not_picked":["yuri:HeavierStrike+1","yuri:CorruptHitbox","yuri:GlitchedStrike+1"],"picked":"yuri:GreenTea+1","floor":28},{"not_picked":["yuri:ArmBrace","yuri:StealPen+1","yuri:WickedSlash+1"],"picked":"yuri:SturdyUniform+1","floor":29},{"not_picked":["yuri:ThornRemove","yuri:UntestedCode","yuri:Spin+1"],"picked":"yuri:yuriHeavyStrike+1","floor":30},{"not_picked":["yuri:StealPen+1","yuri:RecklessStrike+1","yuri:ReactiveMadness"],"picked":"yuri:BookBlue+1","floor":31},{"not_picked":["yuri:MirrorInsanity","yuri:GlitchRemove+1","yuri:Virus"],"picked":"yuri:DragonForm+1","floor":33},{"not_picked":["yuri:TPose+1","yuri:ThrowingKnives+1","yuri:HeavierStrike+1"],"picked":"yuri:BookRed+1","floor":35},{"not_picked":["yuri:AdaptiveAI+1","yuri:InsanityDefense","yuri:Skip"],"picked":"yuri:Stare","floor":38},{"not_picked":["yuri:ChibiInvasion+1","yuri:AdaptiveAI+1","yuri:GrowingInsanity+1"],"picked":"yuri:yuriQuickStrike+1","floor":39},{"not_picked":["ReplayTheSpireMod:Black Plague","infinitespire:TheBestDefense"],"picked":"infinitespire:Fortify","floor":41},{"not_picked":["yuri:InduceGlitch","yuri:GhostForm+1","yuri:BrokenCode+1"],"picked":"yuri:GrowingInsanity+1","floor":41},{"not_picked":["yuri:ThrowBook+1","yuri:TPose","yuri:DebugCard"],"picked":"yuri:UntestedCode","floor":44},{"not_picked":["Replay:Parry+1","Mind Blast+1","expansioncontent:CaCaw+1"],"picked":"Swift Strike+1","floor":45},{"not_picked":["yuri:ChibiInvasion+1","yuri:yuriHeavyStrike+1","yuri:DeepBreathing"],"picked":"yuri:AdaptiveAI+1","floor":46},{"not_picked":["yuri:HeavierStrike+1","yuri:yuriHeavyStrike+1","yuri:WickedSlash+1"],"picked":"yuri:MPose","floor":47},{"not_picked":["yuri:MPose","yuri:Stare","yuri:DebugCard"],"picked":"yuri:BlackTea","floor":48}],"player_experience":51979,"relics_obtained":[{"floor":6,"key":"Akabeko"},{"floor":6,"key":"Frozen Egg 2"},{"floor":9,"key":"Juzu Bracelet"},{"floor":13,"key":"Bronze Scales"},{"floor":13,"key":"yuri:GlassOfWater"},{"floor":23,"key":"Molten Egg 2"},{"floor":23,"key":"Question Card"},{"floor":26,"key":"Bottled Flame"},{"floor":30,"key":"hexamod:BolsterEngine"},{"floor":30,"key":"sneckomod:BlankCard"},{"floor":41,"key":"Potion Belt"},{"floor":41,"key":"PureWhite:ReiMu"},{"floor":43,"key":"yuri:PortableGlitches"},{"floor":46,"key":"Grinning Jar"},{"floor":46,"key":"Pet Ghost"}],"event_choices":[{"damage_healed":0.0,"max_hp_gain":0.0,"max_hp_loss":0.0,"gold_gain":0.0,"event_name":"FaceTrader","player_choice":"Trade","floor":3.0,"gold_loss":0.0,"damage_taken":0.0,"relics_obtained":["SsserpentHead"]},{"damage_healed":0,"gold_gain":0,"player_choice":"Obtained Relic","damage_taken":0,"relics_obtained":["War Paint"],"max_hp_gain":0,"max_hp_loss":0,"event_name":"Addict","floor":22,"gold_loss":85},{"damage_healed":0,"gold_gain":50,"player_choice":"Pray","damage_taken":0,"max_hp_gain":0,"max_hp_loss":0,"event_name":"Golden Shrine","floor":24,"gold_loss":0},{"damage_healed":0,"gold_gain":0,"player_choice":"Ignored","damage_taken":0,"max_hp_gain":0,"max_hp_loss":0,"event_name":"Tomb of Lord Red Mask","floor":36,"gold_loss":0},{"cards_removed":["Spreading Infection"],"damage_healed":0,"gold_gain":0,"player_choice":"Purged","damage_taken":0,"max_hp_gain":0,"max_hp_loss":0,"event_name":"Purifier","floor":40,"gold_loss":0},{"damage_healed":0,"gold_gain":0,"player_choice":"Memory 1","damage_taken":0,"max_hp_gain":0,"max_hp_loss":0,"event_name":"SensoryStone","floor":45,"gold_loss":0}],"is_beta":false,"boss_relics":[{"not_picked":["Replay:Ancient Bell","Hololive_ChaosS"],"picked":"Cursed Key"},{"not_picked":["Replay:Wanted Poster","Snecko Eye"],"picked":"sneckomod:SneckoTalon"}],"items_purged_floors":[],"is_endless":false,"potions_floor_spawned":[1,4,13,18,28,33,39,44,47,48],"killed_by":"bossMod:newAwakened","ascension_level":20}}