{"host":"hfxp6ue4pvwo3fit","time":1608504597,"event":{"mods":["AchievementEnabler","BaseMod","Colored Map","Colored Powertips","Highlight Path","Minty Spire (QoL Compilation)","StSLib","SuperFastMode"],"gold_per_floor":[115,95,115,133,145,176,176,194,194,224,239,239,315,341,341,413,413,427,439,354,374,374,374,405,295,320,338,356,356,228,238,238,315,315,334,349,137,137,151,151,151,26,26,52,52,52,72,83,83,83],"floor_reached":51,"playtime":2385,"items_purged":["Decay","Strike_B","Strike_B"],"score":1288,"play_id":"b5c2460f-b163-4760-aa5d-3dd957537587","local_time":"20201220164957","is_ascension_mode":true,"campfire_choices":[{"data":"Sunder","floor":7,"key":"SMITH"},{"floor":12,"key":"REST"},{"data":"Doom and Gloom","floor":15,"key":"SMITH"},{"data":"Glacier","floor":23,"key":"SMITH"},{"data":"Ghostly","floor":32,"key":"SMITH"},{"data":"Meteor Strike","floor":40,"key":"SMITH"},{"data":"Ghostly","floor":45,"key":"SMITH"},{"data":"Reinforced Body","floor":49,"key":"SMITH"}],"circlet_count":0,"master_deck":["AscendersBane","Strike_B","Strike_B","Defend_B+1","Defend_B+1","Defend_B","Defend_B+1","Zap","Dualcast","Sunder+1","Doom and Gloom+1","Compile Driver","Self Repair","Ball Lightning","Sweeping Beam","Cold Snap","Machine Learning","Creative AI","Leap+1","Glacier+1","Shame","Double Energy","Ghostly+1","Ghostly","Ghostly+1","Recycle","Meteor Strike+1","Parasite","Reinforced Body+1"],"relics":["Cursed Key","Happy Flower","Singing Bowl","Meat on the Bone","Blue Candle","Sundial","Snecko Eye","Pantograph","MutagenicStrength","War Paint","Regal Pillow","Coffee Dripper","Emotion Chip"],"acts_visited":["Exordium","TheCity","TheBeyond"],"potions_floor_usage":[6,16,16,33,33,37,50],"damage_taken":[{"damage":7,"enemies":"Small Slimes","floor":1,"turns":5},{"damage":1,"enemies":"Cultist","floor":3,"turns":4},{"damage":0,"enemies":"2 Louse","floor":4,"turns":2},{"damage":9,"enemies":"Red Slaver","floor":5,"turns":3},{"damage":25,"enemies":"Lagavulin","floor":6,"turns":6},{"damage":15,"enemies":"Large Slime","floor":8,"turns":4},{"damage":15,"enemies":"Gremlin Nob","floor":10,"turns":3},{"damage":4,"enemies":"2 Fungi Beasts","floor":11,"turns":2},{"damage":18,"enemies":"3 Sentries","floor":14,"turns":3},{"damage":10,"enemies":"Slime Boss","floor":16,"turns":6},{"damage":8,"enemies":"Spheric Guardian","floor":18,"turns":3},{"damage":32,"enemies":"Shell Parasite","floor":19,"turns":4},{"damage":22,"enemies":"Snecko","floor":21,"turns":4},{"damage":30,"enemies":"Slavers","floor":24,"turns":4},{"damage":23,"enemies":"Snake Plant","floor":27,"turns":4},{"damage":7,"enemies":"Sentry and Sphere","floor":28,"turns":6},{"damage":3,"enemies":"Centurion and Healer","floor":31,"turns":7},{"damage":14,"enemies":"Collector","floor":33,"turns":11},{"damage":1,"enemies":"3 Shapes","floor":35,"turns":6},{"damage":9,"enemies":"Orb Walker","floor":36,"turns":3},{"damage":1,"enemies":"Jaw Worm Horde","floor":39,"turns":4},{"damage":21,"enemies":"Giant Head","floor":44,"turns":9},{"damage":1,"enemies":"Writhing Mass","floor":47,"turns":8},{"damage":28,"enemies":"3 Darklings","floor":48,"turns":6},{"damage":29,"enemies":"Donu and Deca","floor":50,"turns":10}],"seed_played":"-8153644004349135238","potions_obtained":[{"floor":1,"key":"Strength Potion"},{"floor":2,"key":"DuplicationPotion"},{"floor":10,"key":"Strength Potion"},{"floor":24,"key":"Weak Potion"},{"floor":28,"key":"Strength Potion"},{"floor":36,"key":"SpeedPotion"},{"floor":47,"key":"PotionOfCapacity"}],"is_trial":false,"path_per_floor":["M","?","M","M","M","E","R","M","T","E","M","R","T","E","R","B",null,"M","M","?","M","?","R","E","?","T","M","M","?","$","M","R","B",null,"M","M","$","?","M","R","?","$","T","E","R","$","M","M","R","B",null],"character_chosen":"DEFECT","items_purchased":["FocusPotion","Fruit Juice"],"campfire_rested":1,"item_purchase_floors":[30,37],"current_hp_per_floor":[57,57,56,56,47,29,29,21,21,13,30,51,51,52,52,42,65,59,46,46,36,36,36,27,27,27,25,37,37,37,39,39,34,39,43,41,46,46,50,50,47,47,47,35,35,35,43,34,34,41],"gold":83,"neow_bonus":"BOSS_RELIC","is_daily":false,"chose_seed":false,"campfire_upgraded":7,"win_rate":0.0,"timestamp":1608504597,"path_taken":["M","?","M","M","?","E","R","M","T","E","M","R","?","E","R","BOSS","M","M","?","M","?","R","E","?","T","?","M","?","$","M","R","BOSS","M","M","$","?","M","R","?","$","T","E","R","?","M","?","R","BOSS"],"items_purchased_type":["Potion","Potion"],"build_version":"2020-12-13","purchased_purges":3,"victory":true,"max_hp_per_floor":[71,71,71,71,71,71,71,71,71,71,73,73,73,73,73,73,73,75,75,75,75,75,75,77,77,77,79,79,39,39,39,39,41,41,43,43,48,48,50,50,47,47,47,49,49,49,51,51,51,51],"card_choices":[{"not_picked":["Hello World","Conserve Battery"],"picked":"Sunder","floor":1},{"not_picked":["Streamline","Beam Cell"],"picked":"Doom and Gloom","floor":3},{"not_picked":["Scrape","Gash"],"picked":"Compile Driver","floor":4},{"not_picked":["Skim","Turbo"],"picked":"Self Repair","floor":5},{"not_picked":["Storm","Skim"],"picked":"Ball Lightning","floor":6},{"not_picked":["Gash","Blizzard"],"picked":"Sweeping Beam","floor":8},{"not_picked":["Blizzard","BootSequence"],"picked":"Cold Snap","floor":10},{"not_picked":["Compile Driver","Streamline","Sweeping Beam"],"picked":"Singing Bowl","floor":11},{"not_picked":["Leap","Darkness"],"picked":"Machine Learning","floor":14},{"not_picked":["Buffer","Core Surge"],"picked":"Creative AI","floor":16},{"not_picked":["Compile Driver","Gash","Ball Lightning"],"picked":"Singing Bowl","floor":18},{"not_picked":["Conserve Battery","Tempest"],"picked":"Leap+1","floor":19},{"not_picked":["Fusion","Rebound"],"picked":"Glacier","floor":21},{"not_picked":["Cold Snap","Compile Driver","Stack"],"picked":"Singing Bowl","floor":24},{"not_picked":["Rip and Tear","Cold Snap","Amplify"],"picked":"Singing Bowl","floor":27},{"not_picked":["Chill","Skim"],"picked":"Double Energy","floor":28},{"not_picked":["Stack","Beam Cell"],"picked":"Recycle","floor":31},{"not_picked":["Amplify","Machine Learning","Multi-Cast"],"picked":"Singing Bowl","floor":33},{"not_picked":["Redo","Conserve Battery+1","Skim"],"picked":"Singing Bowl","floor":35},{"not_picked":["Leap","Scrape"],"picked":"Meteor Strike","floor":36},{"not_picked":["Redo+1","Steam","Rebound"],"picked":"Singing Bowl","floor":39},{"not_picked":["Go for the Eyes","Turbo","Sweeping Beam"],"picked":"Singing Bowl","floor":44},{"not_picked":["Rip and Tear+1","Streamline","Sweeping Beam"],"picked":"Singing Bowl","floor":47},{"not_picked":["Chill","Cold Snap"],"picked":"Reinforced Body","floor":48}],"player_experience":400124,"relics_obtained":[{"floor":6,"key":"Happy Flower"},{"floor":9,"key":"Singing Bowl"},{"floor":10,"key":"Meat on the Bone"},{"floor":13,"key":"Blue Candle"},{"floor":14,"key":"Sundial"},{"floor":24,"key":"War Paint"},{"floor":26,"key":"Regal Pillow"},{"floor":44,"key":"Emotion Chip"}],"event_choices":[{"damage_healed":0,"gold_gain":0,"player_choice":"Bought 1 Potion","damage_taken":0,"max_hp_gain":0,"max_hp_loss":0,"event_name":"The Woman in Blue","floor":2,"gold_loss":0},{"damage_healed":0,"gold_gain":0,"player_choice":"Obtained Relic","damage_taken":0,"relics_obtained":["Pantograph"],"max_hp_gain":0,"max_hp_loss":0,"event_name":"Addict","floor":20,"gold_loss":85},{"damage_healed":0,"gold_gain":0,"player_choice":"Inject Mutagens","damage_taken":0,"relics_obtained":["MutagenicStrength"],"max_hp_gain":0,"max_hp_loss":0,"event_name":"Drug Dealer","floor":22,"gold_loss":0},{"cards_removed":["Normality"],"damage_healed":0,"gold_gain":0,"player_choice":"Upgrade and Remove","damage_taken":0,"max_hp_gain":0,"max_hp_loss":0,"event_name":"Designer","floor":25,"gold_loss":110,"cards_upgraded":["Defend_B"]},{"damage_healed":0,"gold_gain":0,"player_choice":"Became a Ghost","damage_taken":0,"max_hp_gain":0,"max_hp_loss":40,"event_name":"Ghosts","floor":29,"gold_loss":0,"cards_obtained":["Ghostly","Ghostly","Ghostly"]},{"damage_healed":0,"gold_gain":0,"player_choice":"Ignored","damage_taken":0,"max_hp_gain":0,"max_hp_loss":0,"event_name":"Mysterious Sphere","floor":38,"gold_loss":0},{"damage_healed":0,"gold_gain":0,"player_choice":"Max HP","damage_taken":0,"max_hp_gain":0,"max_hp_loss":3,"event_name":"Winding Halls","floor":41,"gold_loss":0}],"is_beta":false,"boss_relics":[{"not_picked":["Runic Pyramid","Runic Dome"],"picked":"Snecko Eye"},{"not_picked":["Velvet Choker","Philosopher\u0027s Stone"],"picked":"Coffee Dripper"}],"items_purged_floors":[30,37,42],"is_endless":false,"potions_floor_spawned":[1,4,5,10,24,28,36,47],"ascension_level":17}}