{"host":"pl1fbpkom0aq337f","time":1608468538,"event":{"mods":["AchievementEnabler","BaseMod","Colored Map","Marisa????????","Minty Spire (QoL Compilation)"],"gold_per_floor":[367,382,205,216,236,249,68,80,80,80,99,133,152,165,177,177,268,268,285,285,299,325,353,353,386,386,436,462,504,504,504],"floor_reached":30,"playtime":1399,"items_purged":["Decay","Strike_MRS"],"score":468,"play_id":"f5dd5c4c-a121-4bb8-9d44-29191baa07bb","local_time":"20201220134858","is_ascension_mode":true,"campfire_choices":[{"data":"OortCloud","floor":16,"key":"SMITH"},{"floor":24,"key":"REST"},{"data":"MillisecondPulsars","floor":26,"key":"SMITH"}],"circlet_count":0,"master_deck":["AscendersBane","Strike_MRS","Strike_MRS","Strike_MRS","Defend_MRS","Defend_MRS","Defend_MRS","Defend_MRS","MasterSpark","UpSweep","NonDirectionalLaser","FairyDestructionRay","Discovery","DeepEcoloBomb","AsteroidBelt","PropBag","OortCloud+1","ShootingEcho","OpenUniverse","WitchOfGreed","GrandCross","MillisecondPulsars+1","GalacticHalo","ChargeUpSpray"],"relics":["MiniHakkero","Thread and Needle","Tiny Chest","MealTicket","SlaversCollar","Vajra","Calipers","Letter Opener"],"acts_visited":["Exordium","TheCity"],"potions_floor_usage":[14,14,21,25],"damage_taken":[{"damage":3.0,"enemies":"Small Slimes","floor":1.0,"turns":4.0},{"damage":11.0,"enemies":"Jaw Worm","floor":2.0,"turns":3.0},{"damage":6.0,"enemies":"Cultist","floor":4.0,"turns":4.0},{"damage":0.0,"enemies":"Gremlin Gang","floor":5.0,"turns":3.0},{"damage":0.0,"enemies":"2 Fungi Beasts","floor":6.0,"turns":3.0},{"damage":0.0,"enemies":"Large Slime","floor":8.0,"turns":4.0},{"damage":8.0,"enemies":"Red Slaver","floor":11.0,"turns":6.0},{"damage":8.0,"enemies":"Lagavulin","floor":12.0,"turns":7.0},{"damage":0.0,"enemies":"Blue Slaver","floor":13.0,"turns":4.0},{"damage":7,"enemies":"Gremlin Gang","floor":14,"turns":4},{"damage":0,"enemies":"3 Louse","floor":15,"turns":1},{"damage":24,"enemies":"Hexaghost","floor":17,"turns":10},{"damage":0,"enemies":"Spheric Guardian","floor":19,"turns":3},{"damage":15,"enemies":"3 Byrds","floor":21,"turns":6},{"damage":21,"enemies":"Shelled Parasite and Fungi","floor":22,"turns":7},{"damage":12,"enemies":"Chosen and Byrds","floor":23,"turns":7},{"damage":7,"enemies":"Sentry and Sphere","floor":25,"turns":7},{"damage":23,"enemies":"Slavers","floor":29,"turns":6},{"damage":15,"enemies":"Snake Plant","floor":30,"turns":1}],"seed_played":"6570288780366944559","potions_obtained":[{"floor":4.0,"key":"GamblersBrew"},{"floor":5.0,"key":"Strength Potion"},{"floor":11.0,"key":"EssenceOfSteel"},{"floor":17,"key":"SteroidPotion"},{"floor":22,"key":"SpeedPotion"},{"floor":23,"key":"BottledSpark"},{"floor":25,"key":"Ancient Potion"}],"is_trial":false,"path_per_floor":["M","M","$","M","M","M","$","M","T","T","M","E","M","M","M","R","B",null,"M","?","M","M","M","R","M","R","?","T","E","M"],"character_chosen":"MARISA","items_purchased":["Discovery","OortCloud"],"campfire_rested":1,"item_purchase_floors":[3,7],"current_hp_per_floor":[60,49,49,43,43,43,43,43,43,43,47,39,39,32,32,32,8,55,55,55,40,19,19,40,33,33,33,33,10,0,0],"gold":504,"neow_bonus":"TWO_FIFTY_GOLD","is_daily":false,"chose_seed":false,"campfire_upgraded":2,"win_rate":0.0,"timestamp":1608468538,"path_taken":["M","M","$","M","M","M","$","M","T","T","M","E","M","M","M","R","BOSS","M","?","M","M","M","R","M","R","?","T","E","?"],"items_purchased_type":["Card","Card"],"build_version":"2020-12-13","purchased_purges":2,"victory":false,"max_hp_per_floor":[70,70,70,70,70,70,70,70,70,70,70,70,70,70,70,70,70,70,70,70,70,70,70,70,70,70,70,70,70,70,70],"card_choices":[{"not_picked":["BlazeAway","MagicChant"],"picked":"NonDirectionalLaser","floor":1.0},{"not_picked":["MysteriousBeam","6A"],"picked":"FairyDestructionRay","floor":2.0},{"not_picked":["GrandCross","GasGiant"],"picked":"DeepEcoloBomb","floor":4.0},{"not_picked":["RefractionSpark","DC"],"picked":"AsteroidBelt","floor":5.0},{"not_picked":["GravityBeat","SporeBomb"],"picked":"PropBag","floor":6.0},{"not_picked":["ManaConvection","ChargingUp","DoubleSpark"],"picked":"SKIP","floor":8.0},{"not_picked":["ManaConvection","ChargingUp","DoubleSpark"],"picked":"SKIP","floor":8.0},{"not_picked":["UnstableBomb","EscapeVelocity"],"picked":"ShootingEcho","floor":11.0},{"not_picked":["ShootingEcho","GalacticHalo"],"picked":"OpenUniverse","floor":12.0},{"not_picked":["StarBarrage","NonDirectionalLaser"],"picked":"WitchOfGreed","floor":13.0},{"not_picked":["DoubleSpark","NonDirectionalLaser"],"picked":"GrandCross","floor":14},{"not_picked":["DoubleSpark","AbsoluteMagnitude","UnstableBomb"],"picked":"SKIP","floor":15},{"not_picked":["EscapeVelocity","MaximisePower"],"picked":"MillisecondPulsars","floor":17},{"not_picked":["6A+1","StarBarrage+1","OpenUniverse"],"picked":"SKIP","floor":19},{"not_picked":["NonDirectionalLaser","GravityBeat+1","PropBag"],"picked":"SKIP","floor":21},{"not_picked":["MilkyWay","Singularity","DoubleSpark"],"picked":"SKIP","floor":22},{"not_picked":["WitchLeyline+1","UnstableBomb","IllusionStar"],"picked":"SKIP","floor":23},{"not_picked":["LuminesStrike","GravityBeat"],"picked":"GalacticHalo","floor":25},{"not_picked":["DC","GasGiant"],"picked":"ChargeUpSpray","floor":29}],"player_experience":485198,"relics_obtained":[{"floor":9.0,"key":"Thread and Needle"},{"floor":10.0,"key":"Tiny Chest"},{"floor":12.0,"key":"MealTicket"},{"floor":28,"key":"Vajra"},{"floor":29,"key":"Calipers"}],"event_choices":[{"damage_healed":0,"gold_gain":0,"player_choice":"Ignored","damage_taken":0,"max_hp_gain":0,"max_hp_loss":0,"event_name":"Beggar","floor":20,"gold_loss":0},{"damage_healed":0,"gold_gain":100,"player_choice":"Bet on Murderer","damage_taken":0,"max_hp_gain":0,"max_hp_loss":0,"event_name":"The Joust","floor":27,"gold_loss":50}],"is_beta":false,"boss_relics":[{"not_picked":["Velvet Choker","Sozu"],"picked":"SlaversCollar"}],"items_purged_floors":[3,7],"is_endless":false,"potions_floor_spawned":[4,5,8,11,13,23],"killed_by":"Snake Plant","ascension_level":16}}