{"host":"f7mgfv1rcbv6ir5v","time":1608507256,"event":{"mods":["BaseMod","Bestiary","Colored Map","Colored Powertips","Highlight Path","Minty Spire (QoL Compilation)","Relic Stats","StSLib"],"gold_per_floor":[116,127,202,202,15,49,49,79,79,79,102,102,116,151,151,260,260,279,300,319,344,48,91,91,123,123,123,123,140,140,166,166,275,275,297,324,336,353,371,398,410,422,502,557,569,601,613,644,656,668,680,692,35,75,75],"floor_reached":56,"playtime":7906,"items_purged":["Strike_R","Strike_R"],"score":1612,"play_id":"9d47ac81-4dc5-4de2-8b71-54bf2d10c689","local_time":"20201220153416","is_ascension_mode":true,"campfire_choices":[{"data":"Searing Blow","floor":7,"key":"SMITH"},{"data":"Apotheosis","floor":10,"key":"SMITH"},{"data":"Searing Blow+1","floor":12,"key":"SMITH"},{"data":"Searing Blow+2","floor":15,"key":"SMITH"},{"data":"Corruption","floor":24,"key":"SMITH"},{"data":"Metallicize","floor":27,"key":"SMITH"},{"data":"Searing Blow+3","floor":30,"key":"SMITH"},{"data":"Searing Blow+4","floor":32,"key":"SMITH"},{"data":"Searing Blow+5","floor":42,"key":"SMITH"},{"data":"Battle Trance","floor":45,"key":"SMITH"},{"data":"Searing Blow+6","floor":47,"key":"SMITH"},{"floor":49,"key":"RECALL"},{"data":"Shockwave","floor":52,"key":"SMITH"}],"circlet_count":0,"master_deck":["Strike_R","Strike_R","Defend_R","Defend_R","Defend_R","Defend_R","Bash","Double Tap","Seeing Red","Searing Blow+7","Apotheosis+1","Sentinel","Whirlwind","Shockwave+1","Corruption+1","Headbutt","Feed","Metallicize+1","Impervious","Pommel Strike+1","Immolate","Flame Barrier","Ghostly Armor+1","Secret Weapon","Secret Weapon","Battle Trance+1","Searing Blow+7","Barricade","Inflame+1"],"relics":["Burning Blood","Pantograph","White Beast Statue","CeramicFish","The Courier","Runic Pyramid","Red Mask","Toy Ornithopter","Orichalcum","Regal Pillow","Bronze Scales","Coffee Dripper","MawBank","Bottled Flame","DollysMirror","Oddly Smooth Stone","CaptainsWheel","Bottled Tornado"],"acts_visited":["Exordium","TheCity","TheBeyond","TheEnding"],"potions_floor_usage":[6,14,16,18,20,21,23,25,25,33,33,40,46,48,50,55,55,55],"damage_taken":[{"damage":13,"enemies":"Jaw Worm","floor":1,"turns":5},{"damage":14,"enemies":"2 Louse","floor":2,"turns":3},{"damage":10,"enemies":"Gremlin Nob","floor":6,"turns":3},{"damage":16,"enemies":"Lagavulin","floor":8,"turns":7},{"damage":2,"enemies":"Small Slimes","floor":11,"turns":4},{"damage":8,"enemies":"Blue Slaver","floor":13,"turns":2},{"damage":11,"enemies":"3 Sentries","floor":14,"turns":7},{"damage":18,"enemies":"Hexaghost","floor":16,"turns":7},{"damage":16,"enemies":"2 Thieves","floor":18,"turns":3},{"damage":10,"enemies":"Shell Parasite","floor":19,"turns":4},{"damage":20,"enemies":"Snake Plant","floor":20,"turns":3},{"damage":36,"enemies":"Masked Bandits","floor":21,"turns":4},{"damage":13,"enemies":"Gremlin Leader","floor":23,"turns":3},{"damage":11,"enemies":"Book of Stabbing","floor":25,"turns":4},{"damage":10,"enemies":"Centurion and Healer","floor":29,"turns":5},{"damage":17,"enemies":"Sentry and Sphere","floor":31,"turns":4},{"damage":17,"enemies":"Collector","floor":33,"turns":4},{"damage":0,"enemies":"3 Darklings","floor":35,"turns":4},{"damage":6,"enemies":"Orb Walker","floor":36,"turns":3},{"damage":5,"enemies":"Spire Growth","floor":37,"turns":4},{"damage":25,"enemies":"Jaw Worm Horde","floor":38,"turns":4},{"damage":5,"enemies":"Giant Head","floor":40,"turns":7},{"damage":20,"enemies":"Reptomancer","floor":44,"turns":6},{"damage":0,"enemies":"Transient","floor":46,"turns":5},{"damage":7,"enemies":"Spire Growth","floor":48,"turns":3},{"damage":33,"enemies":"Time Eater","floor":50,"turns":7},{"damage":0,"enemies":"Shield and Spear","floor":54,"turns":3},{"damage":90,"enemies":"The Heart","floor":55,"turns":7}],"seed_played":"5240033459786965470","potions_obtained":[{"floor":1,"key":"Fire Potion"},{"floor":6,"key":"BlessingOfTheForge"},{"floor":8,"key":"HeartOfIron"},{"floor":11,"key":"Ancient Potion"},{"floor":13,"key":"EssenceOfSteel"},{"floor":14,"key":"Regen Potion"},{"floor":16,"key":"SkillPotion"},{"floor":18,"key":"SpeedPotion"},{"floor":19,"key":"GamblersBrew"},{"floor":20,"key":"DuplicationPotion"},{"floor":21,"key":"Energy Potion"},{"floor":23,"key":"Dexterity Potion"},{"floor":25,"key":"GamblersBrew"},{"floor":29,"key":"Dexterity Potion"},{"floor":31,"key":"LiquidBronze"},{"floor":33,"key":"BloodPotion"},{"floor":35,"key":"CultistPotion"},{"floor":40,"key":"FearPotion"},{"floor":44,"key":"DistilledChaos"},{"floor":46,"key":"Energy Potion"},{"floor":48,"key":"DuplicationPotion"},{"floor":54,"key":"AttackPotion"}],"is_trial":false,"path_per_floor":["M","M","?","?","$","E","R","E","T","R","M","R","M","E","R","B",null,"M","M","M","?","$","E","R","E","T","R","?","M","R","M","R","B",null,"M","M","M","M","?","E","?","R","T","E","R","M","R","M","R","B",null,"R","$","E","B",null],"character_chosen":"IRONCLAD","items_purchased":["Apotheosis","Toy Ornithopter","Feed","Metallicize","DollysMirror","Barricade","Oddly Smooth Stone","CaptainsWheel"],"campfire_rested":0,"item_purchase_floors":[5,22,22,22,53,53,53,53],"current_hp_per_floor":[65,57,46,46,46,42,42,32,32,32,36,36,34,29,29,42,65,64,60,46,16,16,18,18,27,27,27,27,27,27,19,19,47,80,90,94,95,80,70,80,80,80,80,66,66,77,77,85,85,88,105,105,105,111,59],"gold":75,"neow_bonus":"THREE_RARE_CARDS","is_daily":false,"chose_seed":false,"campfire_upgraded":12,"win_rate":0.0,"timestamp":1608507256,"path_taken":["M","M","?","?","?","E","R","E","T","R","M","R","M","E","R","BOSS","M","M","M","?","$","E","R","E","T","R","?","M","R","M","R","BOSS","M","M","M","M","?","E","?","R","T","E","R","?","R","M","R","BOSS","R","$","E","BOSS"],"items_purchased_type":["Card","Relic","Card","Card","Relic","Card","Relic","Relic"],"build_version":"2020-12-13","purchased_purges":2,"victory":true,"max_hp_per_floor":[72,72,72,72,72,72,72,72,72,72,72,72,72,72,72,72,72,72,72,72,72,72,76,76,80,80,80,80,84,84,87,87,91,91,95,99,99,103,103,107,107,107,107,107,107,107,107,111,111,111,111,111,111,111,111],"relic_stats":{"Regal Pillow":0,"counters":[28,125],"Pantograph":75,"CeramicFish":153,"Bronze Scales":[235],"Orichalcum":[132],"MawBank":156,"obtain_stats":[{"Regal Pillow":25,"CeramicFish":9,"Oddly Smooth Stone":53,"The Courier":14,"Orichalcum":23,"Bottled Tornado":54,"MawBank":40,"Burning Blood":0,"White Beast Statue":8,"Bottled Flame":44,"CaptainsWheel":53,"DollysMirror":53,"Pantograph":6,"Bronze Scales":26,"Red Mask":21,"Coffee Dripper":34,"Toy Ornithopter":22,"Runic Pyramid":17},{"Regal Pillow":14,"CeramicFish":4,"Oddly Smooth Stone":26,"The Courier":7,"Orichalcum":13,"Bottled Tornado":27,"MawBank":22,"Burning Blood":0,"White Beast Statue":4,"Bottled Flame":23,"CaptainsWheel":26,"DollysMirror":26,"Pantograph":3,"Bronze Scales":14,"Red Mask":12,"Coffee Dripper":17,"Toy Ornithopter":12,"Runic Pyramid":8},{"Regal Pillow":59,"CeramicFish":18,"Oddly Smooth Stone":115,"The Courier":31,"Orichalcum":55,"Bottled Tornado":118,"MawBank":94,"Burning Blood":0,"White Beast Statue":18,"Bottled Flame":100,"CaptainsWheel":115,"DollysMirror":115,"Pantograph":11,"Bronze Scales":59,"Red Mask":52,"Coffee Dripper":72,"Toy Ornithopter":52,"Runic Pyramid":38}],"Burning Blood":168,"Toy Ornithopter":55},"card_choices":[{"not_picked":["Limit Break","Exhume"],"picked":"Double Tap","floor":0},{"not_picked":["Reckless Charge","Heavy Blade"],"picked":"Seeing Red","floor":1},{"not_picked":["Body Slam","Whirlwind"],"picked":"Searing Blow","floor":2},{"not_picked":["Heavy Blade","Warcry"],"picked":"Sentinel","floor":6},{"not_picked":["Clash","Clothesline","Carnage"],"picked":"SKIP","floor":8},{"not_picked":["Twin Strike","Thunderclap"],"picked":"Whirlwind","floor":11},{"not_picked":["Cleave","Twin Strike","Thunderclap"],"picked":"SKIP","floor":13},{"not_picked":["Barricade","Flex"],"picked":"Shockwave","floor":14},{"not_picked":["Demon Form","Offering"],"picked":"Corruption","floor":16},{"not_picked":["Reckless Charge","Anger","Rage"],"picked":"SKIP","floor":18},{"not_picked":["Armaments","Body Slam+1"],"picked":"Headbutt","floor":19},{"not_picked":["Heavy Blade","Infernal Blade","Pummel"],"picked":"SKIP","floor":20},{"not_picked":["Evolve","Armaments"],"picked":"Impervious","floor":23},{"not_picked":["Clothesline+1","Sword Boomerang","Heavy Blade"],"picked":"SKIP","floor":25},{"not_picked":["Spot Weakness","Cleave","Thunderclap"],"picked":"SKIP","floor":29},{"not_picked":["Sentinel","Heavy Blade"],"picked":"Pommel Strike+1","floor":31},{"not_picked":["Fiend Fire","Reaper"],"picked":"Immolate","floor":33},{"not_picked":["Cleave","Wild Strike"],"picked":"Flame Barrier","floor":35},{"not_picked":["Spot Weakness+1","Clothesline"],"picked":"Ghostly Armor+1","floor":36},{"not_picked":["Disarm","Combust","Havoc"],"picked":"SKIP","floor":37},{"not_picked":["Heavy Blade+1","Shrug It Off","Ghostly Armor+1"],"picked":"SKIP","floor":38},{"not_picked":["Finesse","Enlightenment"],"picked":"Secret Weapon","floor":39},{"not_picked":["Deep Breath","Sadistic Nature"],"picked":"Secret Weapon","floor":39},{"not_picked":["Heavy Blade","Flex","Rampage+1"],"picked":"SKIP","floor":40},{"not_picked":["True Grit+1","Fiend Fire"],"picked":"Battle Trance","floor":44},{"not_picked":["Havoc+1","Warcry","Clothesline"],"picked":"SKIP","floor":46},{"not_picked":["Dropkick+1","Perfected Strike","Reckless Charge"],"picked":"SKIP","floor":48},{"not_picked":["Warcry","Perfected Strike"],"picked":"Inflame+1","floor":54}],"player_experience":355857,"relics_obtained":[{"floor":6,"key":"Pantograph"},{"floor":8,"key":"White Beast Statue"},{"floor":9,"key":"CeramicFish"},{"floor":14,"key":"The Courier"},{"floor":21,"key":"Red Mask"},{"floor":23,"key":"Orichalcum"},{"floor":25,"key":"Regal Pillow"},{"floor":26,"key":"Bronze Scales"},{"floor":40,"key":"MawBank"},{"floor":44,"key":"Bottled Flame"},{"floor":54,"key":"Bottled Tornado"}],"event_choices":[{"damage_healed":0,"gold_gain":75,"player_choice":"Gather Gold","damage_taken":11,"max_hp_gain":0,"max_hp_loss":0,"event_name":"World of Goop","floor":3,"gold_loss":0},{"cards_removed":["Strike_R"],"damage_healed":0,"gold_gain":0,"player_choice":"Forget","damage_taken":0,"max_hp_gain":0,"max_hp_loss":0,"event_name":"Living Wall","floor":4,"gold_loss":0},{"damage_healed":0,"gold_gain":0,"player_choice":"Fought Bandits","damage_taken":0,"max_hp_gain":0,"max_hp_loss":0,"event_name":"Masked Bandits","floor":21,"gold_loss":0},{"damage_healed":0,"gold_gain":0,"player_choice":"Ignored","damage_taken":0,"max_hp_gain":0,"max_hp_loss":0,"event_name":"Vampires","floor":28,"gold_loss":0},{"damage_healed":0,"gold_gain":0,"player_choice":"Memory 3","damage_taken":10,"max_hp_gain":0,"max_hp_loss":0,"event_name":"SensoryStone","floor":39,"gold_loss":0},{"damage_healed":0,"gold_gain":0,"player_choice":"Ignored","damage_taken":0,"max_hp_gain":0,"max_hp_loss":0,"event_name":"SecretPortal","floor":41,"gold_loss":0}],"is_beta":false,"boss_relics":[{"not_picked":["Pandora\u0027s Box","Astrolabe"],"picked":"Runic Pyramid"},{"not_picked":["Cursed Key","Calling Bell"],"picked":"Coffee Dripper"}],"items_purged_floors":[22,53],"is_endless":false,"potions_floor_spawned":[1,6,8,11,13,14,16,18,19,20,21,23,25,29,31,33,35,36,37,38,40,44,46,48,54],"ascension_level":6}}