{"host":"z7h0k8blg7jrnodm","time":1608492007,"event":{"mods":["BaseMod","Challenge The Spire","Colored Map","Colored Powertips","Custom Start","Downfall","Key Reminder","Minty Spire (QoL Compilation)","Quick Restart","Random Character Button","Relic Stats","StSLib","SuperFastMode","Unceasing Turn Reminder"],"gold_per_floor":[113,113,132,207,218,249,249,89,89,89,14,14,30,43,43,117,117,132,132,132,150,71,71,98,98,98,131,143,59,85,0,0,74,74,84,100,0,19,344,378,378,378,425,425,439,439,458,488,488,488,488],"floor_reached":50,"playtime":1403,"items_purged":["Strike_B","Streamline"],"score":1112,"play_id":"4e2f5c87-625e-445a-b30c-769ffd2cf9d8","local_time":"20201220212007","is_ascension_mode":true,"campfire_choices":[{"data":"Barrage","floor":7,"key":"SMITH"},{"data":"Defragment","floor":12,"key":"SMITH"},{"data":"Ball Lightning","floor":15,"key":"SMITH"},{"data":"Electrodynamics","floor":23,"key":"SMITH"},{"floor":25,"key":"REST"},{"floor":32,"key":"REST"},{"floor":41,"key":"REST"},{"floor":46,"key":"REST"},{"floor":49,"key":"RECALL"}],"circlet_count":0,"master_deck":["AscendersBane","Defend_B","Defend_B","Defend_B+1","Defend_B","Zap","Dualcast","Cold Snap","Barrage+1","Ball Lightning+1","Defragment+1","Core Surge","Chill","Electrodynamics+1","Go for the Eyes+1","FTL","Static Discharge","Capacitor","Compile Driver","Leap","Defragment+1","Defragment+1","Seek","Cold Snap","expansioncontent:AwakenDeath+1","Seek"],"relics":["Cracked Core","Mango","Lizard Tail","Peace Pipe","Velvet Choker","Bag of Preparation","StrikeDummy","Turnip","Frozen Egg 2","Cables","SlaversCollar","Old Coin","Centennial Puzzle","InkBottle"],"acts_visited":["Exordium","TheCity","TheBeyond"],"potions_floor_usage":[6,6,16,24,27,30,38,47,48],"damage_taken":[{"damage":2,"enemies":"Jaw Worm","floor":1,"turns":4},{"damage":6,"enemies":"Small Slimes","floor":3,"turns":4},{"damage":0,"enemies":"2 Louse","floor":5,"turns":1},{"damage":12,"enemies":"3 Sentries","floor":6,"turns":5},{"damage":22,"enemies":"Exordium Thugs","floor":13,"turns":5},{"damage":7,"enemies":"Exordium Wildlife","floor":14,"turns":3},{"damage":8,"enemies":"Hexaghost","floor":16,"turns":8},{"damage":4,"enemies":"Chosen","floor":18,"turns":3},{"damage":11,"enemies":"Shell Parasite","floor":21,"turns":5},{"damage":22,"enemies":"Slavers","floor":24,"turns":4},{"damage":19,"enemies":"Gremlin Leader","floor":27,"turns":5},{"damage":2,"enemies":"Shelled Parasite and Fungi","floor":28,"turns":5},{"damage":22,"enemies":"Slavers","floor":30,"turns":3},{"damage":15,"enemies":"Champ","floor":33,"turns":9},{"damage":7,"enemies":"3 Shapes","floor":35,"turns":3},{"damage":9,"enemies":"Orb Walker","floor":36,"turns":3},{"damage":8,"enemies":"3 Darklings","floor":38,"turns":6},{"damage":9,"enemies":"Mind Bloom Boss Battle","floor":39,"turns":5},{"damage":26,"enemies":"Giant Head","floor":40,"turns":7},{"damage":18,"enemies":"4 Shapes","floor":45,"turns":2},{"damage":12,"enemies":"Maw","floor":47,"turns":7},{"damage":8,"enemies":"Nemesis","floor":48,"turns":7},{"damage":50,"enemies":"Donu and Deca","floor":50,"turns":5}],"seed_played":"-8553531995958705318","potions_obtained":[{"floor":5,"key":"EntropicBrew"},{"floor":6,"key":"LiquidBronze"},{"floor":18,"key":"AttackPotion"},{"floor":24,"key":"Block Potion"},{"floor":28,"key":"ColorlessPotion"},{"floor":33,"key":"Fire Potion"},{"floor":39,"key":"BlessingOfTheForge"},{"floor":44,"key":"DuplicationPotion"},{"floor":44,"key":"GamblersBrew"}],"is_trial":false,"path_per_floor":["M","?","M","?","M","E","R","$","T","$","?","R","M","M","R","B",null,"M","?","T","M","$","R","E","R","T","E","M","$","E","$","R","B",null,"M","M","$","M","?","E","R","?","T","?","M","R","M","E","R","B"],"character_chosen":"DEFECT","items_purchased":["Defragment","Capacitor","Defragment+1","Defragment+1"],"campfire_rested":4,"item_purchase_floors":[8,22,29,31],"current_hp_per_floor":[76,53,47,36,36,24,24,24,24,24,24,24,2,39,39,31,66,62,62,62,51,51,51,29,52,52,33,31,31,9,9,32,17,63,56,47,47,39,30,4,27,27,27,27,9,32,20,12,12,0,0],"gold":488,"neow_bonus":"ONE_RARE_RELIC","is_daily":false,"chose_seed":false,"campfire_upgraded":4,"win_rate":0.0,"timestamp":1608492007,"path_taken":["M","?","M","?","M","E","R","$","T","?","?","R","M","M","R","BOSS","M","?","?","M","?","R","E","R","T","E","M","$","E","$","R","BOSS","M","M","$","M","?","E","R","?","T","?","M","R","M","E","R","BOSS"],"items_purchased_type":["Card","Card","Card","Card"],"build_version":"2020-12-13","purchased_purges":2,"victory":false,"max_hp_per_floor":[78,78,78,78,78,78,78,78,78,78,78,78,78,78,78,78,78,78,78,78,78,78,78,78,78,78,78,78,78,78,78,78,78,78,78,78,78,78,78,78,78,78,78,78,78,78,78,78,78,78,78],"relic_stats":{"Peace Pipe":0,"Lizard Tail":39,"Centennial Puzzle":[12],"counters":[23,109],"Turnip":[9],"Bag of Preparation":[30],"obtain_stats":[{"Velvet Choker":17,"Mango":0,"Bag of Preparation":20,"Frozen Egg 2":27,"Cables":30,"Old Coin":39,"Peace Pipe":9,"keyreminder:keyreminder":43,"SlaversCollar":34,"Lizard Tail":6,"Centennial Puzzle":40,"Turnip":26,"Cracked Core":0,"StrikeDummy":24,"InkBottle":48},{"Velvet Choker":7,"Mango":0,"Bag of Preparation":8,"Frozen Egg 2":11,"Cables":13,"Old Coin":18,"Peace Pipe":4,"keyreminder:keyreminder":19,"SlaversCollar":14,"Lizard Tail":4,"Centennial Puzzle":19,"Turnip":10,"Cracked Core":0,"StrikeDummy":10,"InkBottle":22},{"Velvet Choker":30,"Mango":0,"Bag of Preparation":33,"Frozen Egg 2":47,"Cables":55,"Old Coin":81,"Peace Pipe":14,"keyreminder:keyreminder":88,"SlaversCollar":64,"Lizard Tail":14,"Centennial Puzzle":88,"Turnip":42,"Cracked Core":0,"StrikeDummy":42,"InkBottle":104}],"InkBottle":[2],"Cables":[47,32,15,0,0]},"card_choices":[{"not_picked":["Turbo","Beam Cell"],"picked":"Streamline","floor":1},{"not_picked":["Tempest","Double Energy"],"picked":"Cold Snap","floor":3},{"not_picked":["Steam","Streamline"],"picked":"Barrage","floor":5},{"not_picked":["Redo","Aggregate"],"picked":"Ball Lightning","floor":6},{"not_picked":["Ball Lightning","Leap"],"picked":"Core Surge","floor":13},{"not_picked":["White Noise","BootSequence"],"picked":"Chill","floor":14},{"not_picked":["Echo Form","Rainbow"],"picked":"Electrodynamics","floor":16},{"not_picked":["Barrage","Reprogram"],"picked":"Go for the Eyes+1","floor":18},{"not_picked":["Streamline","Beam Cell","Doom and Gloom"],"picked":"SKIP","floor":21},{"not_picked":["Rip and Tear","Barrage"],"picked":"Compile Driver","floor":24},{"not_picked":["Electrodynamics+1","Compile Driver"],"picked":"Leap","floor":27},{"not_picked":["Undo","Beam Cell","Force Field+1"],"picked":"SKIP","floor":28},{"not_picked":["Ball Lightning","Streamline","Conserve Battery"],"picked":"SKIP","floor":30},{"not_picked":["Meteor Strike","Reboot"],"picked":"Seek","floor":33},{"not_picked":["Barrage+1","Redo","Lockon"],"picked":"SKIP","floor":35},{"not_picked":["Reprogram","Barrage","White Noise"],"picked":"SKIP","floor":36},{"not_picked":["Tempest","Sunder","FTL"],"picked":"SKIP","floor":38},{"not_picked":["Fusion","Ball Lightning"],"picked":"Cold Snap","floor":39},{"not_picked":["Conserve Battery","Fusion","Cold Snap"],"picked":"SKIP","floor":40},{"not_picked":["expansioncontent:DecasProtection","expansioncontent:Chronoboost+1"],"picked":"expansioncontent:AwakenDeath+1","floor":42},{"not_picked":["Melter","Steam Power+1","Storm+1"],"picked":"SKIP","floor":45},{"not_picked":["Melter","Steam Power+1","Storm+1"],"picked":"SKIP","floor":45},{"not_picked":["Aggregate","Fusion","Ball Lightning"],"picked":"SKIP","floor":47},{"not_picked":["Scrape","Rebound"],"picked":"Seek","floor":48}],"player_experience":295018,"relics_obtained":[{"floor":6,"key":"Lizard Tail"},{"floor":9,"key":"Peace Pipe"},{"floor":20,"key":"Bag of Preparation"},{"floor":24,"key":"StrikeDummy"},{"floor":26,"key":"Turnip"},{"floor":27,"key":"Frozen Egg 2"},{"floor":30,"key":"Cables"},{"floor":39,"key":"Old Coin"},{"floor":40,"key":"Centennial Puzzle"},{"floor":48,"key":"InkBottle"}],"event_choices":[{"damage_healed":0,"gold_gain":0,"player_choice":"Entered Light","damage_taken":23,"max_hp_gain":0,"max_hp_loss":0,"event_name":"Shining Light","floor":2,"gold_loss":0,"cards_upgraded":["Strike_B","Defend_B"]},{"damage_healed":0,"gold_gain":75,"player_choice":"Gather Gold","damage_taken":11,"max_hp_gain":0,"max_hp_loss":0,"event_name":"World of Goop","floor":4,"gold_loss":0},{"cards_removed":["Strike_B"],"damage_healed":0,"gold_gain":0,"player_choice":"Card Removal","damage_taken":0,"max_hp_gain":0,"max_hp_loss":0,"event_name":"The Cleric","floor":11,"gold_loss":75},{"damage_healed":0,"gold_gain":0,"cards_transformed":["Strike_B","Strike_B"],"player_choice":"Became Test Subject","damage_taken":0,"max_hp_gain":0,"max_hp_loss":0,"event_name":"Drug Dealer","floor":19,"gold_loss":0,"cards_obtained":["FTL","Static Discharge"]},{"damage_healed":0,"gold_gain":0,"player_choice":"Fight","damage_taken":0,"max_hp_gain":0,"max_hp_loss":0,"event_name":"MindBloom","floor":39,"gold_loss":0},{"damage_healed":0,"gold_gain":0,"player_choice":"Memory 1","damage_taken":0,"max_hp_gain":0,"max_hp_loss":0,"event_name":"SensoryStone","floor":42,"gold_loss":0},{"damage_healed":0,"gold_gain":0,"player_choice":"Got Potions","damage_taken":0,"max_hp_gain":0,"max_hp_loss":0,"event_name":"Lab","floor":44,"gold_loss":0}],"is_beta":false,"boss_relics":[{"not_picked":["Inserter","Empty Cage"],"picked":"Velvet Choker"},{"not_picked":["Philosopher\u0027s Stone","Tiny House"],"picked":"SlaversCollar"}],"items_purged_floors":[8,37],"is_endless":false,"potions_floor_spawned":[5,6,14,18,24,28,33,35,39,45],"killed_by":"Donu and Deca","ascension_level":20}}