{"host":"uy3vg6glkp8m6iit","time":1608455152,"event":{"mods":["AchievementEnabler","BaseMod","Colored Map","DeckTracker","Highlight Path","Keyboard Shortcuts","Minty Spire (QoL Compilation)","Quick Restart","Random Character Button","Rare Cards Sparkle","Relic Stats","StSLib","everything is the same but u backflip on backflip"],"gold_per_floor":[117,117,42,53,63,63,63,63,88,108,8,25,35,45,45,146,146,166,28,28,28,61,61,61],"floor_reached":23,"playtime":670,"items_purged":["Strike_G","Defend_G"],"score":226,"play_id":"5227a15a-471c-421a-8c8c-5d863d192122","local_time":"20201220180552","is_ascension_mode":true,"campfire_choices":[{"data":"Concentrate","floor":6.0,"key":"SMITH"},{"data":"Skewer","floor":8.0,"key":"SMITH"},{"data":"Calculated Gamble","floor":15.0,"key":"SMITH"}],"circlet_count":0,"master_deck":["Strike_G","Defend_G","Defend_G","Survivor","Neutralize","Dash","Concentrate+1","Skewer+1","Tactician","Calculated Gamble+1","Cloak And Dagger","After Image","Backflip","Grand Finale","Dodge and Roll+1"],"relics":["Ring of the Snake","Pear","Ancient Tea Set","Empty Cage","Red Mask"],"acts_visited":["Exordium","TheCity"],"potions_floor_usage":[23],"damage_taken":[{"damage":4.0,"enemies":"Small Slimes","floor":1.0,"turns":6.0},{"damage":0.0,"enemies":"Cultist","floor":4.0,"turns":3.0},{"damage":0.0,"enemies":"2 Louse","floor":5.0,"turns":2.0},{"damage":0.0,"enemies":"Looter","floor":10.0,"turns":2.0},{"damage":0.0,"enemies":"3 Louse","floor":12.0,"turns":4.0},{"damage":0.0,"enemies":"2 Fungi Beasts","floor":13.0,"turns":4.0},{"damage":0.0,"enemies":"Looter","floor":14.0,"turns":4.0},{"damage":40.0,"enemies":"Slime Boss","floor":16.0,"turns":11.0},{"damage":0.0,"enemies":"Spheric Guardian","floor":18.0,"turns":3.0},{"damage":0.0,"enemies":"Masked Bandits","floor":22.0,"turns":1.0},{"damage":63,"enemies":"Book of Stabbing","floor":23,"turns":10}],"seed_played":"-1410294669463890384","potions_obtained":[{"floor":2.0,"key":"EssenceOfSteel"},{"floor":2.0,"key":"FearPotion"},{"floor":2.0,"key":"Weak Potion"},{"floor":10.0,"key":"AttackPotion"}],"is_trial":false,"path_per_floor":["M","?","$","M","M","R","?","R","T","M","$","M","M","M","R","B",null,"M","$","?","?","?","E"],"character_chosen":"THE_SILENT","items_purchased":["Grand Finale"],"campfire_rested":0,"item_purchase_floors":[19],"current_hp_per_floor":[59,59,59,59,59,59,69,69,69,69,69,69,69,69,69,29,62,62,62,62,62,62,0,0],"gold":61,"neow_bonus":"REMOVE_TWO","is_daily":false,"chose_seed":false,"campfire_upgraded":3,"win_rate":0.0,"timestamp":1608455152,"path_taken":["M","?","$","?","M","R","?","R","T","M","$","M","M","?","R","BOSS","M","$","?","?","?","E"],"items_purchased_type":["Card"],"build_version":"2020-12-13","purchased_purges":2,"victory":false,"max_hp_per_floor":[63,63,63,63,63,63,73,73,73,73,73,73,73,73,73,73,73,73,73,73,73,73,73,73],"relic_stats":{"counters":[11,50],"obtain_stats":[{"Pear":7,"Red Mask":22,"Ancient Tea Set":9,"Empty Cage":17,"Ring of the Snake":0},{"Pear":3,"Red Mask":10,"Ancient Tea Set":3,"Empty Cage":8,"Ring of the Snake":0},{"Pear":11,"Red Mask":40,"Ancient Tea Set":11,"Empty Cage":36,"Ring of the Snake":0}],"Ring of the Snake":[22]},"card_choices":[{"not_picked":["Sucker Punch","Slice"],"picked":"Dash","floor":1.0},{"not_picked":["Prepared","Slice"],"picked":"Concentrate","floor":4.0},{"not_picked":["Dagger Throw","Underhanded Strike"],"picked":"Skewer","floor":5.0},{"not_picked":["Blade Dance","Outmaneuver"],"picked":"Tactician","floor":10.0},{"not_picked":["Bullet Time","Prepared","Blade Dance"],"picked":"SKIP","floor":12.0},{"not_picked":["Catalyst","Crippling Poison"],"picked":"Calculated Gamble","floor":13.0},{"not_picked":["Prepared","Catalyst"],"picked":"Cloak And Dagger","floor":14.0},{"not_picked":["Glass Knife","Bullet Time"],"picked":"After Image","floor":16.0},{"not_picked":["Terror+1","Footwork+1"],"picked":"Backflip","floor":18.0},{"not_picked":["Quick Slash","Poisoned Stab+1"],"picked":"Dodge and Roll+1","floor":22.0}],"player_experience":1429193,"relics_obtained":[{"floor":9.0,"key":"Ancient Tea Set"},{"floor":22.0,"key":"Red Mask"}],"event_choices":[{"damage_healed":0.0,"max_hp_gain":0.0,"max_hp_loss":0.0,"gold_gain":0.0,"event_name":"Lab","player_choice":"Got Potions","floor":2.0,"gold_loss":0.0,"damage_taken":0.0},{"damage_healed":0.0,"max_hp_gain":0.0,"max_hp_loss":0.0,"gold_gain":0.0,"event_name":"WeMeetAgain","player_choice":"Gave Potion","floor":7.0,"gold_loss":0.0,"damage_taken":0.0,"relics_obtained":["Pear"]},{"damage_healed":0.0,"max_hp_gain":0.0,"max_hp_loss":0.0,"gold_gain":0.0,"event_name":"Vampires","player_choice":"Ignored","floor":20.0,"gold_loss":0.0,"damage_taken":0.0},{"cards_removed":["Strike_G"],"damage_healed":0.0,"max_hp_gain":0.0,"max_hp_loss":0.0,"gold_gain":0.0,"event_name":"Back to Basics","player_choice":"Elegance","floor":21.0,"gold_loss":0.0,"damage_taken":0.0},{"damage_healed":0.0,"max_hp_gain":0.0,"max_hp_loss":0.0,"gold_gain":0.0,"event_name":"Masked Bandits","player_choice":"Fought Bandits","floor":22.0,"gold_loss":0.0,"damage_taken":0.0}],"is_beta":false,"boss_relics":[{"not_picked":["Fusion Hammer","Runic Dome"],"picked":"Empty Cage"}],"items_purged_floors":[3,11],"is_endless":false,"potions_floor_spawned":[5,10,12],"killed_by":"Book of Stabbing","ascension_level":5}}