{"host":"brlhu57vzmgrzvkq","time":1608453642,"event":{"mods":["AchievementEnabler","BaseMod","Colored Map","Hermit","Minty Spire (QoL Compilation)","StSLib","SuperFastMode","The Cursed","The Servant 0.9.4"],"gold_per_floor":[116,116,133,148,148,148,179,179,179,190,205,236,251,297,297,398,398,412,425,524,62,74,109,9,26,98,98,98,98,133,133,133,234,234,254,269,321,341,341,368,388,422,422,422,442,471,483,483,483,483],"floor_reached":51,"playtime":1934,"items_purged":["hermit:Strike_Hermit","hermit:Defend_Hermit"],"score":1051,"play_id":"7091d433-19cb-4bed-9fc3-0fbb38c73d84","local_time":"20201220014042","is_ascension_mode":true,"campfire_choices":[{"data":"hermit:Combo","floor":6.0,"key":"SMITH"},{"data":"hermit:ItchyTrigger","floor":8.0,"key":"SMITH"},{"floor":15,"key":"REST"},{"floor":27,"key":"REST"},{"floor":29,"key":"REST"},{"floor":32,"key":"REST"},{"floor":44,"key":"REST"},{"floor":49,"key":"REST"}],"circlet_count":0,"master_deck":["hermit:Strike_Hermit","hermit:Strike_Hermit","hermit:Defend_Hermit","hermit:Snapshot","hermit:Covet+1","hermit:Horror+1","hermit:Combo+1","hermit:Vantage","hermit:ItchyTrigger+1","hermit:WideOpen","hermit:Snipe","hermit:GoldenBullet","hermit:Dive+1","hermit:TakeAim"],"relics":["hermit:Momento","Bottled Lightning","Art of War","CaptainsWheel","Anchor","Fusion Hammer","War Paint","White Beast Statue","PreservedInsect","Shuriken","Ancient Tea Set","Busted Crown","Mango","Vajra","Eternal Feather","Bottled Tornado","Toy Ornithopter"],"acts_visited":["Exordium","TheCity","TheBeyond"],"potions_floor_usage":[13,23,30,33,37,45,50,50],"damage_taken":[{"damage":0.0,"enemies":"Cultist","floor":1.0,"turns":3.0},{"damage":0.0,"enemies":"2 Louse","floor":3.0,"turns":2.0},{"damage":0.0,"enemies":"Jaw Worm","floor":4.0,"turns":2.0},{"damage":19.0,"enemies":"Gremlin Nob","floor":7.0,"turns":4.0},{"damage":5.0,"enemies":"Blue Slaver","floor":10.0,"turns":5.0},{"damage":0,"enemies":"Looter","floor":11,"turns":2},{"damage":18,"enemies":"Lagavulin","floor":12,"turns":4},{"damage":0,"enemies":"3 Louse","floor":13,"turns":2},{"damage":25,"enemies":"Hexaghost","floor":16,"turns":5},{"damage":8,"enemies":"Shell Parasite","floor":18,"turns":6},{"damage":5,"enemies":"Spheric Guardian","floor":19,"turns":5},{"damage":0,"enemies":"Centurion and Healer","floor":22,"turns":4},{"damage":5,"enemies":"Slavers","floor":23,"turns":4},{"damage":12,"enemies":"Cultist and Chosen","floor":25,"turns":5},{"damage":19,"enemies":"Gremlin Leader","floor":30,"turns":4},{"damage":44,"enemies":"Automaton","floor":33,"turns":11},{"damage":1,"enemies":"Orb Walker","floor":35,"turns":4},{"damage":2,"enemies":"3 Shapes","floor":36,"turns":3},{"damage":0,"enemies":"2 Orb Walkers","floor":37,"turns":2},{"damage":4,"enemies":"3 Darklings","floor":38,"turns":4},{"damage":4,"enemies":"Giant Head","floor":40,"turns":5},{"damage":36,"enemies":"Writhing Mass","floor":41,"turns":4},{"damage":1,"enemies":"Nemesis","floor":42,"turns":3},{"damage":6,"enemies":"Maw","floor":45,"turns":3},{"damage":0,"enemies":"Giant Head","floor":46,"turns":3},{"damage":13,"enemies":"3 Darklings","floor":47,"turns":4},{"damage":63,"enemies":"Donu and Deca","floor":50,"turns":8}],"seed_played":"591276147364560348","potions_obtained":[{"floor":0.0,"key":"Weak Potion"},{"floor":0.0,"key":"Weak Potion"},{"floor":0.0,"key":"FairyPotion"},{"floor":1.0,"key":"Strength Potion"},{"floor":7.0,"key":"Explosive Potion"},{"floor":10.0,"key":"hermit:BlackBile"},{"floor":19,"key":"AttackPotion"},{"floor":23,"key":"LiquidMemories"},{"floor":25,"key":"hermit:Tonic"},{"floor":30,"key":"SpeedPotion"},{"floor":33,"key":"SmokeBomb"},{"floor":37,"key":"Weak Potion"},{"floor":38,"key":"FearPotion"},{"floor":45,"key":"FearPotion"},{"floor":48,"key":"hermit:BlackBile"}],"is_trial":false,"path_per_floor":["M","?","M","M","?","R","E","R","T","M","M","E","M","T","R","B",null,"M","M","?","$","M","E","$","M","T","R","?","R","E","?","R","B",null,"M","M","?","M","?","E","M","E","T","R","M","E","M","?","R","B",null],"character_chosen":"HERMIT","items_purchased":["War Paint","White Beast Statue"],"campfire_rested":6,"item_purchase_floors":[21,21],"current_hp_per_floor":[75,68,68,68,68,68,49,49,49,44,44,26,26,26,48,23,75,67,62,62,62,62,57,57,45,45,67,67,75,56,42,66,22,80,79,77,91,87,87,83,47,46,46,80,74,74,61,61,94,41],"gold":483,"neow_bonus":"THREE_SMALL_POTIONS","is_daily":false,"chose_seed":false,"campfire_upgraded":2,"win_rate":0.0,"timestamp":1608453642,"path_taken":["M","?","M","M","?","R","E","R","T","?","M","E","M","?","R","BOSS","M","M","?","$","M","E","$","M","T","R","?","R","E","?","R","BOSS","M","M","?","M","?","E","M","E","T","R","?","E","M","?","R","BOSS"],"items_purchased_type":["Relic","Relic"],"build_version":"2020-12-13","purchased_purges":2,"victory":true,"max_hp_per_floor":[75,75,75,75,75,75,75,75,75,75,75,75,75,75,75,75,75,75,75,75,75,75,75,75,75,75,75,75,75,75,80,80,80,80,80,80,94,94,94,94,94,94,94,94,94,94,94,94,94,94],"card_choices":[{"not_picked":["hermit:Scavenge","hermit:NoHoldsBarred"],"picked":"hermit:Horror","floor":1.0},{"not_picked":["hermit:SprayPray","hermit:FullyLoaded"],"picked":"hermit:Combo","floor":3.0},{"not_picked":["hermit:FullyLoaded","hermit:TrackingShot"],"picked":"hermit:Vantage","floor":4.0},{"not_picked":["hermit:Dive","hermit:Desperado"],"picked":"hermit:ItchyTrigger","floor":7.0},{"not_picked":["hermit:Virtue","hermit:Roulette"],"picked":"hermit:WideOpen","floor":10.0},{"not_picked":["hermit:HighCaliber","hermit:Roulette","hermit:WideOpen"],"picked":"SKIP","floor":11},{"not_picked":["hermit:CalledShot","hermit:ItchyTrigger","hermit:Vantage"],"picked":"SKIP","floor":12},{"not_picked":["hermit:Headshot","hermit:Coalescence"],"picked":"hermit:Snipe","floor":13},{"not_picked":["hermit:Spite","hermit:Deadeye"],"picked":"hermit:GoldenBullet","floor":18},{"not_picked":["hermit:Manifest","hermit:Glare","hermit:Virtue"],"picked":"SKIP","floor":19},{"not_picked":["hermit:Maintenance","hermit:HoleUp"],"picked":"hermit:Dive+1","floor":22},{"not_picked":["hermit:Vantage","hermit:CalledShot","hermit:Coalescence"],"picked":"SKIP","floor":23},{"not_picked":["hermit:Coalescence","hermit:Glare"],"picked":"hermit:TakeAim","floor":25},{"not_picked":["hermit:Adapt","hermit:HoleUp","hermit:Dive"],"picked":"SKIP","floor":30},{"not_picked":["hermit:FullyLoaded"],"picked":"SKIP","floor":35},{"not_picked":["hermit:TrackingShot+1"],"picked":"SKIP","floor":36},{"not_picked":["hermit:HoleUp+1"],"picked":"SKIP","floor":38},{"not_picked":["hermit:Showdown"],"picked":"SKIP","floor":40},{"not_picked":["hermit:LowProfile+1"],"picked":"SKIP","floor":41},{"not_picked":["hermit:Virtue"],"picked":"SKIP","floor":42},{"not_picked":["hermit:FlashPowder+1"],"picked":"SKIP","floor":45},{"not_picked":["hermit:Scavenge"],"picked":"SKIP","floor":46},{"not_picked":["hermit:Malice"],"picked":"SKIP","floor":47}],"player_experience":73348,"relics_obtained":[{"floor":7.0,"key":"Bottled Lightning"},{"floor":9.0,"key":"Art of War"},{"floor":12,"key":"CaptainsWheel"},{"floor":14,"key":"Anchor"},{"floor":23,"key":"PreservedInsect"},{"floor":26,"key":"Shuriken"},{"floor":30,"key":"Ancient Tea Set"},{"floor":37,"key":"Mango"},{"floor":40,"key":"Vajra"},{"floor":42,"key":"Eternal Feather"},{"floor":43,"key":"Bottled Tornado"},{"floor":46,"key":"Toy Ornithopter"}],"event_choices":[{"cards_removed":["hermit:Strike_Hermit"],"damage_healed":0.0,"max_hp_gain":0.0,"max_hp_loss":0.0,"gold_gain":0.0,"event_name":"Golden Wing","player_choice":"Card Removal","floor":2.0,"gold_loss":0.0,"damage_taken":7.0},{"cards_removed":["hermit:Defend_Hermit"],"damage_healed":0.0,"max_hp_gain":0.0,"max_hp_loss":0.0,"gold_gain":0.0,"event_name":"Bonfire Elementals","player_choice":"Offered Basic","floor":5.0,"gold_loss":0.0,"damage_taken":0.0},{"damage_healed":0,"gold_gain":99,"player_choice":"Stole From Cult","damage_taken":0,"max_hp_gain":0,"max_hp_loss":0,"event_name":"Nest","floor":20,"gold_loss":0},{"damage_healed":0,"gold_gain":0,"player_choice":"Ignored","damage_taken":0,"max_hp_gain":0,"max_hp_loss":0,"event_name":"Vampires","floor":28,"gold_loss":0},{"damage_healed":0,"gold_gain":0,"player_choice":"Shed Blood","damage_taken":19,"max_hp_gain":5,"max_hp_loss":0,"event_name":"Forgotten Altar","floor":31,"gold_loss":0},{"damage_healed":0,"gold_gain":0,"player_choice":"Fight","damage_taken":0,"max_hp_gain":0,"max_hp_loss":0,"event_name":"Mysterious Sphere","floor":37,"gold_loss":0},{"cards_removed":["hermit:Defend_Hermit"],"damage_healed":0,"gold_gain":0,"player_choice":"Purged","damage_taken":0,"max_hp_gain":0,"max_hp_loss":0,"event_name":"Purifier","floor":39,"gold_loss":0},{"damage_healed":0,"gold_gain":0,"player_choice":"Got Potions","damage_taken":0,"max_hp_gain":0,"max_hp_loss":0,"event_name":"Lab","floor":48,"gold_loss":0}],"is_beta":false,"boss_relics":[{"not_picked":["Philosopher\u0027s Stone","hermit:ClaspedLocket"],"picked":"Fusion Hammer"},{"not_picked":["Tiny House","Snecko Eye"],"picked":"Busted Crown"}],"items_purged_floors":[21,24],"is_endless":false,"potions_floor_spawned":[1,3,7,10,19,22,23,25,30,33,35,36,37,38,40,41,42,45,46,47],"ascension_level":1}}