{"host":"ue7jlgf7uv134an9","time":1608457440,"event":{"mods":["BaseMod","Better Third Choice","Defuse TimeMaze Blight","Minty Spire (QoL Compilation)","Quick Restart","Rare Cards Sparkle","Relic Stats","StSLib","UnlockEverythingMod"],"gold_per_floor":[110,110,129,204,222,261,261,261,306,21,37,37,50,94,94,213,213,234,234,259,7,31,62,62,81,104,120,135,135,148,148,148,269,269,294,318,331,331,347,386,107,107,107,127,31,62,14,14,14,14,14,14,14,57,57,57],"floor_reached":55,"playtime":2494,"items_purged":["Strike_G","Defend_G","Strike_G"],"score":834,"play_id":"949d5e70-b1c6-4a88-bc8a-d64cfd875534","local_time":"20201220044400","is_ascension_mode":false,"campfire_choices":[{"floor":8.0,"key":"REST"},{"data":"Accuracy","floor":12.0,"key":"SMITH"},{"floor":15.0,"key":"REST"},{"floor":24.0,"key":"REST"},{"floor":29.0,"key":"REST"},{"floor":32.0,"key":"REST"},{"floor":42.0,"key":"RECALL"},{"data":"Cloak And Dagger","floor":49.0,"key":"SMITH"},{"data":"After Image","floor":52.0,"key":"SMITH"}],"circlet_count":0,"master_deck":["Strike_G","Strike_G","Strike_G","Defend_G","Defend_G","Defend_G","Defend_G","Survivor","Neutralize","Blade Dance","Cloak And Dagger","Cloak And Dagger+1","Accuracy+1","Footwork","Finesse","PiercingWail","Deflect","Wraith Form v2+1","After Image","Accuracy","Leg Sweep","Finisher","Predator","Blade Dance","Cloak And Dagger+1","Corpse Explosion","Blade Dance+1","Masterful Stab+1","Accuracy","Noxious Fumes+1","After Image+1","Acrobatics+1","Terror+1","Acrobatics+1","PiercingWail","Dark Shackles","Blade Dance","Deflect"],"relics":["Ring of the Snake","Golden Idol","Ancient Tea Set","Toy Ornithopter","Kunai","WristBlade","Nloth\u0027s Gift","Paper Crane","Coffee Dripper","Shuriken","Orrery","HornCleat","Girya","Ornamental Fan"],"acts_visited":["Exordium","TheCity","TheBeyond","TheEnding"],"potions_floor_usage":[55,55,55],"damage_taken":[{"damage":0.0,"enemies":"Small Slimes","floor":1.0,"turns":1.0},{"damage":0.0,"enemies":"2 Louse","floor":3.0,"turns":1.0},{"damage":0.0,"enemies":"Jaw Worm","floor":5.0,"turns":1.0},{"damage":21.0,"enemies":"Lagavulin","floor":6.0,"turns":10.0},{"damage":8.0,"enemies":"Exordium Thugs","floor":11.0,"turns":4.0},{"damage":0.0,"enemies":"3 Louse","floor":13.0,"turns":2.0},{"damage":43.0,"enemies":"Gremlin Nob","floor":14.0,"turns":6.0},{"damage":21.0,"enemies":"Slime Boss","floor":16.0,"turns":12.0},{"damage":0.0,"enemies":"Chosen","floor":18.0,"turns":5.0},{"damage":15.0,"enemies":"2 Thieves","floor":20.0,"turns":4.0},{"damage":29.0,"enemies":"Cultist and Chosen","floor":22.0,"turns":7.0},{"damage":11.0,"enemies":"Gremlin Leader","floor":23.0,"turns":8.0},{"damage":7.0,"enemies":"Snake Plant","floor":25.0,"turns":5.0},{"damage":13.0,"enemies":"Chosen and Byrds","floor":27.0,"turns":8.0},{"damage":6.0,"enemies":"Centurion and Healer","floor":28.0,"turns":6.0},{"damage":0.0,"enemies":"Shelled Parasite and Fungi","floor":30.0,"turns":6.0},{"damage":12.0,"enemies":"Automaton","floor":33.0,"turns":9.0},{"damage":0.0,"enemies":"3 Shapes","floor":35.0,"turns":4.0},{"damage":7.0,"enemies":"3 Darklings","floor":36.0,"turns":3.0},{"damage":0.0,"enemies":"Maw","floor":37.0,"turns":6.0},{"damage":0.0,"enemies":"4 Shapes","floor":39.0,"turns":4.0},{"damage":0.0,"enemies":"Giant Head","floor":40.0,"turns":5.0},{"damage":0.0,"enemies":"Transient","floor":44.0,"turns":5.0},{"damage":8.0,"enemies":"Reptomancer","floor":46.0,"turns":4.0},{"damage":12.0,"enemies":"Donu and Deca","floor":50.0,"turns":7.0},{"damage":29.0,"enemies":"Shield and Spear","floor":54.0,"turns":5.0},{"damage":51,"enemies":"The Heart","floor":55,"turns":6}],"seed_played":"-8735134367107043305","potions_obtained":[{"floor":5.0,"key":"Poison Potion"},{"floor":14.0,"key":"Explosive Potion"},{"floor":16.0,"key":"Poison Potion"},{"floor":22.0,"key":"GamblersBrew"},{"floor":25.0,"key":"Strength Potion"},{"floor":28.0,"key":"SkillPotion"},{"floor":33.0,"key":"PowerPotion"},{"floor":37.0,"key":"Weak Potion"},{"floor":44.0,"key":"Fire Potion"},{"floor":54.0,"key":"Dexterity Potion"}],"is_trial":false,"path_per_floor":["M","?","M","?","M","E","?","R","T","$","M","R","M","E","R","B",null,"M","?","M","$","M","E","R","M","T","M","M","R","M","?","R","B",null,"M","M","M","?","M","E","$","R","T","M","$","E","$","?","R","B",null,"R","$","E","B"],"character_chosen":"THE_SILENT","items_purchased":["Footwork","Finesse","PiercingWail","Accuracy","Leg Sweep","Orrery","Dark Shackles","Blade Dance"],"campfire_rested":5,"item_purchase_floors":[10,10,10,21,21,41,45,47],"current_hp_per_floor":[70,65,65,54,54,33,33,52,52,52,44,44,44,1,20,4,65,65,65,50,50,26,20,39,32,32,19,13,32,32,32,51,44,65,65,58,58,58,58,65,65,65,65,65,65,57,57,57,57,45,65,65,65,36,0,0],"gold":57,"neow_bonus":"THREE_ENEMY_KILL","is_daily":false,"chose_seed":false,"campfire_upgraded":3,"win_rate":0.0,"timestamp":1608457440,"path_taken":["M","?","M","?","M","E","?","R","T","$","?","R","M","E","R","BOSS","M","?","?","$","?","E","R","M","T","?","M","R","M","?","R","BOSS","M","M","M","?","M","E","$","R","T","M","?","E","$","?","R","BOSS","R","$","E","BOSS"],"items_purchased_type":["Card","Card","Card","Card","Card","Relic","Card","Card"],"build_version":"2020-12-13","purchased_purges":3,"victory":false,"max_hp_per_floor":[70,65,65,65,65,65,65,65,65,65,65,65,65,65,65,65,65,65,65,65,65,65,65,65,65,65,65,65,65,65,65,65,65,65,65,65,65,65,65,65,65,65,65,65,65,65,65,65,65,65,65,65,65,65,65,65],"relic_stats":{"counters":[27,144],"Golden Idol":188,"Shuriken":[17],"Ornamental Fan":[4],"Nloth\u0027s Gift":4,"Kunai":[66],"obtain_stats":[{"Girya":46,"NeowsBlessing":0,"Golden Idol":2,"Paper Crane":23,"Ancient Tea Set":6,"HornCleat":43,"WristBlade":17,"Shuriken":40,"Ornamental Fan":54,"Orrery":41,"Nloth\u0027s Gift":19,"Coffee Dripper":34,"Kunai":14,"Toy Ornithopter":9,"Ring of the Snake":0},{"Girya":24,"NeowsBlessing":0,"Golden Idol":1,"Paper Crane":12,"Ancient Tea Set":4,"HornCleat":22,"WristBlade":8,"Shuriken":22,"Ornamental Fan":26,"Orrery":22,"Nloth\u0027s Gift":9,"Coffee Dripper":17,"Kunai":7,"Toy Ornithopter":4,"Ring of the Snake":0},{"Girya":126,"NeowsBlessing":0,"Golden Idol":1,"Paper Crane":61,"Ancient Tea Set":13,"HornCleat":117,"WristBlade":37,"Shuriken":117,"Ornamental Fan":138,"Orrery":117,"Nloth\u0027s Gift":42,"Coffee Dripper":95,"Kunai":25,"Toy Ornithopter":13,"Ring of the Snake":0}],"Toy Ornithopter":42,"Ring of the Snake":[54]},"card_choices":[{"not_picked":["Heel Hook","Slice"],"picked":"Blade Dance","floor":1.0},{"not_picked":["Dagger Spray","All Out Attack"],"picked":"Cloak And Dagger","floor":3.0},{"not_picked":["PiercingWail","Dagger Spray"],"picked":"Cloak And Dagger","floor":5.0},{"not_picked":["Endless Agony","Bane"],"picked":"Accuracy","floor":6.0},{"not_picked":["Flying Knee","Noxious Fumes"],"picked":"Deflect","floor":11.0},{"not_picked":["Slice","Acrobatics","Night Terror"],"picked":"SKIP","floor":13.0},{"not_picked":["Quick Slash","Underhanded Strike","Riddle With Holes"],"picked":"SKIP","floor":14.0},{"not_picked":["Tools of the Trade","Malaise"],"picked":"Wraith Form v2","floor":16.0},{"not_picked":["Deadly Poison","Slice","Flying Knee+1"],"picked":"SKIP","floor":18.0},{"not_picked":["Prepared","PiercingWail"],"picked":"After Image","floor":20.0},{"not_picked":["Slice","Noxious Fumes"],"picked":"Finisher","floor":22.0},{"not_picked":["Deadly Poison","Outmaneuver+1","Concentrate"],"picked":"SKIP","floor":23.0},{"not_picked":["Sucker Punch","Dodge and Roll+1"],"picked":"Predator","floor":25.0},{"not_picked":["Underhanded Strike","Unload"],"picked":"Blade Dance","floor":27.0},{"not_picked":["Noxious Fumes+1","Slice","Footwork"],"picked":"SKIP","floor":28.0},{"not_picked":["Sucker Punch","Dagger Spray"],"picked":"Cloak And Dagger+1","floor":30.0},{"not_picked":["Unload","Storm of Steel"],"picked":"Corpse Explosion","floor":33.0},{"not_picked":["Leg Sweep","Poisoned Stab"],"picked":"Blade Dance+1","floor":35.0},{"not_picked":["Prepared+1","Flying Knee"],"picked":"Masterful Stab+1","floor":36.0},{"not_picked":["Dagger Throw+1","Setup+1"],"picked":"Accuracy","floor":37.0},{"not_picked":["Prepared","Eviscerate+1"],"picked":"Noxious Fumes+1","floor":39.0},{"not_picked":["Venomology","Deadly Poison+1"],"picked":"After Image","floor":40.0},{"not_picked":["Quick Slash","Prepared+1"],"picked":"Acrobatics+1","floor":41.0},{"not_picked":["Slice+1","Prepared"],"picked":"Terror+1","floor":41.0},{"not_picked":["Predator","Flying Knee"],"picked":"Acrobatics+1","floor":41.0},{"not_picked":["Glass Knife","Riddle With Holes+1"],"picked":"PiercingWail","floor":41.0},{"not_picked":["Sucker Punch+1","Acrobatics","Venomology"],"picked":"SKIP","floor":44.0},{"not_picked":["Slice+1","Envenom","Dagger Throw+1"],"picked":"SKIP","floor":46.0},{"not_picked":["Acrobatics","Tactician+1"],"picked":"Deflect","floor":54.0}],"player_experience":2811,"relics_obtained":[{"floor":6.0,"key":"Ancient Tea Set"},{"floor":9.0,"key":"Toy Ornithopter"},{"floor":14.0,"key":"Kunai"},{"floor":23.0,"key":"Paper Crane"},{"floor":40.0,"key":"Shuriken"},{"floor":43.0,"key":"HornCleat"},{"floor":46.0,"key":"Girya"},{"floor":54.0,"key":"Ornamental Fan"}],"event_choices":[{"damage_healed":0.0,"max_hp_gain":0.0,"max_hp_loss":5.0,"gold_gain":0.0,"event_name":"Golden Idol","player_choice":"Lose Max HP","floor":2.0,"gold_loss":0.0,"damage_taken":0.0,"relics_obtained":["Golden Idol"]},{"damage_healed":0.0,"max_hp_gain":0.0,"max_hp_loss":0.0,"gold_gain":75.0,"event_name":"betterThird:BetterGoop","player_choice":"Gold","floor":4.0,"gold_loss":0.0,"damage_taken":11.0},{"damage_healed":0.0,"max_hp_gain":0.0,"max_hp_loss":0.0,"gold_gain":0.0,"event_name":"The Woman in Blue","player_choice":"Bought 0 Potions","floor":7.0,"gold_loss":0.0,"damage_taken":0.0},{"damage_healed":0.0,"max_hp_gain":0.0,"max_hp_loss":0.0,"gold_gain":0.0,"event_name":"N\u0027loth","player_choice":"Traded Relic","floor":19.0,"relics_lost":["NeowsBlessing"],"gold_loss":0.0,"damage_taken":0.0,"relics_obtained":["Nloth\u0027s Gift"]},{"damage_healed":0.0,"max_hp_gain":0.0,"max_hp_loss":0.0,"gold_gain":0.0,"event_name":"Vampires","player_choice":"Ignored","floor":31.0,"gold_loss":0.0,"damage_taken":0.0},{"damage_healed":0.0,"max_hp_gain":0.0,"max_hp_loss":0.0,"gold_gain":0.0,"event_name":"NoteForYourself","player_choice":"Ignored","floor":38.0,"gold_loss":0.0,"damage_taken":0.0},{"damage_healed":0.0,"max_hp_gain":0.0,"max_hp_loss":0.0,"gold_gain":0.0,"event_name":"Upgrade Shrine","player_choice":"Upgraded","floor":48.0,"gold_loss":0.0,"damage_taken":0.0,"cards_upgraded":["Wraith Form v2"]}],"is_beta":false,"boss_relics":[{"not_picked":["HoveringKite","Ring of the Serpent"],"picked":"WristBlade"},{"not_picked":["Astrolabe","Runic Dome"],"picked":"Coffee Dripper"}],"items_purged_floors":[10,21,41],"is_endless":false,"potions_floor_spawned":[5,14,16,22,25,28,33,37,39,44,54],"killed_by":"The Heart","ascension_level":0}}