{"host":"0cm5wy4nhuju7tij","time":1608438559,"event":{"mods":["2.2 Compatiblity","AchievementEnabler","BaseMod","Better Third Choice","BetterRewards","Colored Powertips","Curses Come First","Custom Start","Displayed Cursed Tome","Downfall","Energized Spire","Filter the Spire","Fireblade Mod","Highlight Path","Jess\u0027s Bottle","Minty Spire (QoL Compilation)","Permanent Neow","Railgun Mod","Robot Space Explorer","Shop Mod","Spicy Shops","StSLib","The Marked","The Servant 0.9.4"],"gold_per_floor":[115,131,131,144,15,15,26,56,56,83,8,8,23,36,36,132,132,143,156,156,11,26,26,26],"floor_reached":23,"playtime":1195,"items_purged":["TheRailgun:Defend"],"score":193,"play_id":"32bbbd4e-fae8-4327-9087-dad46f52d2d1","local_time":"20201219232919","is_ascension_mode":false,"campfire_choices":[{"floor":6,"key":"REST"},{"data":"TheRailgun:Heroinism","floor":12,"key":"SMITH"},{"data":"TheRailgun:Supercharge","floor":15,"key":"SMITH"}],"circlet_count":0,"master_deck":["TheRailgun:Strike","TheRailgun:Strike","TheRailgun:Strike","TheRailgun:Strike","TheRailgun:Defend","TheRailgun:Defend","TheRailgun:Defend","TheRailgun:Discharge","TheRailgun:Static","TheRailgun:Zip","TheRailgun:Supercharge+1","TheRailgun:Iron_Dust_Field","TheRailgun:Iron_Dust_Sword","TheRailgun:Negative_Field","TheRailgun:Zap","TheRailgun:Thundershock","TheRailgun:Negative_Field","TheRailgun:Static","TheRailgun:Electric_Fence","TheRailgun:Heroinism+1","TheRailgun:Positive_Field","TheRailgun:Pull","TheRailgun:Judgement_Officer","TheRailgun:Thunderjolt+1","TheRailgun:Pull","TheRailgun:Thunderbolt","TheRailgun:Zip","TheRailgun:Lightningbolt"],"relics":["TheRailgun:CoinRelic","Meat on the Bone","Happy Flower","Pantograph","Strawberry","jessBottle:WaterBottleRelic"],"acts_visited":["Exordium","TheCity"],"potions_floor_usage":[],"damage_taken":[{"damage":6,"enemies":"Cultist","floor":1,"turns":3},{"damage":0,"enemies":"2 Louse","floor":2,"turns":3},{"damage":17,"enemies":"Small Slimes","floor":4,"turns":4},{"damage":34,"enemies":"Gremlin Gang","floor":7,"turns":4},{"damage":14,"enemies":"Gremlin Nob","floor":10,"turns":3},{"damage":11,"enemies":"Looter","floor":13,"turns":3},{"damage":2,"enemies":"Red Slaver","floor":14,"turns":4},{"damage":15,"enemies":"Slime Boss","floor":16,"turns":7},{"damage":15,"enemies":"2 Thieves","floor":18,"turns":4},{"damage":10,"enemies":"Shell Parasite","floor":19,"turns":3},{"damage":19,"enemies":"Sentry and Sphere","floor":22,"turns":4},{"damage":47,"enemies":"Slavers","floor":23,"turns":3}],"seed_played":"-5676447356364562161","potions_obtained":[{"floor":1,"key":"Fire Potion"},{"floor":2,"key":"Slimebound:ThreeZeroPotion"},{"floor":4,"key":"EntropicBrew"}],"is_trial":false,"path_per_floor":["M","M","T","M","$","R","M","?","T","E","$","R","M","M","R","B",null,"M","M","?","$","M","E"],"character_chosen":"THE_DEFAULT","items_purchased":["TheRailgun:Zap","TheRailgun:Thundershock","TheRailgun:Negative_Field","TheRailgun:Heroinism","TheRailgun:Thunderbolt","TheRailgun:Zip"],"campfire_rested":1,"item_purchase_floors":[5,5,5,11,21,21],"current_hp_per_floor":[64,64,64,47,47,68,46,46,46,51,51,51,40,50,50,60,77,62,52,52,52,45,0,0],"gold":26,"neow_bonus":"ONE_RANDOM_RARE_CARD","is_daily":false,"chose_seed":false,"campfire_upgraded":2,"win_rate":0.0,"timestamp":1608438559,"path_taken":["M","M","?","M","$","R","M","?","T","E","$","R","M","M","R","BOSS","M","M","?","$","M","E"],"items_purchased_type":["Card","Card","Card","Card","Card","Card"],"build_version":"2020-12-13","purchased_purges":1,"victory":false,"max_hp_per_floor":[70,70,70,70,70,70,70,70,70,77,77,77,77,77,77,77,77,77,77,77,77,77,77,77],"card_choices":[{"not_picked":["TheRailgun:Crack","TheRailgun:Gekota_Phone"],"picked":"TheRailgun:Iron_Dust_Field","floor":1},{"not_picked":["TheRailgun:Sister_Noise","TheRailgun:Electrical_Fire"],"picked":"TheRailgun:Iron_Dust_Sword","floor":2},{"not_picked":["TheRailgun:Magnetic_Movement","TheRailgun:Recharge"],"picked":"TheRailgun:Negative_Field","floor":4},{"not_picked":["TheRailgun:Hypercharge","TheRailgun:Supercharge"],"picked":"TheRailgun:Static","floor":7},{"not_picked":["TheRailgun:Discharge","TheRailgun:Iron_Dust_Vial"],"picked":"TheRailgun:Electric_Fence","floor":10},{"not_picked":["TheRailgun:Sister_Noise","TheRailgun:Gekota_Phone"],"picked":"TheRailgun:Positive_Field","floor":13},{"not_picked":["TheRailgun:Recharge","TheRailgun:Stun_Shock"],"picked":"TheRailgun:Pull","floor":14},{"not_picked":["TheRailgun:Level_6","TheRailgun:Supercharge"],"picked":"TheRailgun:Judgement_Officer","floor":16},{"not_picked":["TheRailgun:Coin_Flip","TheRailgun:Crackle"],"picked":"TheRailgun:Thunderjolt+1","floor":18},{"not_picked":["TheRailgun:Discharge","TheRailgun:Iron_Dust_Shield"],"picked":"TheRailgun:Pull","floor":19},{"not_picked":["TheRailgun:Zip","TheRailgun:Gekota_Phone+1"],"picked":"TheRailgun:Lightningbolt","floor":22}],"player_experience":250885,"relics_obtained":[{"floor":3,"key":"Meat on the Bone"},{"floor":9,"key":"Pantograph"},{"floor":10,"key":"Strawberry"}],"event_choices":[{"damage_healed":0,"gold_gain":30,"player_choice":"Searched \u00272\u0027 times","damage_taken":0,"relics_obtained":["Happy Flower"],"max_hp_gain":0,"max_hp_loss":0,"event_name":"Dead Adventurer","floor":8,"gold_loss":0},{"damage_healed":0,"gold_gain":0,"player_choice":"Ignored","damage_taken":0,"max_hp_gain":0,"max_hp_loss":0,"event_name":"NoteForYourself","floor":20,"gold_loss":0}],"is_beta":false,"boss_relics":[{"not_picked":["Busted Crown","energizedSpire:MagnifyingGlass"],"picked":"jessBottle:WaterBottleRelic"}],"items_purged_floors":[21],"is_endless":false,"potions_floor_spawned":[1,2,4,13,16,19],"killed_by":"Slavers","ascension_level":0}}