{"host":"6to0pdz5g3mubtyg","time":1608440797,"event":{"mods":["Act Like it!","Aspiration","BaseMod","BetterRewards","Colored Map","Energized Spire","Hallownest","Highlight Path","Infinite Spire","Jorbs\u0027s Wanderer Trilogy","Minty Spire (QoL Compilation)","Shade Mod","StSLib","The Animator","The Blue Laboratory","The Bug Knight"],"gold_per_floor":[109,109,0,0,0,0,15,45,45],"floor_reached":8,"playtime":719,"items_purged":[],"score":58,"play_id":"7e4a3e4e-81ab-48a7-bf26-7e7789066699","local_time":"20201219220637","is_ascension_mode":true,"campfire_choices":[{"data":"animator:Benimaru","floor":6,"key":"SMITH"}],"circlet_count":0,"master_deck":["animator:Strike_TenSura","animator:Defend_TenSura","animator:Benimaru+1","animator:Shuna","animator:ChlammyZell","animator:Caster+1","Tactician","Choke","Concentrate","Hallownest:curseDreamersLament","animator:Evileye+1"],"relics":["animator:LivingPicture","animator:TheMissingPiece","animator:PurgingStone","Hallownest:TeacherSealRelic","War Paint"],"acts_visited":["Hallownest:Greenpath"],"potions_floor_usage":[],"damage_taken":[{"damage":1,"enemies":"Hallownest:2_MossCreeps","floor":1,"turns":6},{"damage":0,"enemies":"2_ Uuma","floor":7,"turns":2},{"damage":7,"enemies":"Hallownest:eliteVengeflyKing","floor":8,"turns":7}],"seed_played":"-6187663578025030661","potions_obtained":[{"floor":1,"key":"blueLaboratory:AbyssPotion"},{"floor":8,"key":"SkillPotion"}],"is_trial":false,"path_per_floor":["M","?","$","?","?","R","M","E"],"character_chosen":"THE_ANIMATOR","items_purchased":["animator:ChlammyZell","animator:Caster"],"campfire_rested":0,"item_purchase_floors":[3,3],"current_hp_per_floor":[59,53,53,53,53,53,53,46,46],"gold":45,"neow_bonus":"REMOVE_TWO","is_daily":false,"chose_seed":false,"campfire_upgraded":1,"win_rate":0.0,"timestamp":1608440797,"path_taken":["M","?","$","?","?","R","M","E"],"items_purchased_type":["Card","Card"],"build_version":"2020-12-13","purchased_purges":0,"victory":false,"max_hp_per_floor":[60,53,53,53,53,53,53,53,53],"card_choices":[{"not_picked":["animator:Kuribayashi","animator:Bozes"],"picked":"animator:TukaLunaMarceau","floor":1},{"not_picked":["animator:Alexander","animator:ChlammyZell"],"picked":"animator:Evileye","floor":7}],"player_experience":196621,"relics_obtained":[{"floor":8,"key":"War Paint"}],"event_choices":[],"is_beta":false,"boss_relics":[],"items_purged_floors":[],"is_endless":false,"potions_floor_spawned":[1,8],"killed_by":"Hallownest:eliteVengeflyKing","ascension_level":2}}