{"host":"t75twhtg6c476ygg","time":1608475043,"event":{"mods":["AchievementEnabler","BaseMod","Colored Powertips","Minty Spire (QoL Compilation)","Quick Restart","Relic Stats","StSLib","SuperFastMode"],"gold_per_floor":[114,114,114,133,152,152,190,190,215,253,272,310,310,310,310,435,435,454,454,473,214,239,277,277,277,277,59,122,122,160,210,210,353,353,372,422,422,472,102,140,178,216,216,0,40,40,59,112,112,112],"floor_reached":51,"playtime":2285,"items_purged":[],"score":1053,"play_id":"ff3903a3-b4bc-4e01-bf8b-dacce0f9d46e","local_time":"20201220143723","daily_mods":["Specialized","Flight","Terminal"],"is_ascension_mode":false,"campfire_choices":[{"floor":6.0,"key":"REST"},{"floor":13.0,"key":"REST"},{"data":"After Image","floor":15.0,"key":"SMITH"},{"data":"HandOfGreed","floor":24.0,"key":"SMITH"},{"floor":25.0,"key":"REST"},{"data":"Choke","floor":29.0,"key":"PURGE"},{"data":"Strike_G","floor":32.0,"key":"PURGE"},{"data":"Strike_G","floor":49,"key":"PURGE"}],"circlet_count":0,"master_deck":["Strike_G","Strike_G","Strike_G","Defend_G","Defend_G","Defend_G","Defend_G","Defend_G","Survivor","Neutralize","Choke","Choke","After Image+1","Dagger Spray","Bouncing Flask+1","After Image","Bouncing Flask+1","Backflip+1","Outmaneuver+1","Noxious Fumes+1","HandOfGreed+1","Envenom+1","Bouncing Flask+1","Catalyst+1","Die Die Die","Blade Dance+1","Well Laid Plans+1","Infinite Blades+1","Backstab+1"],"relics":["Ring of the Snake","Golden Idol","Ancient Tea Set","Potion Belt","Singing Bowl","Bronze Scales","Toxic Egg 2","Blood Vial","Matryoshka","Calling Bell","Happy Flower","Frozen Egg 2","FossilizedHelix","Mummified Hand","PreservedInsect","Oddly Smooth Stone","Dream Catcher","Peace Pipe","Ornamental Fan","CeramicFish","Tiny Chest","The Specimen","Ginger","Sundial","SlaversCollar","Vajra","Juzu Bracelet","Lee\u0027s Waffle","Strawberry","Toy Ornithopter","White Beast Statue","Du-Vu Doll","Pocketwatch","ClockworkSouvenir","TungstenRod"],"acts_visited":["Exordium","TheCity","TheBeyond"],"potions_floor_usage":[45,48,48,50,50,50],"damage_taken":[{"damage":0.0,"enemies":"Small Slimes","floor":1.0,"turns":4.0},{"damage":1.0,"enemies":"2 Louse","floor":4.0,"turns":2.0},{"damage":0.0,"enemies":"Jaw Worm","floor":5.0,"turns":3.0},{"damage":11.0,"enemies":"Gremlin Nob","floor":7.0,"turns":4.0},{"damage":6.0,"enemies":"3 Sentries","floor":10.0,"turns":8.0},{"damage":5.0,"enemies":"Gremlin Gang","floor":11.0,"turns":4.0},{"damage":7.0,"enemies":"Lagavulin","floor":12.0,"turns":9.0},{"damage":20.0,"enemies":"The Guardian","floor":16.0,"turns":9.0},{"damage":1.0,"enemies":"Spheric Guardian","floor":18.0,"turns":5.0},{"damage":0.0,"enemies":"Shell Parasite","floor":20.0,"turns":4.0},{"damage":2.0,"enemies":"Book of Stabbing","floor":23.0,"turns":4.0},{"damage":0.0,"enemies":"Gremlin Leader","floor":28.0,"turns":3.0},{"damage":0.0,"enemies":"Slavers","floor":30.0,"turns":3.0},{"damage":1.0,"enemies":"Automaton","floor":33.0,"turns":9.0},{"damage":6.0,"enemies":"3 Darklings","floor":35.0,"turns":5.0},{"damage":0.0,"enemies":"Nemesis","floor":40.0,"turns":5.0},{"damage":0.0,"enemies":"Giant Head","floor":41.0,"turns":6.0},{"damage":0.0,"enemies":"Reptomancer","floor":42.0,"turns":3.0},{"damage":5,"enemies":"2 Orb Walkers","floor":45,"turns":3},{"damage":0,"enemies":"Orb Walker","floor":47,"turns":2},{"damage":11,"enemies":"Sphere and 2 Shapes","floor":48,"turns":5},{"damage":2,"enemies":"Time Eater","floor":50,"turns":5}],"seed_played":"4005297234989847306","potions_obtained":[{"floor":1.0,"key":"Energy Potion"},{"floor":5.0,"key":"BlessingOfTheForge"},{"floor":7.0,"key":"Poison Potion"},{"floor":11.0,"key":"EssenceOfSteel"},{"floor":20.0,"key":"DistilledChaos"},{"floor":33.0,"key":"ColorlessPotion"},{"floor":41.0,"key":"LiquidMemories"},{"floor":42.0,"key":"Weak Potion"},{"floor":45,"key":"Strength Potion"},{"floor":47,"key":"AttackPotion"},{"floor":48,"key":"GhostInAJar"}],"is_trial":false,"path_per_floor":["M","?","?","M","M","R","E","?","T","E","M","E","R","T","R","B",null,"M","?","M","$","T","E","R","R","T","$","E","R","E","?","R","B",null,"M","T","?","T","$","E","E","E","T","$","?","$","M","M","R","B",null],"character_chosen":"THE_SILENT","items_purchased":["Outmaneuver+1","Noxious Fumes+1","HandOfGreed","Tiny Chest","Bouncing Flask+1","Lee\u0027s Waffle","Strawberry","Blade Dance+1","Well Laid Plans+1","Infinite Blades+1","ClockworkSouvenir"],"campfire_rested":3,"item_purchase_floors":[21,21,21,27,27,39,39,39,39,44,44],"current_hp_per_floor":[68,51,39,38,38,57,46,46,46,40,37,30,47,47,47,29,54,55,54,53,52,51,49,49,50,49,48,49,48,49,48,47,46,45,41,41,41,41,54,55,56,57,56,55,52,52,56,45,45,52],"gold":112,"neow_bonus":"","is_daily":true,"chose_seed":false,"campfire_upgraded":2,"win_rate":0.0,"timestamp":1608475043,"path_taken":["M","?","?","?","?","R","E","?","T","E","?","E","R","?","R","BOSS","M","?","?","$","?","E","R","R","T","$","E","R","E","?","R","BOSS","M","?","?","?","$","E","E","E","T","$","?","?","M","M","R","BOSS"],"items_purchased_type":["Card","Card","Card","Relic","Card","Relic","Relic","Card","Card","Card","Relic"],"build_version":"2020-12-13","purchased_purges":0,"victory":true,"max_hp_per_floor":[68,67,66,65,64,63,62,61,60,59,60,59,58,57,56,55,54,55,54,53,52,51,50,49,50,49,48,49,48,49,48,47,46,45,46,45,42,41,54,55,56,57,56,55,56,55,56,55,54,53],"relic_stats":{"Lee\u0027s Waffle":7,"Singing Bowl":22,"Happy Flower":[20],"counters":[22,105],"Golden Idol":187,"CeramicFish":63,"PreservedInsect":358,"Juzu Bracelet":0,"Ginger":[5],"Blood Vial":6,"Peace Pipe":3,"Dream Catcher":1,"Mummified Hand":[68],"Ornamental Fan":[80],"Sundial":[2],"Bronze Scales":[265],"Tiny Chest":1,"obtain_stats":[{"Singing Bowl":8,"CeramicFish":26,"Vajra":36,"Juzu Bracelet":38,"Ginger":28,"Ancient Tea Set":3,"ClockworkSouvenir":44,"Blood Vial":12,"Dream Catcher":23,"Matryoshka":14,"Mummified Hand":20,"Sundial":30,"Strawberry":39,"Tiny Chest":27,"Toxic Egg 2":10,"Ring of the Snake":0,"Potion Belt":7,"Lee\u0027s Waffle":39,"Happy Flower":17,"The Specimen":28,"Golden Idol":2,"Oddly Smooth Stone":22,"PreservedInsect":22,"Frozen Egg 2":17,"White Beast Statue":41,"Calling Bell":17,"Peace Pipe":25,"Du-Vu Doll":42,"SlaversCollar":34,"Ornamental Fan":26,"Bronze Scales":9,"FossilizedHelix":17,"Toy Ornithopter":40,"TungstenRod":45,"Pocketwatch":43},{"Singing Bowl":4,"CeramicFish":11,"Vajra":15,"Juzu Bracelet":15,"Ginger":12,"Ancient Tea Set":1,"ClockworkSouvenir":18,"Blood Vial":7,"Dream Catcher":11,"Matryoshka":7,"Mummified Hand":10,"Sundial":13,"Strawberry":15,"Tiny Chest":11,"Toxic Egg 2":5,"Ring of the Snake":0,"Potion Belt":4,"Lee\u0027s Waffle":15,"Happy Flower":8,"The Specimen":12,"Golden Idol":1,"Oddly Smooth Stone":10,"PreservedInsect":10,"Frozen Egg 2":8,"White Beast Statue":17,"Calling Bell":8,"Peace Pipe":11,"Du-Vu Doll":18,"SlaversCollar":14,"Ornamental Fan":11,"Bronze Scales":4,"FossilizedHelix":8,"Toy Ornithopter":16,"TungstenRod":19,"Pocketwatch":18},{"Singing Bowl":13,"CeramicFish":56,"Vajra":76,"Juzu Bracelet":76,"Ginger":59,"Ancient Tea Set":4,"ClockworkSouvenir":90,"Blood Vial":34,"Dream Catcher":56,"Matryoshka":34,"Mummified Hand":48,"Sundial":62,"Strawberry":76,"Tiny Chest":56,"Toxic Egg 2":21,"Ring of the Snake":0,"Potion Belt":13,"Lee\u0027s Waffle":76,"Happy Flower":43,"The Specimen":57,"Golden Idol":4,"Oddly Smooth Stone":52,"PreservedInsect":52,"Frozen Egg 2":43,"White Beast Statue":87,"Calling Bell":43,"Peace Pipe":56,"Du-Vu Doll":90,"SlaversCollar":71,"Ornamental Fan":56,"Bronze Scales":13,"FossilizedHelix":43,"Toy Ornithopter":81,"TungstenRod":93,"Pocketwatch":90}],"Toy Ornithopter":7,"TungstenRod":3,"Ring of the Snake":[44],"Pocketwatch":[0]},"card_choices":[{"not_picked":["Finisher","Dodge and Roll","Setup"],"picked":"SKIP","floor":1.0},{"not_picked":["Expertise","Concentrate","Dodge and Roll"],"picked":"SKIP","floor":4.0},{"not_picked":["Outmaneuver","Bane","Sucker Punch"],"picked":"SKIP","floor":5.0},{"not_picked":["Predator","Backflip"],"picked":"After Image","floor":7.0},{"not_picked":["Acrobatics+1","Riddle With Holes"],"picked":"Dagger Spray","floor":10.0},{"not_picked":["Calculated Gamble+1","Dagger Throw","Prepared+1"],"picked":"Singing Bowl","floor":11.0},{"not_picked":["Quick Slash","Heel Hook"],"picked":"Bouncing Flask+1","floor":12.0},{"not_picked":["Doppelganger+1","Storm of Steel+1"],"picked":"After Image","floor":16.0},{"not_picked":["Bane+1","Prepared+1","Poisoned Stab+1"],"picked":"Singing Bowl","floor":18.0},{"not_picked":["Finisher","Deflect+1"],"picked":"Backflip+1","floor":20.0},{"not_picked":["Well Laid Plans+1","Catalyst+1"],"picked":"Envenom+1","floor":23.0},{"not_picked":["Masterful Stab","Acrobatics+1","Dodge and Roll+1"],"picked":"Singing Bowl","floor":25.0},{"not_picked":["Dash","Expertise+1","Concentrate+1"],"picked":"Singing Bowl","floor":28.0},{"not_picked":["Terror+1","Underhanded Strike","PiercingWail+1"],"picked":"Singing Bowl","floor":30.0},{"not_picked":["Glass Knife","Storm of Steel+1"],"picked":"Die Die Die","floor":33.0},{"not_picked":["Dodge and Roll+1","Deadly Poison+1","Dagger Spray+1"],"picked":"Singing Bowl","floor":35.0},{"not_picked":["Deflect+1","Leg Sweep+1","Well Laid Plans+1"],"picked":"Singing Bowl","floor":40.0},{"not_picked":["Dodge and Roll+1","Prepared+1","Flying Knee+1"],"picked":"Singing Bowl","floor":41.0},{"not_picked":["Dodge and Roll+1","Leg Sweep+1","Cloak And Dagger+1"],"picked":"Singing Bowl","floor":42.0},{"not_picked":["Reflex+1","Underhanded Strike","Acrobatics+1"],"picked":"Singing Bowl","floor":45},{"not_picked":["Die Die Die","Poisoned Stab","Skewer"],"picked":"Singing Bowl","floor":47},{"not_picked":["Poisoned Stab","Prepared+1"],"picked":"Backstab+1","floor":48}],"player_experience":181718,"relics_obtained":[{"floor":7.0,"key":"Potion Belt"},{"floor":9.0,"key":"Bronze Scales"},{"floor":10.0,"key":"Toxic Egg 2"},{"floor":12.0,"key":"Blood Vial"},{"floor":14.0,"key":"Matryoshka"},{"floor":17.0,"key":"Happy Flower"},{"floor":17.0,"key":"Frozen Egg 2"},{"floor":17.0,"key":"FossilizedHelix"},{"floor":22.0,"key":"PreservedInsect"},{"floor":22.0,"key":"Oddly Smooth Stone"},{"floor":23.0,"key":"Dream Catcher"},{"floor":26.0,"key":"Ornamental Fan"},{"floor":26.0,"key":"CeramicFish"},{"floor":28.0,"key":"Ginger"},{"floor":30.0,"key":"Sundial"},{"floor":36.0,"key":"Vajra"},{"floor":38.0,"key":"Juzu Bracelet"},{"floor":40.0,"key":"Toy Ornithopter"},{"floor":41.0,"key":"White Beast Statue"},{"floor":42.0,"key":"Du-Vu Doll"},{"floor":43.0,"key":"Pocketwatch"},{"floor":45,"key":"TungstenRod"}],"event_choices":[{"damage_healed":0.0,"max_hp_gain":0.0,"max_hp_loss":0.0,"gold_gain":0.0,"event_name":"Golden Idol","player_choice":"Take Damage","floor":2.0,"gold_loss":0.0,"damage_taken":17.0,"relics_obtained":["Golden Idol"]},{"damage_healed":0.0,"max_hp_gain":0.0,"max_hp_loss":0.0,"gold_gain":0.0,"event_name":"Scrap Ooze","player_choice":"Success","floor":3.0,"gold_loss":0.0,"damage_taken":12.0,"relics_obtained":["Ancient Tea Set"]},{"cards_removed":["Choke"],"damage_healed":0.0,"max_hp_gain":0.0,"max_hp_loss":0.0,"gold_gain":0.0,"event_name":"WeMeetAgain","player_choice":"Gave Card","floor":8.0,"gold_loss":0.0,"damage_taken":0.0,"relics_obtained":["Singing Bowl"]},{"damage_healed":0.0,"max_hp_gain":0.0,"max_hp_loss":0.0,"gold_gain":0.0,"event_name":"Duplicator","player_choice":"Copied","floor":19.0,"gold_loss":0.0,"damage_taken":0.0,"cards_obtained":["Bouncing Flask"]},{"damage_healed":0.0,"max_hp_gain":0.0,"max_hp_loss":0.0,"gold_gain":100.0,"event_name":"The Joust","player_choice":"Bet on Murderer","floor":31.0,"gold_loss":50.0,"damage_taken":0.0},{"damage_healed":0.0,"max_hp_gain":0.0,"max_hp_loss":2.0,"gold_gain":0.0,"event_name":"Winding Halls","player_choice":"Max HP","floor":37.0,"gold_loss":0.0,"damage_taken":0.0},{"damage_healed":0,"gold_gain":0,"player_choice":"Fight","damage_taken":0,"max_hp_gain":0,"max_hp_loss":0,"event_name":"Mysterious Sphere","floor":45,"gold_loss":0}],"is_beta":false,"boss_relics":[{"not_picked":["Coffee Dripper","Velvet Choker"],"picked":"Calling Bell"},{"not_picked":["Sozu","Busted Crown"],"picked":"SlaversCollar"}],"items_purged_floors":[],"is_endless":false,"potions_floor_spawned":[1,5,7,11,20,33,41,42,45,47,48],"ascension_level":0}}