{"host":"xw61u809yplklae2","time":1608508773,"event":{"mods":["BaseMod","Better Third Choice","Colored Map","Conspire","DeckTracker","Downfall","Hubris","Minty Spire (QoL Compilation)","Replay The Spire","StSLib"],"gold_per_floor":[99,199,216,227,239,239,239,239,267,267,267,286,25,37,50,149,149,149,176,210,236,236,196,196,60,45,45,65,78,95,195,207,311,311,236,250,283,302,334,379,460,480,506,356,46,46,85,100,113,113,113,140,140,140,140],"floor_reached":56,"playtime":5886,"items_purged":["sneckomod:Defend"],"score":1627,"play_id":"f32ca1cb-20b9-447d-ae57-2178d3a24b2a","local_time":"20201220185933","is_ascension_mode":false,"campfire_choices":[{"data":"sneckomod:SnekBite","floor":1.0,"key":"SMITH"},{"data":"sneckomod:QuickMove","floor":6.0,"key":"SMITH"},{"data":"sneckomod:Nope","floor":8.0,"key":"SMITH"},{"data":"sneckomod:SoulDraw","floor":10.0,"key":"SMITH"},{"data":"sneckomod:UnlimitedRolls","floor":18.0,"key":"SMITH"},{"floor":22.0,"key":"REST"},{"floor":27.0,"key":"RECALL"},{"data":"ReplayUltimateDefense","floor":35,"key":"SMITH"},{"data":"sneckomod:UnknownRareSkill","floor":44,"key":"SMITH"},{"data":"sneckomod:UnknownRarePower","floor":44,"key":"SMITH"},{"data":"sneckomod:Unknown3Cost","floor":54,"key":"SMITH"},{"data":"sneckomod:Restock","floor":54,"key":"SMITH"}],"circlet_count":0,"master_deck":["sneckomod:TailWhip","sneckomod:SnekBite+1","sneckomod:Unknown","sneckomod:Unknown","sneckomod:Nope+1","sneckomod:QuickMove+1","sneckomod:SoulDraw+1","sneckomod:UnknownClassGREEN","sneckomod:Restock+1","sneckomod:ImprovisedGuard","sneckomod:QuickBite","sneckomod:UnlimitedRolls+1","sneckomod:SlitherStrike","sneckomod:UnknownBlock+1","sneckomod:SlitherStrike+1","sneckomod:DiceBlock","sneckomod:UnknownRarePower+1","ReplayUltimateDefense+1","expansioncontent:PrepareCrush","ReplayTheSpireMod:Private Reserves","sneckomod:UnknownBlock","sneckomod:UnknownClassSLIMEBOUND","sneckomod:QuickBite+1","sneckomod:WideSting+1","sneckomod:QuickBite+1","sneckomod:Unknown3Cost+1","sneckomod:DiceBlock+1","sneckomod:SnakeSap+1","sneckomod:IronFang+1","sneckomod:Nope+1","sneckomod:ImprovisedGuard+1","sneckomod:UnknownRareSkill+1","sneckomod:UnknownRareAttack+1","sneckomod:UnknownUncommonPower","sneckomod:UnknownRareAttack+1","sneckomod:UnknownClassSLIMEBOUND+1","sneckomod:UnknownRareAttack+1","sneckomod:Unknown3Cost+1","sneckomod:UnknownClassPURPLE"],"relics":["conspire:SlowCooker","Question Card","Smiling Mask","hubris:Icosahedron","hubris:PeanutButter","Runic Pyramid","hubris:DisguiseKit","Red Mask","HornCleat","Replay:PocketPolymizer","ReplayTheSpireMod:ShopPack","Astrolabe","downfall:HeartBlessingRed","hubris:SlimyHat","ReplayTheSpireMod:Lightbulb","Replay:Arrowhead","Golden Egg","downfall:HeartBlessingBlue","downfall:HeartBlessingGreen","BargainBundle","hubris:MysteriousPyramids","Strawberry","sneckomod:ConfusingCodex","hubris:Potato"],"acts_visited":["Exordium","TheCity","TheBeyond","TheEnding"],"potions_floor_usage":[29,30,30,38,55,55,55,55,55],"damage_taken":[{"damage":10.0,"enemies":"Small Slimes","floor":3.0,"turns":3.0},{"damage":6.0,"enemies":"Cultist","floor":4.0,"turns":3.0},{"damage":2.0,"enemies":"2 Louse","floor":5.0,"turns":2.0},{"damage":21.0,"enemies":"3 Sentries","floor":9.0,"turns":9.0},{"damage":7.0,"enemies":"Blue Slaver","floor":12.0,"turns":4.0},{"damage":2.0,"enemies":"downfall:FleeingMerchant","floor":13.0,"turns":7.0},{"damage":4.0,"enemies":"2 Fungi Beasts","floor":14.0,"turns":2.0},{"damage":28.0,"enemies":"Exordium Thugs","floor":15.0,"turns":4.0},{"damage":22.0,"enemies":"downfall:Ironclad","floor":16.0,"turns":12.0},{"damage":12.0,"enemies":"Gremlin Leader","floor":19.0,"turns":5.0},{"damage":72.0,"enemies":"Masked Bandits","floor":20.0,"turns":7.0},{"damage":1.0,"enemies":"Book of Stabbing","floor":21.0,"turns":6.0},{"damage":0.0,"enemies":"3 Byrds","floor":23.0,"turns":6.0},{"damage":0.0,"enemies":"downfall:FleeingMerchant","floor":25.0,"turns":4.0},{"damage":0.0,"enemies":"downfall:FleeingMerchant","floor":26.0,"turns":4.0},{"damage":0.0,"enemies":"Spheric Guardian","floor":28.0,"turns":5.0},{"damage":0,"enemies":"Snecko","floor":29,"turns":6},{"damage":0,"enemies":"Shelled Parasite and Fungi","floor":30,"turns":7},{"damage":0,"enemies":"Chosen and Byrds","floor":32,"turns":4},{"damage":0,"enemies":"downfall:Watcher","floor":33,"turns":7},{"damage":0,"enemies":"3 Shapes","floor":36,"turns":5},{"damage":0,"enemies":"Reptomancer","floor":37,"turns":7},{"damage":0,"enemies":"3 Darklings","floor":38,"turns":5},{"damage":0,"enemies":"Giant Head","floor":39,"turns":8},{"damage":0,"enemies":"2 Orb Walkers","floor":40,"turns":6},{"damage":0,"enemies":"Writhing Mass","floor":42,"turns":6},{"damage":0,"enemies":"Nemesis","floor":43,"turns":5},{"damage":0,"enemies":"downfall:FleeingMerchant","floor":45,"turns":4},{"damage":0,"enemies":"Maw","floor":48,"turns":5},{"damage":0,"enemies":"Spire Growth","floor":49,"turns":2},{"damage":0,"enemies":"downfall:Defect","floor":50,"turns":5},{"damage":0,"enemies":"downfall:CharBossMerchant","floor":52,"turns":6},{"damage":0,"enemies":"downfall:NeowBoss","floor":55,"turns":21}],"seed_played":"-1252909406921679689","potions_obtained":[{"floor":5.0,"key":"Dexterity Potion"},{"floor":12.0,"key":"Block Potion"},{"floor":14.0,"key":"PowerPotion"},{"floor":16.0,"key":"Strength Potion"},{"floor":23.0,"key":"sneckomod:CheatPotion"},{"floor":28.0,"key":"Swift Potion"},{"floor":32,"key":"Block Potion"},{"floor":43,"key":"Toxic Potion"}],"is_trial":false,"path_per_floor":["R_BF","?","M","M","M","R","T","R","E","R","?","M","$","M","M","B",null,"R","E","?","E","R","M","T","$","$","R","M","M","M","?","M","B",null,"R","M","E","M","E","?","T","M","E","R","$","?","?","M","M","B",null,"E","$","R","B",null],"character_chosen":"THE_SNECKO","items_purchased":["hubris:PeanutButter","ReplayTheSpireMod:ShopPack","BargainBundle","hubris:MysteriousPyramids","sneckomod:UnknownRareAttack","Strawberry"],"campfire_rested":1,"item_purchase_floors":[13,25,45,45,45,45],"current_hp_per_floor":[90,90,80,74,72,72,72,72,51,51,51,44,42,86,58,36,90,90,78,6,5,32,32,32,32,32,32,40,40,90,90,90,90,90,90,90,90,90,90,90,90,90,90,100,107,107,81,88,92,92,111,111,111,111,111],"gold":140,"neow_bonus":"BOSS_RELIC","is_daily":false,"chose_seed":false,"campfire_upgraded":10,"win_rate":0.0,"timestamp":1608508773,"path_taken":["R_BF","?","?","?","M","R","T","R","E","R","?","M","$","M","M","BOSS","R","E","?","E","R","M","T","$","$","R","M","M","M","?","M","BOSS","R","M","E","M","E","?","T","M","E","R","$","?","?","M","M","BOSS","E","$","R","BOSS"],"items_purchased_type":["Relic","Relic","Relic","Relic","Card","Relic"],"build_version":"2020-12-13","purchased_purges":1,"victory":true,"max_hp_per_floor":[90,90,90,90,90,90,90,90,90,90,90,90,90,90,90,90,90,90,90,90,90,90,90,90,90,90,90,90,90,90,90,90,90,90,90,90,90,90,90,90,90,90,90,100,107,107,107,107,111,111,111,111,111,111,111],"card_choices":[{"not_picked":["sneckomod:SnekBeam","sneckomod:WideSting"],"picked":"sneckomod:Nope","floor":3.0},{"not_picked":["sneckomod:Nope","sneckomod:TrashToTreasure"],"picked":"sneckomod:QuickMove","floor":4.0},{"not_picked":["sneckomod:Nope","sneckomod:IronFang"],"picked":"sneckomod:Unknown1Cost","floor":5.0},{"not_picked":["sneckomod:UnknownEthereal","sneckomod:Unknown2Cost","sneckomod:UnknownUncommonSkill"],"picked":"sneckomod:SoulDraw","floor":9.0},{"not_picked":["sneckomod:IronFang","sneckomod:UnknownStrike","sneckomod:TrashToTreasure"],"picked":"sneckomod:UnknownClassGREEN","floor":12.0},{"not_picked":["sneckomod:UnknownClassHEXA_GHOST_PURPLE","sneckomod:DefensiveFlair","sneckomod:Unknown0Cost"],"picked":"sneckomod:Restock","floor":13.0},{"not_picked":["sneckomod:SoulRoll","sneckomod:SnekBeam","sneckomod:UnknownStrike"],"picked":"sneckomod:ImprovisedGuard","floor":14.0},{"not_picked":["sneckomod:UnknownBlock","sneckomod:RainOfDice","sneckomod:DiceBoulder"],"picked":"sneckomod:QuickBite","floor":15.0},{"not_picked":["sneckomod:MorePower","sneckomod:SerpentMind","sneckomod:DangerNoodle"],"picked":"sneckomod:UnlimitedRolls","floor":16.0},{"not_picked":["sneckomod:UnknownVulnerable","sneckomod:SoulRoll","sneckomod:IronFang+1"],"picked":"sneckomod:SlitherStrike","floor":19.0},{"not_picked":["sneckomod:UnknownX+1","sneckomod:DiceBlock","sneckomod:SoulRoll","Bane"],"picked":"sneckomod:UnknownBlock+1","floor":20.0},{"not_picked":["sneckomod:QuickBite+1","sneckomod:UnknownCommonSkill","sneckomod:SerpentMind","Endless Agony"],"picked":"sneckomod:SlitherStrike+1","floor":21.0},{"not_picked":["sneckomod:UnknownClassHEXA_GHOST_PURPLE","sneckomod:UnknownClassPURPLE","sneckomod:DiceCrush","Poisoned Stab"],"picked":"sneckomod:DiceBlock","floor":23.0},{"not_picked":["sneckomod:UnknownBlock","sneckomod:Unknown2Cost+1","sneckomod:Nope","Dagger Throw"],"picked":"sneckomod:UnknownRarePower","floor":25.0},{"not_picked":["Secret Weapon","expansioncontent:Corrupt","Panache","expansioncontent:StudyTheSpire"],"picked":"ReplayUltimateDefense","floor":25.0},{"not_picked":["Forethought","expansioncontent:PolyBeam","Magnetism","expansioncontent:Torchfire"],"picked":"expansioncontent:PrepareCrush","floor":25.0},{"not_picked":["conspire:Banana","hubris:Ssssneak","Replay:SS_forest_5","Replay:SS_hec_1"],"picked":"ReplayTheSpireMod:Private Reserves","floor":25.0},{"not_picked":["sneckomod:IronFang","sneckomod:UnknownClassBLUE","sneckomod:UnknownX","Distraction"],"picked":"sneckomod:UnknownBlock","floor":26.0},{"not_picked":["sneckomod:UnknownClassGREEN","sneckomod:UnknownClassHEXA_GHOST_PURPLE+1","sneckomod:Restock","sneckomod:UnknownClassPURPLE","Poisoned Stab"],"picked":"SKIP","floor":28.0},{"not_picked":["sneckomod:MasterEye","sneckomod:UnknownVulnerable+1","sneckomod:UnknownClassTHE_CHAMP_GRAY","All Out Attack"],"picked":"sneckomod:QuickBite+1","floor":29},{"not_picked":["sneckomod:DiceBoulder","sneckomod:UnknownClassTHE_CHAMP_GRAY","sneckomod:UnknownClassBLUE+1","Underhanded Strike"],"picked":"sneckomod:WideSting+1","floor":30},{"not_picked":["sneckomod:ImprovisedGuard","sneckomod:UnknownCommonSkill","sneckomod:UnknownCommonAttack","Cloak And Dagger"],"picked":"sneckomod:QuickBite+1","floor":32},{"not_picked":["sneckomod:UnknownRareAttack","sneckomod:Restock","sneckomod:UnlimitedRolls","ReplayTheSpireMod:From All Sides"],"picked":"sneckomod:Unknown3Cost","floor":33},{"not_picked":["sneckomod:QuickMove","sneckomod:SnakeSap","sneckomod:SlitherStrike+1","sneckomod:DiceCrush","Cloak And Dagger"],"picked":"SKIP","floor":36},{"not_picked":["sneckomod:QuickMove+1","sneckomod:RainOfDice+1","sneckomod:UnknownCommonAttack","hubris:TrickCloak"],"picked":"sneckomod:Nope+1","floor":37},{"not_picked":["sneckomod:UnknownStrike+1","sneckomod:WideSting+1","sneckomod:Nope","Terror"],"picked":"sneckomod:ImprovisedGuard+1","floor":38},{"not_picked":["sneckomod:WideSting","sneckomod:Nope","sneckomod:UnknownUncommonSkill","sneckomod:SoulDraw+1","Accuracy"],"picked":"SKIP","floor":39},{"not_picked":["sneckomod:UnknownCommonSkill+1","sneckomod:UnknownClassGUARDIAN+1","sneckomod:DiceCrush+1","Flechettes"],"picked":"sneckomod:UnknownRareSkill","floor":40},{"not_picked":["sneckomod:UnknownWeak+1","sneckomod:CheapStock+1","sneckomod:UnknownClassGREEN","sneckomod:UnknownExhaust","Prepared"],"picked":"SKIP","floor":42},{"not_picked":["sneckomod:WideSting","sneckomod:Unknown0Cost+1","sneckomod:SnekBeam+1","Sneak Up"],"picked":"sneckomod:UnknownRareAttack","floor":43},{"not_picked":["sneckomod:DiceBlock+1","sneckomod:WideSting+1","sneckomod:UnknownStrike","sneckomod:UnknownCommonSkill+1","Sucker Punch"],"picked":"SKIP","floor":45},{"not_picked":["sneckomod:UnknownBlock+1","sneckomod:QuickMove+1","sneckomod:UnknownCommonSkill","Finisher"],"picked":"sneckomod:UnknownClassSLIMEBOUND+1","floor":47},{"not_picked":["sneckomod:UnknownClassGREEN","sneckomod:IronFang+1","sneckomod:Unknown0Cost","Eviscerate"],"picked":"sneckomod:UnknownRareAttack","floor":48},{"not_picked":["sneckomod:UnknownUncommonPower+1","sneckomod:WideSting+1","sneckomod:QuickBite+1","sneckomod:SerpentIdol","Backflip"],"picked":"SKIP","floor":49},{"not_picked":["sneckomod:UnknownEthereal+1","sneckomod:UnknownClassTHE_CHAMP_GRAY","sneckomod:SerpentIdol+1","hubris:SlightOfHand"],"picked":"sneckomod:Unknown3Cost","floor":52}],"player_experience":876876,"relics_obtained":[{"floor":7.0,"key":"Question Card"},{"floor":9.0,"key":"Smiling Mask"},{"floor":19.0,"key":"hubris:DisguiseKit"},{"floor":20.0,"key":"Red Mask"},{"floor":21.0,"key":"HornCleat"},{"floor":24.0,"key":"Replay:PocketPolymizer"},{"floor":37,"key":"hubris:SlimyHat"},{"floor":39,"key":"ReplayTheSpireMod:Lightbulb"},{"floor":40,"key":"Replay:Arrowhead"},{"floor":43,"key":"Golden Egg"},{"floor":47,"key":"sneckomod:ConfusingCodex"},{"floor":52,"key":"hubris:Potato"}],"event_choices":[{"damage_healed":0.0,"max_hp_gain":0.0,"max_hp_loss":0.0,"gold_gain":0.0,"event_name":"Masked Bandits","player_choice":"Fought Bandits","floor":20.0,"gold_loss":0.0,"damage_taken":0.0},{"damage_healed":0,"gold_gain":0,"player_choice":"Fight","damage_taken":0,"max_hp_gain":0,"max_hp_loss":0,"event_name":"Mysterious Sphere","floor":40,"gold_loss":0}],"is_beta":false,"boss_relics":[{"not_picked":["Calling Bell","hubris:Stopwatch"],"picked":"Runic Pyramid"},{"not_picked":["hubris:VirtuousBlindfold","SlaversCollar"],"picked":"Astrolabe"}],"items_purged_floors":[45],"is_endless":false,"potions_floor_spawned":[5,12,14,16,23,28,29,32,33,37,43,49,52],"ascension_level":0}}