{"host":"nmjik3bzoelmmajy","time":1608468751,"event":{"mods":["BaseMod","Better Third Choice","Colored Map","DeckTracker","Minty Spire (QoL Compilation)","Quick Restart","Say the Spire","StSLib","SuperFastMode"],"gold_per_floor":[111,126,126,143,157,157,186,203,203,221,234,251,251,11,11,85,85,98,108,108,108],"floor_reached":20,"playtime":4836,"items_purged":[],"score":324,"play_id":"3cb246f7-18ac-4d7a-bfca-f291a7d74db4","local_time":"20201220215231","is_ascension_mode":true,"campfire_choices":[{"data":"Dagger Spray","floor":6,"key":"SMITH"},{"floor":15,"key":"REST"}],"circlet_count":0,"master_deck":["AscendersBane","Strike_G","Strike_G","Strike_G","Strike_G","Strike_G","Defend_G","Defend_G","Defend_G","Defend_G","Defend_G","Survivor","Neutralize","Phantasmal Killer","Dagger Spray+1","Noxious Fumes","Decay","Well Laid Plans","Acrobatics","Adrenaline","Footwork","Cloak And Dagger","Storm of Steel","Tools of the Trade","Terror+1"],"relics":["Ring of the Snake","Pocketwatch","Ninja Scroll","Tiny Chest","Bag of Preparation","Cursed Key"],"acts_visited":["Exordium","TheCity"],"potions_floor_usage":[7,7,11,16,18,20],"damage_taken":[{"damage":2,"enemies":"Small Slimes","floor":1,"turns":3},{"damage":7,"enemies":"Cultist","floor":2,"turns":4},{"damage":4,"enemies":"Jaw Worm","floor":4,"turns":5},{"damage":6,"enemies":"2 Fungi Beasts","floor":5,"turns":4},{"damage":22,"enemies":"3 Sentries","floor":7,"turns":7},{"damage":11,"enemies":"Blue Slaver","floor":8,"turns":4},{"damage":0,"enemies":"Exordium Wildlife","floor":10,"turns":3},{"damage":6,"enemies":"Large Slime","floor":11,"turns":5},{"damage":0,"enemies":"2 Fungi Beasts","floor":12,"turns":4},{"damage":16,"enemies":"Hexaghost","floor":16,"turns":10},{"damage":11,"enemies":"Spheric Guardian","floor":18,"turns":5},{"damage":12,"enemies":"Shell Parasite","floor":19,"turns":7},{"damage":29,"enemies":"Centurion and Healer","floor":20,"turns":3}],"seed_played":"6246279736640142029","potions_obtained":[{"floor":1,"key":"Dexterity Potion"},{"floor":2,"key":"DistilledChaos"},{"floor":8,"key":"SneckoOil"},{"floor":10,"key":"Ancient Potion"},{"floor":11,"key":"Poison Potion"},{"floor":16,"key":"GhostInAJar"},{"floor":18,"key":"ColorlessPotion"}],"is_trial":false,"path_per_floor":["M","M","?","M","M","R","E","M","T","M","M","M","?","$","R","B",null,"M","M","M"],"character_chosen":"THE_SILENT","items_purchased":["Bag of Preparation","Storm of Steel"],"campfire_rested":1,"item_purchase_floors":[14,14],"current_hp_per_floor":[57,50,50,46,40,40,18,7,7,7,1,1,1,1,20,4,51,40,28,0,0],"gold":108,"neow_bonus":"ONE_RANDOM_RARE_CARD","is_daily":false,"chose_seed":false,"campfire_upgraded":1,"win_rate":0.0,"timestamp":1608468751,"path_taken":["M","M","?","?","M","R","E","M","T","M","M","M","?","?","R","BOSS","M","M","M"],"items_purchased_type":["Relic","Card"],"build_version":"2020-12-13","purchased_purges":0,"victory":false,"max_hp_per_floor":[66,66,66,66,66,66,66,66,66,66,66,66,66,66,66,66,66,66,66,66,66],"card_choices":[{"not_picked":["Flying Knee","Footwork"],"picked":"Dagger Spray","floor":1},{"not_picked":["Underhanded Strike","Well Laid Plans"],"picked":"Noxious Fumes","floor":2},{"not_picked":["Concentrate","Skewer"],"picked":"Well Laid Plans","floor":4},{"not_picked":["Bane","Dodge and Roll"],"picked":"Acrobatics","floor":5},{"not_picked":["Dash","Acrobatics"],"picked":"Adrenaline","floor":7},{"not_picked":["Sucker Punch","Bane"],"picked":"Footwork","floor":8},{"not_picked":["Unload","Poisoned Stab"],"picked":"Cloak And Dagger","floor":10},{"not_picked":["Dodge and Roll","Setup","Dagger Throw"],"picked":"SKIP","floor":11},{"not_picked":["Dash","Skewer","Deadly Poison"],"picked":"SKIP","floor":12},{"not_picked":["Phantasmal Killer","Wraith Form v2"],"picked":"Tools of the Trade","floor":16},{"not_picked":["Cloak And Dagger+1","Poisoned Stab"],"picked":"Terror+1","floor":18},{"not_picked":["Dagger Spray","Setup","Heel Hook"],"picked":"SKIP","floor":19}],"player_experience":814795,"relics_obtained":[{"floor":7,"key":"Pocketwatch"},{"floor":9,"key":"Ninja Scroll"}],"event_choices":[{"damage_healed":0,"gold_gain":0,"player_choice":"Cursed","damage_taken":0,"max_hp_gain":0,"max_hp_loss":0,"event_name":"Wheel of Change","floor":3,"gold_loss":0,"cards_obtained":["Decay"]},{"damage_healed":0,"gold_gain":0,"player_choice":"Gave Potion","damage_taken":0,"relics_obtained":["Tiny Chest"],"max_hp_gain":0,"max_hp_loss":0,"event_name":"WeMeetAgain","floor":13,"gold_loss":0}],"is_beta":false,"boss_relics":[{"not_picked":["Tiny House","Coffee Dripper"],"picked":"Cursed Key"}],"items_purged_floors":[],"is_endless":false,"potions_floor_spawned":[1,2,8,10,11,16,18],"killed_by":"Centurion and Healer","ascension_level":16}}