{"host":"dth8fvkfiulu86fi","time":1608461863,"event":{"mods":["2.2 Compatiblity","AchievementEnabler","BaseMod","Better Third Choice","Colored Map","Colored Powertips","Minty Spire (QoL Compilation)","Rare Cards Sparkle","StSLib","SuperFastMode","Synergy Search"],"gold_per_floor":[114,114,114,133,152,152,77,77,102,121,21,59,78,78,78,78,78],"floor_reached":16,"playtime":550,"items_purged":["Choke","Choke"],"score":100,"play_id":"c06e1624-3352-4860-8360-cb69f8ba9412","local_time":"20201220115743","daily_mods":["Specialized","Flight","Terminal"],"is_ascension_mode":false,"campfire_choices":[{"floor":6,"key":"REST"},{"data":"Neutralize","floor":15,"key":"SMITH"}],"circlet_count":0,"master_deck":["Strike_G","Strike_G","Strike_G","Strike_G","Strike_G","Defend_G","Defend_G","Defend_G","Defend_G","Defend_G","Survivor","Neutralize+1","Choke","Choke","Deflect","Slice"],"relics":["Ring of the Snake","Golden Idol","Ancient Tea Set","Potion Belt","Bronze Scales","Singing Bowl","Toxic Egg 2"],"acts_visited":["Exordium"],"potions_floor_usage":[12,12],"damage_taken":[{"damage":0,"enemies":"Small Slimes","floor":1,"turns":3},{"damage":0,"enemies":"2 Louse","floor":4,"turns":2},{"damage":0,"enemies":"Jaw Worm","floor":5,"turns":3},{"damage":3,"enemies":"Gremlin Gang","floor":10,"turns":4},{"damage":7,"enemies":"Gremlin Nob","floor":12,"turns":5},{"damage":0,"enemies":"Large Slime","floor":13,"turns":5},{"damage":52,"enemies":"The Guardian","floor":16,"turns":12}],"seed_played":"4005297234989847306","potions_obtained":[{"floor":1,"key":"Energy Potion"},{"floor":5,"key":"BlessingOfTheForge"}],"is_trial":false,"path_per_floor":["M","?","?","M","M","R","$","?","T","M","$","E","M","T","R","B"],"character_chosen":"THE_SILENT","items_purchased":[],"campfire_rested":1,"item_purchase_floors":[],"current_hp_per_floor":[68,51,44,44,44,63,62,61,60,57,57,52,52,52,52,0,0],"gold":78,"neow_bonus":"","is_daily":true,"chose_seed":false,"campfire_upgraded":1,"win_rate":0.0,"timestamp":1608461863,"path_taken":["M","?","?","?","?","R","$","?","T","?","$","E","M","?","R","BOSS"],"items_purchased_type":[],"build_version":"2020-12-13","purchased_purges":2,"victory":false,"max_hp_per_floor":[68,67,66,65,64,63,62,61,60,59,58,59,58,57,56,56,56],"card_choices":[{"not_picked":["Finisher","Dodge and Roll","Setup"],"picked":"SKIP","floor":1},{"not_picked":["Expertise","Concentrate","Dodge and Roll"],"picked":"SKIP","floor":4},{"not_picked":["Outmaneuver","Bane","Sucker Punch"],"picked":"SKIP","floor":5},{"not_picked":["PiercingWail","Flying Knee"],"picked":"Deflect","floor":10},{"not_picked":["Flying Knee","Deadly Poison","Dodge and Roll"],"picked":"Singing Bowl","floor":12},{"not_picked":["Outmaneuver","Skewer"],"picked":"Slice","floor":13}],"player_experience":1113152,"relics_obtained":[{"floor":9,"key":"Bronze Scales"},{"floor":12,"key":"Singing Bowl"},{"floor":14,"key":"Toxic Egg 2"}],"event_choices":[{"damage_healed":0,"gold_gain":0,"player_choice":"Take Damage","damage_taken":17,"relics_obtained":["Golden Idol"],"max_hp_gain":0,"max_hp_loss":0,"event_name":"Golden Idol","floor":2,"gold_loss":0},{"damage_healed":0,"gold_gain":0,"player_choice":"Relic ","damage_taken":7,"max_hp_gain":0,"max_hp_loss":0,"event_name":"betterThird:BetterScrap","floor":3,"gold_loss":0,"cards_obtained":["Scrape"]},{"cards_removed":["Choke"],"damage_healed":0,"gold_gain":0,"player_choice":"Gave Card","damage_taken":0,"relics_obtained":["Potion Belt"],"max_hp_gain":0,"max_hp_loss":0,"event_name":"WeMeetAgain","floor":8,"gold_loss":0}],"is_beta":false,"boss_relics":[],"items_purged_floors":[7,11],"is_endless":false,"potions_floor_spawned":[1,5],"killed_by":"The Guardian","ascension_level":0}}