{"host":"8l1xuphorofpdxlv","time":1608477106,"event":{"mods":["AchievementEnabler","BaseMod","DeckTracker","Minty Spire (QoL Compilation)","Quick Restart","SuperFastMode"],"gold_per_floor":[116,134,84,84,34,34,51,51,105,105,105,125,137,312,312,414,414,426,120,135,146,164,164,164,164,240,240,254,204,29,44,44,145,145,158,169,169,44,54,54,65,65,65],"floor_reached":42,"playtime":1767,"items_purged":["Defend_G","Defend_G","Defend_G"],"score":449,"play_id":"cd10cf85-d15a-4b1f-9a8a-d879b31830cc","local_time":"20201221001146","is_ascension_mode":true,"campfire_choices":[{"data":"Phantasmal Killer","floor":6,"key":"SMITH"},{"data":"Calculated Gamble","floor":15,"key":"SMITH"},{"data":"Blur","floor":23,"key":"SMITH"},{"floor":32,"key":"REST"},{"floor":40,"key":"REST"}],"circlet_count":0,"master_deck":["Defend_G","Defend_G","Survivor","Neutralize","Phantasmal Killer+1","Infinite Blades","Backflip","Blade Dance","PiercingWail","Calculated Gamble+1","PiercingWail","Doubt","Die Die Die","Sucker Punch+1","Storm of Steel+1","Unload+1","Blade Dance","Well Laid Plans","Prepared","Quick Slash","Blur+1","Burst","Poisoned Stab+1","Adrenaline+1","Tactician+1","Finisher"],"relics":["Ring of the Snake","Orichalcum","White Beast Statue","Astrolabe","Omamori","Strawberry","Nilry\u0027s Codex","Ornamental Fan","Sozu"],"acts_visited":["Exordium","TheCity","TheBeyond"],"potions_floor_usage":[12,16,16,27,31,33],"damage_taken":[{"damage":10,"enemies":"Small Slimes","floor":1,"turns":3},{"damage":2,"enemies":"2 Louse","floor":2,"turns":3},{"damage":0,"enemies":"Cultist","floor":7,"turns":3},{"damage":0,"enemies":"Exordium Thugs","floor":12,"turns":4},{"damage":2,"enemies":"2 Fungi Beasts","floor":13,"turns":3},{"damage":40,"enemies":"Hexaghost","floor":16,"turns":15},{"damage":22,"enemies":"Spheric Guardian","floor":18,"turns":4},{"damage":0,"enemies":"3 Byrds","floor":20,"turns":5},{"damage":1,"enemies":"Shelled Parasite and Fungi","floor":21,"turns":3},{"damage":0,"enemies":"Centurion and Healer","floor":22,"turns":5},{"damage":14,"enemies":"Colosseum Slavers","floor":27,"turns":5},{"damage":2,"enemies":"Cultist and Chosen","floor":28,"turns":7},{"damage":5,"enemies":"Snecko","floor":31,"turns":5},{"damage":43,"enemies":"Champ","floor":33,"turns":14},{"damage":15,"enemies":"3 Shapes","floor":35,"turns":4},{"damage":10,"enemies":"3 Darklings","floor":36,"turns":5},{"damage":37,"enemies":"Maw","floor":39,"turns":7},{"damage":0,"enemies":"4 Shapes","floor":41,"turns":6},{"damage":35,"enemies":"Writhing Mass","floor":42,"turns":6}],"seed_played":"-2238163495718308701","potions_obtained":[{"floor":1,"key":"Fire Potion"},{"floor":7,"key":"CunningPotion"},{"floor":12,"key":"Ancient Potion"},{"floor":13,"key":"AttackPotion"},{"floor":16,"key":"EssenceOfSteel"},{"floor":18,"key":"SpeedPotion"},{"floor":20,"key":"CunningPotion"},{"floor":28,"key":"FairyPotion"},{"floor":31,"key":"Strength Potion"},{"floor":33,"key":"GamblersBrew"}],"is_trial":false,"path_per_floor":["M","M","?","?","$","R","M","?","T","?","T","M","M","?","R","B",null,"M","$","M","M","M","R","?","?","T","?","M","?","$","M","R","B",null,"M","M","?","$","M","R","M","M"],"character_chosen":"THE_SILENT","items_purchased":["Blade Dance","Well Laid Plans","Omamori","Burst"],"campfire_rested":2,"item_purchase_floors":[5,19,19,30],"current_hp_per_floor":[53,51,51,51,51,51,51,44,44,49,49,49,47,47,47,7,68,46,46,46,45,45,45,52,36,36,22,20,20,20,15,37,22,75,60,50,50,50,13,35,35,0,0],"gold":65,"neow_bonus":"THREE_RARE_CARDS","is_daily":false,"chose_seed":false,"campfire_upgraded":3,"win_rate":0.0,"timestamp":1608477106,"path_taken":["M","M","?","?","$","R","M","?","T","?","?","M","M","?","R","BOSS","M","$","M","M","M","R","?","?","T","?","M","?","$","M","R","BOSS","M","M","?","?","M","R","M","M"],"items_purchased_type":["Card","Card","Relic","Card"],"build_version":"2020-12-13","purchased_purges":3,"victory":false,"max_hp_per_floor":[63,63,63,63,63,63,63,63,63,68,68,68,68,68,68,68,68,68,68,68,68,68,68,75,75,75,75,75,75,75,75,75,75,75,75,75,75,75,75,75,75,75,75],"card_choices":[{"not_picked":["Venomology","Malaise"],"picked":"Phantasmal Killer","floor":0},{"not_picked":["Prepared","Backstab"],"picked":"Infinite Blades","floor":1},{"not_picked":["Flying Knee","Distraction"],"picked":"Backflip","floor":2},{"not_picked":["Prepared","Deflect"],"picked":"PiercingWail","floor":7},{"not_picked":["Heel Hook","Skewer"],"picked":"Calculated Gamble","floor":12},{"not_picked":["Tactician","Skewer"],"picked":"PiercingWail","floor":13},{"not_picked":["Phantasmal Killer","Corpse Explosion"],"picked":"Die Die Die","floor":16},{"not_picked":["Dodge and Roll","Caltrops"],"picked":"Blade Dance","floor":18},{"not_picked":["Underhanded Strike","Flying Knee"],"picked":"Prepared","floor":20},{"not_picked":["Leg Sweep","Slice"],"picked":"Quick Slash","floor":21},{"not_picked":["Slice","Outmaneuver"],"picked":"Blur","floor":22},{"not_picked":["PiercingWail","Dodge and Roll","Slice"],"picked":"SKIP","floor":28},{"not_picked":["Backflip+1","Blur"],"picked":"Poisoned Stab+1","floor":31},{"not_picked":["Night Terror","Envenom"],"picked":"Adrenaline","floor":33},{"not_picked":["Deflect","Flechettes+1","Quick Slash"],"picked":"SKIP","floor":35},{"not_picked":["Flying Knee","Slice+1"],"picked":"Tactician+1","floor":36},{"not_picked":["Deadly Poison+1","Choke+1"],"picked":"Finisher","floor":39},{"not_picked":["Dagger Spray","Outmaneuver","Underhanded Strike"],"picked":"SKIP","floor":41}],"player_experience":73866,"relics_obtained":[{"floor":9,"key":"Orichalcum"},{"floor":11,"key":"White Beast Statue"},{"floor":25,"key":"Nilry\u0027s Codex"},{"floor":26,"key":"Ornamental Fan"}],"event_choices":[{"cards_removed":["Strike_G"],"damage_healed":0,"gold_gain":0,"player_choice":"Card Removal","damage_taken":0,"max_hp_gain":0,"max_hp_loss":0,"event_name":"The Cleric","floor":3,"gold_loss":50},{"damage_healed":0,"gold_gain":0,"player_choice":"Ignored","damage_taken":0,"max_hp_gain":0,"max_hp_loss":0,"event_name":"Shining Light","floor":4,"gold_loss":0},{"cards_removed":["Strike_G"],"damage_healed":0,"gold_gain":0,"player_choice":"Card Removal","damage_taken":7,"max_hp_gain":0,"max_hp_loss":0,"event_name":"Golden Wing","floor":8,"gold_loss":0},{"damage_healed":0,"gold_gain":0,"player_choice":"Donut","damage_taken":0,"max_hp_gain":5,"max_hp_loss":0,"event_name":"Big Fish","floor":10,"gold_loss":0},{"damage_healed":0,"gold_gain":175,"player_choice":"AGREE","damage_taken":0,"max_hp_gain":0,"max_hp_loss":0,"event_name":"Liars Game","floor":14,"gold_loss":0,"cards_obtained":["Doubt"]},{"damage_healed":0,"gold_gain":0,"player_choice":"Stole Relic","damage_taken":0,"relics_obtained":["Strawberry"],"max_hp_gain":0,"max_hp_loss":0,"event_name":"Addict","floor":24,"gold_loss":0,"cards_obtained":["Shame"]},{"damage_healed":0,"gold_gain":0,"player_choice":"Obtained Book","damage_taken":16,"max_hp_gain":0,"max_hp_loss":0,"event_name":"Cursed Tome","floor":25,"gold_loss":0},{"damage_healed":0,"gold_gain":0,"player_choice":"Fight","damage_taken":0,"max_hp_gain":0,"max_hp_loss":0,"event_name":"Colosseum","floor":27,"gold_loss":0},{"damage_healed":0,"gold_gain":0,"player_choice":"Fled From Nobs","damage_taken":0,"max_hp_gain":0,"max_hp_loss":0,"event_name":"Colosseum","floor":27,"gold_loss":0},{"damage_healed":0,"gold_gain":0,"player_choice":"Bet on Owner","damage_taken":0,"max_hp_gain":0,"max_hp_loss":0,"event_name":"The Joust","floor":29,"gold_loss":50},{"damage_healed":0,"gold_gain":0,"player_choice":"Upgraded","damage_taken":0,"max_hp_gain":0,"max_hp_loss":0,"event_name":"Upgrade Shrine","floor":37,"gold_loss":0,"cards_upgraded":["Adrenaline"]}],"is_beta":false,"boss_relics":[{"not_picked":["HoveringKite","Tiny House"],"picked":"Astrolabe"},{"not_picked":["SlaversCollar","SacredBark"],"picked":"Sozu"}],"items_purged_floors":[19,30,38],"is_endless":false,"potions_floor_spawned":[1,7,12,13,16,18,20,21,22,27,28,31,33,35,36,39,41],"killed_by":"Writhing Mass","ascension_level":3}}