{"host":"nwjx7hbomubpmo86","time":1608495758,"event":{"mods":["AchievementEnabler","BaseMod","Better Note","Better Third Choice","Downfall","Hubris","Minty Spire (QoL Compilation)","Replay The Spire","Shade Mod","StSLib","The Necromancer","slay the spire mod where everything is the same but ironclad has a cowboy hat"],"gold_per_floor":[115,115,134,26,38,70,70,98,168,168,168,178,206,225,225,225,225],"floor_reached":16,"playtime":695,"items_purged":[],"score":228,"play_id":"cf861e82-83b2-4536-bbda-8a399cf4b2c5","local_time":"20201220212238","is_ascension_mode":true,"campfire_choices":[{"data":"ReplayTheSpireMod:Stacked","floor":7,"key":"SMITH"},{"data":"Feed","floor":10,"key":"SMITH"},{"data":"Uppercut","floor":15,"key":"SMITH"}],"circlet_count":0,"master_deck":["AscendersBane","Strike_R","Strike_R","Strike_R","Strike_R","Defend_R","Defend_R","Defend_R","Defend_R","Bash+1","ReplayTheSpireMod:Stacked+1","Hemokinesis","Metallicize+1","Pummel","Shrug It Off","Uppercut+1","Clothesline","Feed+1","Sword Boomerang","Defy Death","Sentinel"],"relics":["Burning Blood","Bottled Lightning","Durian","Replay:Bottled Steam","Oddly Smooth Stone"],"acts_visited":["Exordium"],"potions_floor_usage":[6,8,16,16],"damage_taken":[{"damage":3,"enemies":"2 Louse","floor":1,"turns":5},{"damage":8,"enemies":"Cultist","floor":3,"turns":3},{"damage":9,"enemies":"Jaw Worm","floor":5,"turns":6},{"damage":26,"enemies":"3 Sentries","floor":6,"turns":10},{"damage":31,"enemies":"Lagavulin","floor":8,"turns":4},{"damage":9,"enemies":"Gremlin Gang","floor":12,"turns":6},{"damage":24,"enemies":"3 Sentries","floor":13,"turns":10},{"damage":0,"enemies":"Red Slaver","floor":14,"turns":4},{"damage":38,"enemies":"Hexaghost","floor":16,"turns":14}],"seed_played":"-5811846431029822387","potions_obtained":[{"floor":3,"key":"Regen Potion"},{"floor":6,"key":"Energy Potion"},{"floor":13,"key":"Explosive Potion"},{"floor":14,"key":"AttackPotion"}],"is_trial":false,"path_per_floor":["M","?","M","$","M","E","R","E","T","R","?","M","E","M","R","B"],"character_chosen":"IRONCLAD","items_purchased":["Pummel","Shrug It Off"],"campfire_rested":0,"item_purchase_floors":[4,4],"current_hp_per_floor":[71,71,69,69,66,61,61,41,41,41,41,42,28,38,38,0,0],"gold":225,"neow_bonus":"RANDOM_EVENT","is_daily":false,"chose_seed":false,"campfire_upgraded":3,"win_rate":0.0,"timestamp":1608495758,"path_taken":["M","?","M","$","?","E","R","E","T","R","?","M","E","?","R","BOSS"],"items_purchased_type":["Card","Card"],"build_version":"2020-12-13","purchased_purges":0,"victory":false,"max_hp_per_floor":[75,75,75,75,75,75,75,80,80,80,80,84,88,92,92,92,92],"card_choices":[{"not_picked":["Armaments","True Grit"],"picked":"ReplayTheSpireMod:Stacked","floor":1},{"not_picked":["hubris:CleavingFinish","Battle Trance"],"picked":"Metallicize","floor":3},{"not_picked":["ReplayTheSpireMod:LeadingStrike","Sever Soul"],"picked":"Uppercut","floor":5},{"not_picked":["Thunderclap","Rupture"],"picked":"Clothesline","floor":6},{"not_picked":["Uppercut","hubris:SharpeningStone"],"picked":"Feed","floor":8},{"not_picked":["Flex","hubris:ReadiedAction"],"picked":"Sword Boomerang","floor":12},{"not_picked":["Wild Strike","Blood for Blood"],"picked":"Defy Death","floor":13},{"not_picked":["Heavy Blade","Sword Boomerang"],"picked":"Sentinel","floor":14}],"player_experience":587321,"relics_obtained":[{"floor":6,"key":"Bottled Lightning"},{"floor":8,"key":"Durian"},{"floor":9,"key":"Replay:Bottled Steam"},{"floor":13,"key":"Oddly Smooth Stone"}],"event_choices":[{"damage_healed":0,"gold_gain":0,"player_choice":"Grow","damage_taken":0,"max_hp_gain":0,"max_hp_loss":0,"event_name":"Living Wall","floor":0,"gold_loss":0,"cards_upgraded":["Bash"]},{"damage_healed":0,"gold_gain":0,"cards_transformed":["Strike_R"],"player_choice":"Transformed","damage_taken":0,"max_hp_gain":0,"max_hp_loss":0,"event_name":"Transmorgrifier","floor":2,"gold_loss":0,"cards_obtained":["Hemokinesis"]},{"damage_healed":0,"gold_gain":0,"player_choice":"Upgraded","damage_taken":0,"max_hp_gain":0,"max_hp_loss":0,"event_name":"Upgrade Shrine","floor":11,"gold_loss":0,"cards_upgraded":["Metallicize"]}],"is_beta":false,"boss_relics":[],"items_purged_floors":[],"is_endless":false,"potions_floor_spawned":[3,6,13,14],"killed_by":"Hexaghost","ascension_level":18}}