{"host":"m6aaltr68g9tvoay","time":1608425638,"event":{"mods":["AchievementEnabler","BaseMod","Colored Map","Minty Spire (QoL Compilation)","StSLib"],"gold_per_floor":[115,115,115,135,145,145,180,195,195,195,211,241,21,32,32,32,32],"floor_reached":16,"playtime":523,"items_purged":[],"score":199,"play_id":"acf34a67-6b07-4d79-923c-b3422af1fdb2","local_time":"20201219165358","is_ascension_mode":true,"campfire_choices":[{"floor":6,"key":"REST"},{"floor":10,"key":"REST"},{"data":"Backflip","floor":15,"key":"SMITH"}],"circlet_count":0,"master_deck":["AscendersBane","Strike_G","Strike_G","Strike_G","Strike_G","Defend_G","Defend_G","Defend_G","Defend_G","Defend_G","Survivor","Neutralize","Discovery","Terror","Dagger Spray","Backflip","Die Die Die","Backstab","Caltrops","Backflip+1"],"relics":["Ring of the Snake","The Courier","Mummified Hand","Juzu Bracelet"],"acts_visited":["Exordium"],"potions_floor_usage":[5,7,13,16],"damage_taken":[{"damage":11,"enemies":"Jaw Worm","floor":1,"turns":5},{"damage":6,"enemies":"2 Louse","floor":4,"turns":4},{"damage":1,"enemies":"Cultist","floor":5,"turns":3},{"damage":37,"enemies":"3 Sentries","floor":7,"turns":12},{"damage":0,"enemies":"3 Louse","floor":8,"turns":1},{"damage":0,"enemies":"2 Fungi Beasts","floor":11,"turns":3},{"damage":1,"enemies":"Looter","floor":14,"turns":4},{"damage":26,"enemies":"Hexaghost","floor":16,"turns":9}],"seed_played":"8530680310684607321","potions_obtained":[{"floor":1,"key":"Poison Potion"},{"floor":4,"key":"SpeedPotion"},{"floor":14,"key":"PowerPotion"}],"is_trial":false,"path_per_floor":["M","?","?","M","M","R","E","M","T","R","M","?","$","M","R","B"],"character_chosen":"THE_SILENT","items_purchased":["Juzu Bracelet","Fruit Juice"],"campfire_rested":2,"item_purchase_floors":[13,13],"current_hp_per_floor":[48,53,46,40,39,60,23,23,23,44,44,44,49,48,48,22,22],"gold":32,"neow_bonus":"RANDOM_COLORLESS","is_daily":false,"chose_seed":false,"campfire_upgraded":1,"win_rate":0.0,"timestamp":1608425638,"path_taken":["M","?","?","M","M","R","E","M","T","R","M","?","$","M","R","BOSS"],"items_purchased_type":["Relic","Potion"],"build_version":"2020-12-13","purchased_purges":0,"victory":false,"max_hp_per_floor":[66,71,71,71,71,71,71,71,71,71,71,71,76,76,76,76,76],"card_choices":[{"not_picked":["Madness","Panacea"],"picked":"Discovery","floor":0},{"not_picked":["Backflip","Sucker Punch"],"picked":"Terror","floor":1},{"not_picked":["Finisher","Underhanded Strike"],"picked":"Dagger Spray","floor":4},{"not_picked":["Deadly Poison","Outmaneuver"],"picked":"Backflip","floor":5},{"not_picked":["Finisher","Dodge and Roll"],"picked":"Die Die Die","floor":7},{"not_picked":["Poisoned Stab","Tactician"],"picked":"Backstab","floor":8},{"not_picked":["Choke","Backflip"],"picked":"Caltrops","floor":11},{"not_picked":["Heel Hook","Predator"],"picked":"Backflip","floor":14}],"player_experience":1265492,"relics_obtained":[{"floor":7,"key":"The Courier"},{"floor":9,"key":"Mummified Hand"}],"event_choices":[{"damage_healed":0,"gold_gain":0,"player_choice":"Donut","damage_taken":0,"max_hp_gain":5,"max_hp_loss":0,"event_name":"Big Fish","floor":2,"gold_loss":0},{"cards_removed":["Strike_G"],"damage_healed":0,"gold_gain":0,"player_choice":"Card Removal","damage_taken":7,"max_hp_gain":0,"max_hp_loss":0,"event_name":"Golden Wing","floor":3,"gold_loss":0},{"damage_healed":0,"gold_gain":30,"player_choice":"Searched \u00272\u0027 times","damage_taken":0,"max_hp_gain":0,"max_hp_loss":0,"event_name":"Dead Adventurer","floor":12,"gold_loss":0}],"is_beta":false,"boss_relics":[],"items_purged_floors":[],"is_endless":false,"potions_floor_spawned":[1,4,14],"killed_by":"Hexaghost","ascension_level":19}}