{"host":"4qt77pm52ljaz00q","time":1608472259,"event":{"mods":["2.2 Compatiblity","Aspiration","Bard","BaseMod","Beaked The Cultist","Challenge The Spire","ChefMod","Colored Map","Conspire","Friendly Minions","Glutton Mod","Halation","Hermit","Hubris","Infinite Spire","Jedi Mod","Marisa????????","Minty Spire (QoL Compilation)","Permanent Neow","Relic Sorter","Replay The Spire","Robot Space Explorer","Shade Mod","Shop Mod","StSLib","The Bug Knight","The Construct","The Cursed","The Disciple","The Dragon Tamer","The Jungle","The Mystic","The Poker Player","The Runesmith","The Servant 0.9.4","Unknown Chances","Wandering Minibosses","vexMod"],"gold_per_floor":[122,134,146,173,2,35,35,52,76,93,121,121,121,157,157,286,286,300,480,503,63,338,352,387,410,437,475,475,475,525,603,603,769,769,829,829,882,949,528,558,568,568,568,599,599,599,616,636,636,636,636,636,253,278,278],"floor_reached":56,"playtime":2645,"items_purged":["TheCursedMod:Strike_TheCursed"],"score":1662,"play_id":"f583a950-0a24-4655-8f8e-f71b07352ba2","local_time":"20201220085059","is_ascension_mode":true,"campfire_choices":[{"data":"TheCursedMod:CircleOfFlame","floor":7,"key":"SMITH"},{"data":"infinitespire:Gouge","floor":12,"key":"SMITH"},{"data":"TheCursedMod:ManaBullet","floor":15,"key":"SMITH"},{"data":"TheCursedMod:HellfireBreathing","floor":29,"key":"SMITH"},{"data":"TheCursedMod:Hemoplague","floor":32,"key":"SMITH"},{"floor":42,"key":"RECALL"},{"floor":49,"key":"REST"},{"data":"TheCursedMod:Hemoplague","floor":52,"key":"SMITH"}],"circlet_count":0,"master_deck":["TheCursedMod:Strike_TheCursed","TheCursedMod:Strike_TheCursed","TheCursedMod:Strike_TheCursed","TheCursedMod:Defend_TheCursed","TheCursedMod:Defend_TheCursed","TheCursedMod:Defend_TheCursed","TheCursedMod:Defend_TheCursed","TheCursedMod:CursedWand+1","TheCursedMod:CleanUpWorkshop","TheCursedMod:Dregs","TheCursedMod:RavingStaff","CommonCold","conspire:NecroticWound","infinitespire:Gouge+1","TheCursedMod:HellfireBreathing+1","TheCursedMod:RavingStaff","TheCursedMod:CircleOfFlame+1","TheCursedMod:SurpriseAttack","TheCursedMod:Hemoplague+1","TheCursedMod:CursedBlade","Injury","TheCursedMod:ManaBullet+1","TheCursedMod:ShockAndAwe+1","CurseOfTheBell","TheCursedMod:SpitefulStrike","TheCursedMod:StingEye+1","TheCursedMod:CursedBlade+1","Regret","TheCursedMod:CircleOfBlood+1","TheCursedMod:DemonSword+1","TheCursedMod:ManaBullet+1","TheCursedMod:TroublousMinions","TheCursedMod:CursedSpellbook","TheCursedMod:RavingStaff+1","TheCursedMod:CircleOfAbyss+1","TheCursedMod:Hemoplague+1","TheCursedMod:TacticalStrike+1","TheCursedMod:VoidForm+1","TheCursedMod:SpreadPlague+1","TheCursedMod:Stigma+1","Pot Of Greed","Pot Of Greed","Pot Of Greed","Pot Of Greed","TheCursedMod:SurpriseAttack+1","TheCursedMod:Hemoplague+1","TheCursedMod:LuckyCharm","TheCursedMod:AbyssShockwave+1","TheCursedMod:CircleOfAbyss+1","TheCursedMod:CursedRelics+1","TheCursedMod:CursedRelics+1","Pot Of Greed+1","TheCursedMod:ReleasedStrength+1","TheCursedMod:Torture+1","hubris:EnhanceAbility+1","TheCursedMod:RapidMovement+1"],"relics":["TheCursedMod:BlackMagic101","MawBank","halation:KoshaPiece","ReplayTheSpireMod:TigerMarble","Simple Rune","Bloody Idol","vexMod:Dragonfruit","Calling Bell","Bag of Marbles","Golden Egg","halation:BlackBeret","Bottled Flame","halation:Jellyphish","Replay:Ringing Soul","War Paint","Bronze Scales","Black Star","MerchantsRug","Membership Card","conspire:Dentures","Grinning Jar","Smiling Mask","infinitespire:PuzzleCube","Mercury Hourglass","TheCursedMod:SoulVessel","hubris:Potato","hubris:Backtick","Bottled Tornado","Whetstone","jedi:heavyjacket","jedi:bottledfury"],"acts_visited":["Exordium","TheCity","TheBeyond","TheEnding"],"potions_floor_usage":[11,14,16,36,44,50,55,55,55],"damage_taken":[{"damage":0,"enemies":"2 Louse","floor":1,"turns":2},{"damage":3,"enemies":"Small Slimes","floor":4,"turns":3},{"damage":14,"enemies":"Gremlin Nob","floor":6,"turns":4},{"damage":0,"enemies":"Cultist","floor":8,"turns":2},{"damage":0,"enemies":"Looter","floor":10,"turns":1},{"damage":16,"enemies":"Replay:BlueRogue","floor":11,"turns":4},{"damage":15,"enemies":"Lagavulin","floor":14,"turns":5},{"damage":13,"enemies":"The Guardian","floor":16,"turns":7},{"damage":2,"enemies":"2 Thieves","floor":18,"turns":2},{"damage":4,"enemies":"Chosen","floor":20,"turns":2},{"damage":15,"enemies":"conspire:HollyBat","floor":23,"turns":7},{"damage":2,"enemies":"conspire:SneckoGhost","floor":24,"turns":3},{"damage":17,"enemies":"Centurion and Healer","floor":25,"turns":2},{"damage":15,"enemies":"Replay:Snechameleon","floor":27,"turns":3},{"damage":0,"enemies":"Snecko","floor":30,"turns":2},{"damage":0,"enemies":"conspire:SneckoGhost","floor":31,"turns":3},{"damage":0,"enemies":"Automaton","floor":33,"turns":6},{"damage":0,"enemies":"3 Darklings","floor":35,"turns":3},{"damage":0,"enemies":"Orb Walker","floor":37,"turns":3},{"damage":16,"enemies":"Maw","floor":38,"turns":7},{"damage":34,"enemies":"Reptomancer","floor":40,"turns":5},{"damage":0,"enemies":"Sphere and 2 Shapes","floor":41,"turns":2},{"damage":40,"enemies":"HollowMod:StalkingDevout","floor":44,"turns":5},{"damage":0,"enemies":"Transient","floor":47,"turns":5},{"damage":33,"enemies":"3 Darklings","floor":48,"turns":3},{"damage":45,"enemies":"hubris:GrandSnecko","floor":50,"turns":8},{"damage":45,"enemies":"Shield and Spear","floor":54,"turns":4},{"damage":35,"enemies":"The Heart","floor":55,"turns":5}],"seed_played":"1870361773851174706","potions_obtained":[{"floor":6,"key":"SkillPotion"},{"floor":10,"key":"BlessingOfTheForge"},{"floor":14,"key":"Block Potion"},{"floor":20,"key":"Strength Potion"},{"floor":27,"key":"Weak Potion"},{"floor":30,"key":"jedi:mysterypotion"},{"floor":44,"key":"Dexterity Potion"},{"floor":54,"key":"Reflective Coating"}],"is_trial":false,"path_per_floor":["M","?","?","M","$","E","R","M","T","M","E","R","?","E","R","B",null,"M","?","M","$","?","M","E","M","T","E","?","R","M","E","R","B",null,"M","?","M","M","$","E","M","R","T","E","$","M","M","M","R","B",null,"R","$","E","B",null],"character_chosen":"THE_CURSED","items_purchased":["TheCursedMod:HellfireBreathing","TheCursedMod:RavingStaff","TheCursedMod:CircleOfFlame","Bottled Flame","halation:Jellyphish","TheCursedMod:CursedBlade","MerchantsRug","Membership Card","TheCursedMod:SpreadPlague","conspire:Dentures","TheCursedMod:Stigma","TheCursedMod:SoulVessel","hubris:Potato","TheCursedMod:CursedRelics","TheCursedMod:ReleasedStrength","Whetstone","TheCursedMod:Torture","hubris:EnhanceAbility","AttackPotion","jedi:StrikingPotion"],"campfire_rested":1,"item_purchase_floors":[5,5,5,21,21,21,39,39,39,39,39,45,45,53,53,53,53,53,53,53],"current_hp_per_floor":[75,75,75,72,72,58,58,58,58,58,42,42,42,32,32,19,80,78,46,42,42,42,27,52,38,38,41,41,41,92,95,95,98,98,101,101,104,96,104,86,96,96,96,80,40,40,50,25,63,19,127,127,130,95,60],"gold":278,"neow_bonus":"RANDOM_COMMON_RELIC","is_daily":false,"chose_seed":false,"campfire_upgraded":6,"win_rate":0.0,"timestamp":1608472259,"path_taken":["M","?","?","M","$","E","R","M","T","M","E","R","?","E","R","BOSS","M","?","?","$","?","M","E","?","T","E","?","R","M","E","R","BOSS","M","?","?","M","$","E","M","R","T","E","?","?","?","M","R","BOSS","R","$","E","BOSS"],"items_purchased_type":["Card","Card","Card","Relic","Relic","Card","Relic","Relic","Card","Relic","Card","Relic","Relic","Card","Card","Relic","Card","Card","Potion","Potion"],"build_version":"2020-12-13","purchased_purges":1,"victory":true,"max_hp_per_floor":[75,75,75,75,75,75,75,75,75,75,75,75,75,80,80,80,80,80,80,80,80,80,80,83,86,86,89,89,89,92,95,95,98,98,101,101,104,107,110,113,118,118,118,121,121,121,124,127,127,127,127,127,130,133,99],"card_choices":[{"not_picked":["TheCursedMod:WearCloak","TheCursedMod:FuryStrike"],"picked":"TheCursedMod:RavingStaff","floor":1},{"not_picked":["infinitespire:TheBestDefense","infinitespire:Oblivion"],"picked":"infinitespire:Gouge","floor":3},{"not_picked":["TheCursedMod:Obscuration","TheCursedMod:CircleOfWindfury","TheCursedMod:Stigma"],"picked":"SKIP","floor":4},{"not_picked":["TheCursedMod:Obscuration","TheCursedMod:CursedShiv"],"picked":"TheCursedMod:SurpriseAttack","floor":6},{"not_picked":["TheCursedMod:BloodBarrier","TheCursedMod:DemonicPact"],"picked":"TheCursedMod:Hemoplague","floor":8},{"not_picked":["TheCursedMod:Stigma","TheCursedMod:AshesToAshes"],"picked":"TheCursedMod:CursedBlade","floor":10},{"not_picked":["TheCursedMod:CursedMace","TheCursedMod:Grudge","TheCursedMod:RavingStaff"],"picked":"SKIP","floor":11},{"not_picked":["TheCursedMod:Mangle","TheCursedMod:SaltUponWound"],"picked":"TheCursedMod:ManaBullet","floor":14},{"not_picked":["TheCursedMod:NeowsMight","TheCursedMod:StunningStrike"],"picked":"TheCursedMod:ShockAndAwe","floor":16},{"not_picked":["TheCursedMod:Torture","TheCursedMod:CursedSpellbook"],"picked":"TheCursedMod:SpitefulStrike","floor":18},{"not_picked":["TheCursedMod:SmokeScreen","TheCursedMod:Stretching+1"],"picked":"TheCursedMod:StingEye+1","floor":20},{"not_picked":["TheCursedMod:Stigma","TheCursedMod:EmpowerCircles"],"picked":"TheCursedMod:CircleOfBlood+1","floor":23},{"not_picked":["TheCursedMod:SpitefulPray","TheCursedMod:PrepareRite"],"picked":"TheCursedMod:DemonSword","floor":24},{"not_picked":["TheCursedMod:RavingStaff","TheCursedMod:SmokeScreen"],"picked":"TheCursedMod:ManaBullet+1","floor":25},{"not_picked":["TheCursedMod:EmpowerCircles","TheCursedMod:CircleOfWindfury"],"picked":"TheCursedMod:TroublousMinions","floor":27},{"not_picked":["TheCursedMod:Stretching","TheCursedMod:WearCloak"],"picked":"TheCursedMod:CursedSpellbook","floor":30},{"not_picked":["TheCursedMod:CursedAmulet","TheCursedMod:Wield+1"],"picked":"TheCursedMod:RavingStaff+1","floor":31},{"not_picked":["TheCursedMod:UltimatePain","TheCursedMod:DarkBarrier"],"picked":"TheCursedMod:CircleOfAbyss","floor":33},{"not_picked":["TheCursedMod:PrepareRite+1","TheCursedMod:CursedBlade+1"],"picked":"TheCursedMod:Hemoplague","floor":35},{"not_picked":["TheCursedMod:CursedAmulet","TheCursedMod:Stretching+1"],"picked":"TheCursedMod:TacticalStrike+1","floor":37},{"not_picked":["TheCursedMod:CursedShiv","TheCursedMod:RapidMovement","TheCursedMod:TacticalStrike"],"picked":"SKIP","floor":38},{"not_picked":["TheCursedMod:ForbiddenAlchemy","TheCursedMod:SpitefulStrike"],"picked":"TheCursedMod:SurpriseAttack+1","floor":40},{"not_picked":["TheCursedMod:CircleOfBlood","TheCursedMod:ReleasedKnowledge"],"picked":"TheCursedMod:Hemoplague+1","floor":41},{"not_picked":["TheCursedMod:RavingStaff","TheCursedMod:TacticalStrike"],"picked":"TheCursedMod:LuckyCharm","floor":44},{"not_picked":["TheCursedMod:CursedMace+1","TheCursedMod:SmokeScreen"],"picked":"TheCursedMod:AbyssShockwave+1","floor":47},{"not_picked":["TheCursedMod:TacticalStrike+1","TheCursedMod:AbyssShockwave"],"picked":"TheCursedMod:CircleOfAbyss","floor":48},{"not_picked":["TheCursedMod:FleshFromBone","TheCursedMod:Stretching"],"picked":"TheCursedMod:RapidMovement+1","floor":54}],"player_experience":207327,"relics_obtained":[{"floor":6,"key":"halation:KoshaPiece"},{"floor":9,"key":"ReplayTheSpireMod:TigerMarble"},{"floor":11,"key":"Simple Rune"},{"floor":14,"key":"vexMod:Dragonfruit"},{"floor":17,"key":"Bag of Marbles"},{"floor":17,"key":"Golden Egg"},{"floor":17,"key":"halation:BlackBeret"},{"floor":24,"key":"Replay:Ringing Soul"},{"floor":26,"key":"War Paint"},{"floor":27,"key":"Replay:Bandana"},{"floor":31,"key":"Bronze Scales"},{"floor":40,"key":"Grinning Jar"},{"floor":40,"key":"Smiling Mask"},{"floor":44,"key":"infinitespire:PuzzleCube"},{"floor":44,"key":"Mercury Hourglass"},{"floor":54,"key":"jedi:heavyjacket"},{"floor":54,"key":"jedi:bottledfury"}],"event_choices":[{"damage_healed":0,"gold_gain":0,"player_choice":"Disagree","damage_taken":0,"max_hp_gain":0,"max_hp_loss":0,"event_name":"conspire:LoneGhost","floor":2,"gold_loss":0},{"damage_healed":0,"gold_gain":0,"player_choice":"Take Wound","damage_taken":0,"relics_obtained":["Golden Idol"],"max_hp_gain":0,"max_hp_loss":0,"event_name":"Golden Idol","floor":13,"gold_loss":0,"cards_obtained":["Injury"]},{"damage_healed":0,"gold_gain":180,"player_choice":"GOLD GOLD POTION POTION ","damage_taken":32,"max_hp_gain":0,"max_hp_loss":0,"event_name":"Knowing Skull","floor":19,"potions_obtained":["conspire:TimeTravelPotion","SkillPotion"],"gold_loss":0,"cards_obtained":[]},{"damage_healed":0,"gold_gain":275,"player_choice":"Desecrate","damage_taken":0,"max_hp_gain":0,"max_hp_loss":0,"event_name":"Golden Shrine","floor":22,"gold_loss":0,"cards_obtained":["Regret"]},{"damage_healed":0,"gold_gain":0,"player_choice":"Gave Idol","damage_taken":0,"relics_obtained":["Bloody Idol"],"max_hp_gain":0,"max_hp_loss":0,"event_name":"Forgotten Altar","floor":28,"relics_lost":["Golden Idol"],"gold_loss":0},{"damage_healed":0,"gold_gain":0,"player_choice":"Ignored","damage_taken":0,"max_hp_gain":0,"max_hp_loss":0,"event_name":"Fountain of Cleansing","floor":36,"gold_loss":0}],"is_beta":false,"boss_relics":[{"not_picked":["halation:MonkeysPaw","Snecko Eye"],"picked":"Calling Bell"},{"not_picked":["aspiration:SecretTechniqueScroll","jedi:paperlyon"],"picked":"Black Star"}],"items_purged_floors":[53],"is_endless":false,"potions_floor_spawned":[6,10,14,20,27,30,31,35,44,54],"ascension_level":1}}