{"host":"xd92u7alcwi518yp","time":1608435317,"event":{"mods":["BaseMod","BetterRewards","Colored Map","Colored Powertips","Minty Spire (QoL Compilation)","Quick Restart","StSLib","The Dragon Tamer"],"gold_per_floor":[116,127,127,143,155,186,200,534,534,551,580,597,608,628,628,733,733,751,779,273,273,292,327,327,327,353,353,373,373,388,402,402,497,497,516,562,532,547,560,560,591,239,262,262,280,280,290,290,290,290,290,290,38,67,67,67,67],"floor_reached":55,"playtime":5846,"items_purged":["Apotheosis+1"],"score":843,"play_id":"04cd25d5-c8f5-4048-bbca-41ff4c4ccbd6","local_time":"20201219193517","is_ascension_mode":false,"metric_token":531,"campfire_choices":[{"data":"DTMod:HeadStart","floor":15,"key":"SMITH"},{"data":"DTMod:SealedStrike+2","floor":25,"key":"SMITH"},{"data":"DTMod:SealedStrike+3","floor":27,"key":"SMITH"},{"floor":32,"key":"REST"},{"floor":40,"key":"REST"},{"floor":44,"key":"RECALL"},{"floor":49,"key":"REST"},{"data":"DTMod:SealedStrike+4","floor":52,"key":"SMITH"}],"dtmod_dragon_data":[0,50,1,2,12,5],"circlet_count":0,"master_deck":["DTMod:Strike+1","DTMod:Strike+1","DTMod:DoubleHit+1","DTMod:TargetDefense+1","DTMod:TargetDefense+1","DTMod:TargetDefense+1","DTMod:TargetDefense+1","DTMod:SwitchingTactic+1","DTMod:BalancedStrike+1","DTMod:CrossStep+1","DTMod:ComboAttack+1","DTMod:ShieldDrain+1","DTMod:DarkBreath+1","DTMod:BuildUp+1","DTMod:QuickFly+1","DTMod:HeadStart+1","DTMod:CleansingStrike+1","DTMod:BlazingStrike+1","DTMod:Safeguard+1","DTMod:BizarreTactic+1","DTMod:Outburst+1","DTMod:BurningForce+1","DTMod:BizarreTactic+1","DTMod:DragonDance+1","DTMod:HeatWave+1","DTMod:SealedStrike+5","DTMod:BreakAttack+1","J.A.X.+1","DTMod:Training+1","DTMod:HeatWave+1","DTMod:Prediction+1","DTMod:Adaptation+1","DTMod:LastStand+1","DTMod:Training+1","DTMod:BurningEnergy+1","DTMod:LastStand+1","DTMod:LightShield+1","DTMod:TriAttack+1","DTMod:Training+1","DTMod:TagTeam+1","DTMod:CleansingStrike+1","DTMod:Weaken","DTMod:BlueScale+1"],"relics":["DTMod:PactStone","Toy Ornithopter","Old Coin","Eternal Feather","Orichalcum","SlaversCollar","Red Mask","Molten Egg 2","Torii","DTMod:TheChair","Turnip","Blood Vial","Pen Nib","Omamori","Calipers","DTMod:TacticalNote"],"acts_visited":["Exordium","TheCity","TheBeyond","TheEnding"],"potions_floor_usage":[6,8,16,19,23,30,30,33,33,36,37,39,45,45,50,55],"damage_taken":[{"damage":0,"enemies":"Jaw Worm","floor":1,"turns":6},{"damage":0,"enemies":"Cultist","floor":2,"turns":3},{"damage":0,"enemies":"2 Louse","floor":4,"turns":3},{"damage":0,"enemies":"Blue Slaver","floor":5,"turns":4},{"damage":1,"enemies":"Lagavulin","floor":6,"turns":5},{"damage":0,"enemies":"Gremlin Gang","floor":7,"turns":4},{"damage":8,"enemies":"3 Sentries","floor":8,"turns":6},{"damage":0,"enemies":"2 Fungi Beasts","floor":10,"turns":2},{"damage":0,"enemies":"Gremlin Nob","floor":11,"turns":3},{"damage":0,"enemies":"Lots of Slimes","floor":12,"turns":3},{"damage":0,"enemies":"Looter","floor":13,"turns":2},{"damage":0,"enemies":"Exordium Thugs","floor":14,"turns":3},{"damage":16,"enemies":"The Guardian","floor":16,"turns":16},{"damage":0,"enemies":"Spheric Guardian","floor":18,"turns":1},{"damage":0,"enemies":"Masked Bandits","floor":19,"turns":2},{"damage":0,"enemies":"Chosen","floor":22,"turns":4},{"damage":0,"enemies":"Gremlin Leader","floor":23,"turns":6},{"damage":1,"enemies":"Shelled Parasite and Fungi","floor":28,"turns":4},{"damage":0,"enemies":"Cultist and Chosen","floor":30,"turns":5},{"damage":0,"enemies":"Sentry and Sphere","floor":31,"turns":2},{"damage":1,"enemies":"Collector","floor":33,"turns":5},{"damage":0,"enemies":"3 Darklings","floor":35,"turns":5},{"damage":12,"enemies":"2 Orb Walkers","floor":36,"turns":5},{"damage":0,"enemies":"3 Shapes","floor":38,"turns":9},{"damage":51,"enemies":"3 Darklings","floor":39,"turns":11},{"damage":18,"enemies":"Giant Head","floor":41,"turns":6},{"damage":0,"enemies":"Sphere and 2 Shapes","floor":45,"turns":5},{"damage":8,"enemies":"Jaw Worm Horde","floor":47,"turns":5},{"damage":53,"enemies":"Time Eater","floor":50,"turns":10},{"damage":0,"enemies":"Shield and Spear","floor":54,"turns":7},{"damage":107,"enemies":"The Heart","floor":55,"turns":11}],"seed_played":"-5368853524904722692","potions_obtained":[{"floor":1,"key":"BlessingOfTheForge"},{"floor":4,"key":"SneckoOil"},{"floor":6,"key":"Swift Potion"},{"floor":12,"key":"Energy Potion"},{"floor":13,"key":"Dexterity Potion"},{"floor":14,"key":"CultistPotion"},{"floor":18,"key":"AttackPotion"},{"floor":22,"key":"BlessingOfTheForge"},{"floor":28,"key":"EntropicBrew"},{"floor":35,"key":"FearPotion"},{"floor":37,"key":"Fruit Juice"},{"floor":37,"key":"ColorlessPotion"},{"floor":41,"key":"AttackPotion"},{"floor":47,"key":"LiquidBronze"}],"is_trial":false,"path_per_floor":["M","M","?","M","M","E","M","E","T","M","E","M","M","M","R","B",null,"M","?","$","?","M","E","?","R","T","R","M","?","M","M","R","B",null,"M","?","?","M","M","R","E","$","T","R","M","?","M","T","R","B",null,"R","$","E","B"],"character_chosen":"THE_DT","items_purchased":["DTMod:DragonDance","Apotheosis","Molten Egg 2","DTMod:LightShield","Pen Nib","Swift Potion","PowerPotion","SpeedPotion","DTMod:CleansingStrike+1","DTMod:Weaken"],"campfire_rested":3,"item_purchase_floors":[20,20,20,42,42,42,53,53,53,53],"current_hp_per_floor":[49,49,49,49,49,48,48,41,41,41,41,41,41,41,49,38,49,49,49,49,49,49,49,49,49,49,49,48,48,49,49,49,48,49,49,37,47,47,1,38,20,20,20,41,53,53,46,46,54,1,54,54,54,54,0,0,0],"gold":67,"neow_bonus":"TEN_PERCENT_HP_BONUS","is_daily":false,"chose_seed":false,"campfire_upgraded":4,"win_rate":0.0,"timestamp":1608435317,"path_taken":["M","M","?","M","M","E","?","E","T","M","E","M","M","?","R","BOSS","M","?","$","?","?","E","?","R","T","R","?","?","M","M","R","BOSS","M","?","?","M","M","R","E","$","T","R","?","?","?","?","R","BOSS","R","$","E","BOSS"],"items_purchased_type":["Card","Card","Relic","Card","Relic","Potion","Potion","Potion","Card","Card"],"build_version":"2020-12-13","purchased_purges":1,"victory":false,"max_hp_per_floor":[49,49,49,49,49,49,49,49,49,49,49,49,49,49,49,49,49,49,49,49,49,49,49,49,49,49,49,49,49,49,49,49,49,49,49,49,54,54,54,54,54,54,54,54,54,54,54,54,54,54,54,54,54,54,54,54,54],"card_choices":[{"not_picked":["DTMod:BlazingStrike","DTMod:Weaken"],"picked":"DTMod:BalancedStrike","floor":1},{"not_picked":["DTMod:BalancedStrike","DTMod:StarRain"],"picked":"DTMod:CrossStep","floor":2},{"not_picked":["DTMod:Punisher","DTMod:ForkedFire"],"picked":"DTMod:ComboAttack","floor":4},{"not_picked":["DTMod:ForkedFire","DTMod:BlazingStrike"],"picked":"DTMod:ShieldDrain","floor":5},{"not_picked":["DTMod:Cover","DTMod:Hide"],"picked":"DTMod:DarkBreath","floor":6},{"not_picked":["DTMod:Punisher","DTMod:BurningEnergy"],"picked":"DTMod:BuildUp","floor":7},{"not_picked":["DTMod:BuildUp","DTMod:Observe"],"picked":"DTMod:QuickFly","floor":8},{"not_picked":["DTMod:MagiciansMark","DTMod:Feint"],"picked":"DTMod:HeadStart","floor":10},{"not_picked":["DTMod:BurningEnergy","DTMod:RunningTactic"],"picked":"DTMod:CleansingStrike","floor":11},{"not_picked":["DTMod:MagicField","DTMod:Feint"],"picked":"DTMod:BlazingStrike","floor":12},{"not_picked":["DTMod:BlazingStrike","DTMod:BurningEnergy"],"picked":"DTMod:Safeguard","floor":13},{"not_picked":["DTMod:MagicField","DTMod:Feint"],"picked":"DTMod:BizarreTactic","floor":14},{"not_picked":["DTMod:ExcessFootwork","DTMod:Safeguard"],"picked":"DTMod:Outburst","floor":16},{"not_picked":["DTMod:Threaten","DTMod:RunningTactic"],"picked":"DTMod:BurningForce","floor":18},{"not_picked":["DTMod:BuildUp","DTMod:Hide+1"],"picked":"DTMod:BizarreTactic","floor":19},{"not_picked":["DTMod:Cover","DTMod:ForkedFire+1"],"picked":"DTMod:HeatWave+1","floor":22},{"not_picked":["DTMod:StarRain+1","DTMod:CleansingStrike+1"],"picked":"DTMod:SealedStrike+1","floor":23},{"not_picked":["DTMod:HeatWave+1","DTMod:Feint+1"],"picked":"DTMod:BreakAttack+1","floor":28},{"not_picked":["DTMod:PurifyingFlame+1","DTMod:LastStand"],"picked":"DTMod:Training","floor":30},{"not_picked":["DTMod:WarmUp+1","DTMod:Feint+1"],"picked":"DTMod:HeatWave+1","floor":31},{"not_picked":["DTMod:Inferno+1","DTMod:Multitask"],"picked":"DTMod:Prediction","floor":33},{"not_picked":["DTMod:BreakAttack+1","DTMod:CleansingStrike+1"],"picked":"DTMod:Adaptation","floor":35},{"not_picked":["DTMod:MasterPlan","DTMod:Feint+1"],"picked":"DTMod:LastStand","floor":36},{"not_picked":["DTMod:RecklessFlurry+1","DTMod:Feint+1"],"picked":"DTMod:Training+1","floor":38},{"not_picked":["DTMod:Adaptation+1","DTMod:GhostSkin"],"picked":"DTMod:BurningEnergy+1","floor":39},{"not_picked":["DTMod:Feint+1","DTMod:RunningTactic"],"picked":"DTMod:LastStand+1","floor":41},{"not_picked":["DTMod:Hide","DTMod:DeepFocus"],"picked":"DTMod:TriAttack+1","floor":45},{"not_picked":["DTMod:MagicField+1","DTMod:ShieldDrain+1"],"picked":"DTMod:TagTeam+1","floor":47},{"not_picked":["DTMod:ForkedFire+1","DTMod:MaximumCharge+1"],"picked":"DTMod:BlueScale+1","floor":54}],"player_experience":342719,"relics_obtained":[{"floor":6,"key":"Toy Ornithopter"},{"floor":8,"key":"Old Coin"},{"floor":9,"key":"Eternal Feather"},{"floor":11,"key":"Orichalcum"},{"floor":19,"key":"Red Mask"},{"floor":23,"key":"Torii"},{"floor":36,"key":"Turnip"},{"floor":41,"key":"Blood Vial"},{"floor":43,"key":"Omamori"},{"floor":48,"key":"Calipers"},{"floor":54,"key":"DTMod:TacticalNote"}],"event_choices":[{"cards_removed":["DTMod:Strike"],"damage_healed":0,"gold_gain":0,"player_choice":"Card Removal","damage_taken":0,"max_hp_gain":0,"max_hp_loss":0,"event_name":"Wheel of Change","floor":3,"gold_loss":0},{"damage_healed":0,"gold_gain":0,"player_choice":"Fought Bandits","damage_taken":0,"max_hp_gain":0,"max_hp_loss":0,"event_name":"Masked Bandits","floor":19,"gold_loss":0},{"cards_removed":["DTMod:Strike"],"damage_healed":0,"gold_gain":0,"player_choice":"Purged","damage_taken":0,"max_hp_gain":0,"max_hp_loss":0,"event_name":"Purifier","floor":21,"gold_loss":0},{"damage_healed":0,"gold_gain":0,"player_choice":"Upgraded","damage_taken":0,"max_hp_gain":0,"max_hp_loss":0,"event_name":"Upgrade Shrine","floor":24,"gold_loss":0,"cards_upgraded":["DTMod:SealedStrike"]},{"damage_healed":0,"gold_gain":0,"player_choice":"Obtain J.A.X.","damage_taken":0,"max_hp_gain":0,"max_hp_loss":0,"event_name":"Drug Dealer","floor":29,"gold_loss":0,"cards_obtained":["J.A.X."]},{"damage_healed":0,"gold_gain":0,"player_choice":"Fight","damage_taken":0,"max_hp_gain":0,"max_hp_loss":0,"event_name":"Mysterious Sphere","floor":36,"gold_loss":0},{"damage_healed":0,"gold_gain":0,"player_choice":"Bought 2 Potions","damage_taken":0,"max_hp_gain":0,"max_hp_loss":0,"event_name":"The Woman in Blue","floor":37,"gold_loss":0},{"damage_healed":0,"gold_gain":0,"player_choice":"Copied","damage_taken":0,"max_hp_gain":0,"max_hp_loss":0,"event_name":"Duplicator","floor":46,"gold_loss":0,"cards_obtained":["DTMod:Training"]}],"is_beta":false,"boss_relics":[{"not_picked":["Sozu","Velvet Choker"],"picked":"SlaversCollar"},{"not_picked":["Tiny House","Runic Dome"],"picked":"DTMod:TheChair"}],"items_purged_floors":[53],"is_endless":false,"potions_floor_spawned":[1,4,6,12,13,14,18,22,28,30,35,41,47],"killed_by":"The Heart","ascension_level":0}}