{"host":"5gc11emcm5chfr5t","time":1608431872,"event":{"mods":["2.2 Compatiblity","AchievementEnabler","BaseMod","Bestiary","Better Note","Colored Map","Colored Powertips","Downfall","Googly Eyes","Minty Spire (QoL Compilation)","Rare Cards Sparkle","StSLib"],"gold_per_floor":[99,99,24,24,24,49,49,81,101,136,156,156,175,175,190,261,261,186,23,23,23,23,118,118,158,158,206,2,16,66,82,121,212,212,212,257,268,307,307,232,257,297,25,65,65,131,186,186,208,233,233,268,60,60,78],"floor_reached":56,"playtime":3529,"items_purged":[],"score":2334,"play_id":"acacb2bf-e2f6-43eb-b9a2-48ceb71ab849","local_time":"20201219213752","is_ascension_mode":true,"campfire_choices":[{"floor":1,"key":"RECALL"},{"data":"sneckomod:SnekBite","floor":3,"key":"SMITH"},{"data":"sneckomod:GlitteringGambit","floor":18,"key":"SMITH"},{"data":"sneckomod:WideSting","floor":20,"key":"SMITH"},{"floor":22,"key":"REST"},{"floor":26,"key":"REST"},{"data":"sneckomod:UnknownRarePower","floor":35,"key":"SMITH"},{"data":"sneckomod:UnknownRarePower","floor":40,"key":"SMITH"},{"data":"sneckomod:Mudshield","floor":54,"key":"SMITH"}],"circlet_count":0,"master_deck":["AscendersBane","sneckomod:Defend","sneckomod:Defend","sneckomod:Defend","sneckomod:TailWhip","sneckomod:SnekBite+1","sneckomod:Unknown","sneckomod:Unknown","sneckomod:UnknownCommonAttack+1","sneckomod:QuickBite","sneckomod:SerpentIdol","sneckomod:IronFang","sneckomod:SnekBeam","sneckomod:SoulRoll","sneckomod:WideSting+1","sneckomod:UnknownClassPURPLE","sneckomod:SerpentIdol","sneckomod:GlitteringGambit+1","sneckomod:UnknownUncommonPower+1","sneckomod:UnknownRareAttack","sneckomod:UnknownRareSkill","sneckomod:UnknownRarePower+1","sneckomod:UnknownDexterity","sneckomod:UnknownClassPURPLE","sneckomod:UnknownUncommonSkill","sneckomod:UnknownClassRED","sneckomod:DangerNoodle+1","sneckomod:UnknownDexterity","expansioncontent:Corrupt","expansioncontent:DecasProtection","sneckomod:UnknownWeak+1","sneckomod:UnknownRarePower+1","sneckomod:UnknownExhaust+1","sneckomod:SerpentMind","Sadistic Nature","sneckomod:ImprovisedGuard","sneckomod:QuickBite","sneckomod:Mudshield","expansioncontent:CaCaw","Parasite","sneckomod:QuickMove+1","sneckomod:Mudshield+1","expansioncontent:DashGenerateEvil"],"relics":["sneckomod:SneckoSoul","downfall:HeartsMalice","downfall:HeartBlessingRed","Bottled Flame","Shuriken","Dead Branch","TungstenRod","Snecko Eye","downfall:HeartBlessingGreen","sneckomod:RareBoosterPack","MealTicket","Mummified Hand","Question Card","Whetstone","Letter Opener","sneckomod:SneckoTalon","StoneCalendar","downfall:HeartBlessingBlue","Blood Vial","sneckomod:SuperSneckoEye","Unceasing Top","Lizard Tail"],"acts_visited":["Exordium","TheCity","TheBeyond","TheEnding"],"potions_floor_usage":[8,15,16,32,38,38,44,49,55],"damage_taken":[{"damage":0,"enemies":"2 Louse","floor":4,"turns":1},{"damage":0,"enemies":"Small Slimes","floor":5,"turns":1},{"damage":0,"enemies":"Lagavulin","floor":6,"turns":1},{"damage":16,"enemies":"Gremlin Nob","floor":8,"turns":4},{"damage":0,"enemies":"Cultist","floor":9,"turns":2},{"damage":25,"enemies":"3 Sentries","floor":10,"turns":6},{"damage":4,"enemies":"Exordium Wildlife","floor":11,"turns":3},{"damage":7,"enemies":"3 Louse","floor":13,"turns":2},{"damage":17,"enemies":"Large Slime","floor":15,"turns":3},{"damage":24,"enemies":"downfall:Silent","floor":16,"turns":5},{"damage":0,"enemies":"downfall:FleeingMerchant","floor":19,"turns":4},{"damage":2,"enemies":"Book of Stabbing","floor":23,"turns":3},{"damage":22,"enemies":"Slavers","floor":25,"turns":4},{"damage":3,"enemies":"Gremlin Leader","floor":27,"turns":4},{"damage":0,"enemies":"downfall:FleeingMerchant","floor":28,"turns":1},{"damage":0,"enemies":"Shell Parasite","floor":29,"turns":2},{"damage":0,"enemies":"3 Byrds","floor":31,"turns":2},{"damage":9,"enemies":"Shelled Parasite and Fungi","floor":32,"turns":4},{"damage":9,"enemies":"downfall:Defect","floor":33,"turns":4},{"damage":4,"enemies":"Orb Walker","floor":37,"turns":3},{"damage":16,"enemies":"Nemesis","floor":38,"turns":5},{"damage":0,"enemies":"3 Darklings","floor":42,"turns":2},{"damage":56,"enemies":"Reptomancer","floor":44,"turns":5},{"damage":0,"enemies":"2 Orb Walkers","floor":46,"turns":2},{"damage":1,"enemies":"4 Shapes","floor":47,"turns":4},{"damage":35,"enemies":"Writhing Mass","floor":49,"turns":4},{"damage":0,"enemies":"downfall:Watcher","floor":50,"turns":2},{"damage":17,"enemies":"downfall:CharBossMerchant","floor":52,"turns":4},{"damage":0,"enemies":"downfall:NeowBoss","floor":55,"turns":14}],"seed_played":"6963452156826460024","potions_obtained":[{"floor":6,"key":"hexamod:EctoCoolerPotion"},{"floor":11,"key":"Dexterity Potion"},{"floor":13,"key":"sneckomod:DiceRollPotion"},{"floor":25,"key":"Block Potion"},{"floor":31,"key":"PowerPotion"},{"floor":33,"key":"GamblersBrew"},{"floor":42,"key":"Block Potion"},{"floor":47,"key":"Block Potion"},{"floor":52,"key":"SkillPotion"}],"is_trial":false,"path_per_floor":["R","?","R","M","M","E","T","E","M","E","M","?","M","?","M","B",null,"R","$","R","?","R","E","T","E","R","E","$","M","?","M","M","B",null,"R","?","M","E","?","R","T","M","$","E","$","?","M","?","M","B",null,"E","$","R","B",null],"character_chosen":"THE_SNECKO","items_purchased":["sneckomod:RareBoosterPack","expansioncontent:Corrupt","expansioncontent:DecasProtection","Letter Opener","Sadistic Nature","SteroidPotion","expansioncontent:DashGenerateEvil"],"campfire_rested":2,"item_purchase_floors":[19,28,28,28,43,43,53],"current_hp_per_floor":[75,75,75,76,76,76,76,60,60,35,31,31,25,53,36,12,67,67,71,71,62,89,90,90,69,93,90,94,94,94,95,86,78,92,92,92,89,73,73,83,83,95,107,51,66,68,72,72,39,44,96,81,96,96,98],"gold":78,"neow_bonus":"THREE_ENEMY_KILL","is_daily":false,"chose_seed":false,"campfire_upgraded":6,"win_rate":0.0,"timestamp":1608431872,"path_taken":["R","?","R","M","M","E","T","E","M","E","M","?","M","?","M","BOSS","R","$","R","?","R","E","T","E","R","E","$","?","?","M","M","BOSS","R","?","M","E","?","R","T","M","$","E","?","?","M","?","M","BOSS","E","$","R","BOSS"],"items_purchased_type":["Relic","Card","Card","Relic","Card","Potion","Card"],"build_version":"2020-12-13","purchased_purges":0,"victory":true,"max_hp_per_floor":[83,83,83,84,84,84,84,84,84,84,84,84,85,85,85,85,85,85,89,89,91,91,92,92,93,93,93,94,94,94,95,95,96,96,96,96,97,97,97,107,107,107,107,107,107,107,110,110,110,113,113,113,113,113,113],"card_choices":[{"not_picked":["sneckomod:Unknown1Cost","sneckomod:DiceCrush"],"picked":"sneckomod:UnknownCommonAttack","floor":4},{"not_picked":["sneckomod:SoulCleanse","sneckomod:UnknownBlock"],"picked":"sneckomod:QuickBite","floor":5},{"not_picked":["sneckomod:UnknownCommonAttack","sneckomod:UnknownStrike"],"picked":"sneckomod:SerpentIdol","floor":6},{"not_picked":["sneckomod:SoulDraw","sneckomod:UnknownClassTHE_CHAMP_GRAY"],"picked":"sneckomod:IronFang","floor":8},{"not_picked":["sneckomod:DiceBlock","sneckomod:Nope"],"picked":"sneckomod:SnekBeam","floor":9},{"not_picked":["sneckomod:UnknownClassHEXA_GHOST_PURPLE","sneckomod:SoulCleanse"],"picked":"sneckomod:IronFang","floor":10},{"not_picked":["sneckomod:IronFang","sneckomod:RainOfDice"],"picked":"sneckomod:SoulRoll","floor":11},{"not_picked":["sneckomod:UnknownClassTHE_CHAMP_GRAY","sneckomod:Rotation"],"picked":"sneckomod:UnknownClassPURPLE","floor":13},{"not_picked":["sneckomod:Nope","sneckomod:UnknownX"],"picked":"sneckomod:SerpentIdol","floor":15},{"not_picked":["sneckomod:Mudshield","sneckomod:DangerNoodle"],"picked":"sneckomod:GlitteringGambit","floor":16},{"not_picked":["sneckomod:UnknownCommonAttack","sneckomod:UnknownClassSLIMEBOUND"],"picked":"sneckomod:UnknownUncommonPower+1","floor":19},{"not_picked":["sneckomod:UnknownExhaust","sneckomod:Nope"],"picked":"sneckomod:UnknownUncommonSkill","floor":23},{"not_picked":["sneckomod:SoulDraw","sneckomod:UnknownBlock"],"picked":"sneckomod:UnknownClassRED","floor":25},{"not_picked":["sneckomod:UnknownStrength+1","sneckomod:WideSting","sneckomod:DiceCrush"],"picked":"sneckomod:DangerNoodle","floor":27},{"not_picked":["sneckomod:Nope","sneckomod:WideSting","sneckomod:DiceCrush"],"picked":"sneckomod:UnknownDexterity","floor":28},{"not_picked":["sneckomod:RainOfDice","sneckomod:ImprovisedGuard","sneckomod:Rotation","sneckomod:UnknownCommonAttack"],"picked":"SKIP","floor":29},{"not_picked":["sneckomod:UnknownStrike","sneckomod:MasterEye","sneckomod:DiceCrush"],"picked":"sneckomod:UnknownWeak+1","floor":31},{"not_picked":["sneckomod:QuickMove","sneckomod:DiceBlock","sneckomod:UnknownDexterity","sneckomod:WideSting"],"picked":"SKIP","floor":32},{"not_picked":["sneckomod:Cheat","sneckomod:UnknownRareAttack","sneckomod:Restock"],"picked":"sneckomod:UnknownRarePower","floor":33},{"not_picked":["sneckomod:UnknownStrike+1","sneckomod:UnknownVulnerable","sneckomod:UnknownBlock+1"],"picked":"sneckomod:UnknownExhaust+1","floor":37},{"not_picked":["sneckomod:UnknownClassSLIMEBOUND","sneckomod:UnknownVulnerable+1","sneckomod:UnknownStrength","sneckomod:UnknownCommonAttack"],"picked":"SKIP","floor":38},{"not_picked":["sneckomod:SoulRoll","sneckomod:UnknownWeak","sneckomod:SnekBeam"],"picked":"sneckomod:SerpentMind","floor":42},{"not_picked":["sneckomod:UnknownCommonSkill+1","sneckomod:UnknownCommonAttack","sneckomod:SnekBeam"],"picked":"sneckomod:ImprovisedGuard","floor":44},{"not_picked":["sneckomod:DiceCrush+1","sneckomod:Unknown1Cost+1","sneckomod:QuickMove"],"picked":"sneckomod:QuickBite","floor":46},{"not_picked":["sneckomod:ImprovisedAttack+1","sneckomod:SoulRoll","sneckomod:SoulDraw"],"picked":"sneckomod:Mudshield","floor":47},{"not_picked":["expansioncontent:YouAreMine","expansioncontent:Hexaburn","expansioncontent:Flail"],"picked":"expansioncontent:CaCaw","floor":48},{"not_picked":["sneckomod:ImprovisedAttack","sneckomod:UnknownCommonSkill","sneckomod:RainOfDice+1"],"picked":"sneckomod:QuickMove+1","floor":49},{"not_picked":["sneckomod:SoulRoll","sneckomod:Rotation","sneckomod:UnknownWeak+1"],"picked":"sneckomod:Mudshield","floor":52}],"player_experience":440966,"relics_obtained":[{"floor":6,"key":"Bottled Flame"},{"floor":7,"key":"Shuriken"},{"floor":8,"key":"Dead Branch"},{"floor":10,"key":"TungstenRod"},{"floor":23,"key":"MealTicket"},{"floor":24,"key":"Mummified Hand"},{"floor":25,"key":"Question Card"},{"floor":27,"key":"Whetstone"},{"floor":38,"key":"StoneCalendar"},{"floor":41,"key":"Blood Vial"},{"floor":44,"key":"sneckomod:SuperSneckoEye"},{"floor":46,"key":"Unceasing Top"},{"floor":52,"key":"Lizard Tail"}],"event_choices":[{"damage_healed":0,"gold_gain":0,"cards_transformed":["sneckomod:Strike"],"player_choice":"Change","damage_taken":0,"max_hp_gain":0,"max_hp_loss":0,"event_name":"Living Wall","floor":12,"gold_loss":0,"cards_obtained":["sneckomod:WideSting"]},{"damage_healed":28,"gold_gain":0,"player_choice":"Banana","damage_taken":0,"max_hp_gain":0,"max_hp_loss":0,"event_name":"Big Fish","floor":14,"gold_loss":0},{"cards_removed":["sneckomod:IronFang"],"damage_healed":0,"gold_gain":0,"player_choice":"Removed Attack","damage_taken":0,"max_hp_gain":0,"max_hp_loss":0,"event_name":"Falling","floor":39,"gold_loss":0},{"damage_healed":0,"gold_gain":0,"player_choice":"Fight","damage_taken":0,"max_hp_gain":0,"max_hp_loss":0,"event_name":"Mysterious Sphere","floor":46,"gold_loss":0}],"is_beta":false,"boss_relics":[{"not_picked":["Calling Bell","Black Star"],"picked":"Snecko Eye"},{"not_picked":["Sozu","Philosopher\u0027s Stone"],"picked":"sneckomod:SneckoTalon"}],"items_purged_floors":[],"is_endless":false,"potions_floor_spawned":[6,11,13,25,31,33,42,47,52],"ascension_level":16}}