{"host":"kjmsjq3kpb3v9rdj","time":1608459790,"event":{"mods":["AchievementEnabler","Aspiration","Bard","BaseMod","Beaked The Cultist","Better Altar","Better Match","Better Note","Better Sensory Stone","Better Skull","Better Third Choice","BetterRewards","CCEM","Colored Map","Conspire","Friendly Minions","GifTheSpireLib","Halation","Hermit","Highlight Path","Hubris","Hunter ??","Infinite Spire","Ironclad Rager","Jedi Mod","Jorbs\u0027s Wanderer Trilogy","Mad Scientist","Marisa????????","Mimic Mod","Minty Spire (QoL Compilation)","Permanent Neow","Quick Restart","Replay The Spire","Shade Mod","Shop Mod","Spicy Shops","Spikes Relics","StSLib","Stuff the Spire","Synergy Search","The Administrix","The Alterego","The Blackbeard","The Blue Laboratory","The Bug Knight","The Construct","The Cursed","The Disciple","The Gatherer","The Hierophant","The Jungle","The Mystic","The Necromancer","The Poker Player","The Problem Sleuth","The Runesmith","The Servant 0.9.4","The Showman","The Spell Scribe","The Witch","Trackpad","Unceasing Turn Reminder","vexMod"],"gold_per_floor":[111,111,123,7141,7158,7191,7191,7205,7237,7253,7286,7286,7296,7314,7314,7415,7415,7431,4967,4978,4994,5007,5007,5035,5051,5051,5051,5051,3669,3704,3704],"floor_reached":32,"playtime":5123,"items_purged":[],"score":939,"play_id":"d871add1-e2f3-48d1-aa91-41ecdac6c3ca","local_time":"20201220022310","is_ascension_mode":false,"campfire_choices":[{"data":"hubris:DuctTapeCard","floor":15,"key":"SMITH"},{"floor":23,"key":"RECALL"},{"data":"Transmutation","floor":27,"key":"SMITH"}],"circlet_count":0,"master_deck":["AdministrixMod:Strike_Administrix","AdministrixMod:Strike_Administrix","AdministrixMod:Strike_Administrix","AdministrixMod:Strike_Administrix+1","AdministrixMod:RedCloak","AdministrixMod:Defend_Administrix","AdministrixMod:Defend_Administrix","AdministrixMod:Defend_Administrix","AdministrixMod:BlueCloak+1","AdministrixMod:FaithfulFlames+1","AdministrixMod:ImmortalGrace","AdministrixMod:ImmortalPurity","AdministrixMod:BegetEternity+1","AdministrixMod:ImmortalPurity","AdministrixMod:Katabasis","AdministrixMod:FaithfulFlames","Secret Technique","AdministrixMod:FeastOfDew","AdministrixMod:FeastOfDew","AdministrixMod:TrickOfTheLight","AdministrixMod:TrickOfTheLight","AdministrixMod:ImmortalGrace","AdministrixMod:CenturiesAscent","AdministrixMod:SeventeenArticleLaser","AdministrixMod:Overdrive","hubris:DuctTapeCard+2","AdministrixMod:HarmonicReverence","AdministrixMod:ShadowPlay","AdministrixMod:BattleforgedBonds","AdministrixMod:MixOfMercury","AdministrixMod:NoblePath","AdministrixMod:NoblePath","AdministrixMod:ShadowPlay","Transmutation+1","AdministrixMod:SipOfSparks","AdministrixMod:LuminaryPath","AdministrixMod:Wuji","jedi:forcepull","AdministrixMod:DiversionaryTactic","BlessedFruit","BlessedFruit","AdministrixMod:ExtolVirtue","AdministrixMod:DiversionaryTactic+1","AdministrixMod:LifeforceNet","AdministrixMod:ArmillarySphere+1","Transmutation","Swift Strike","AdministrixMod:JustRewards","AdministrixMod:TrickOfTheLight","AdministrixMod:LightOfYourLife","AdministrixMod:LightOfYourLife","AdministrixMod:LightOfYourLife+1"],"relics":["AdministrixMod:ConductorRitualBaton","Durian","CCEMRelics:PorcelainBowl","halation:Jellyphish","Chameleon Ring","hubris:OldNail","halation:NonexistentMirror","Bronze Scales","StuffTheSpire:RubySignet","hubris:DuctTape","AdministrixMod:ElixirOfImmorality","trackpad:CultistFigurine","infinitespire:Joker Card","halation:TrafficLight","Ice Cream","Whetstone","Cauldron","StuffTheSpire:PointBlank","GiantMaggot","Mercury Hourglass","hubris:EmptyBottle","PreservedInsect","CCEMRelics:BiPhaseBiplane","CCEMRelics:TransientCore"],"acts_visited":["Exordium","TheCity","TheEnding"],"potions_floor_usage":[8,16,31,31,31,31,31,31,31,31],"damage_taken":[{"damage":11,"enemies":"Jaw Worm","floor":1,"turns":5},{"damage":6,"enemies":"Cultist","floor":3,"turns":3},{"damage":0,"enemies":"Small Slimes","floor":5,"turns":3},{"damage":0,"enemies":"3 Sentries","floor":6,"turns":2},{"damage":0,"enemies":"Gremlin Gang","floor":8,"turns":2},{"damage":0,"enemies":"Lots of Slimes","floor":9,"turns":2},{"damage":3,"enemies":"Lots of Slimes","floor":10,"turns":2},{"damage":0,"enemies":"conspire:MimicChest","floor":11,"turns":2},{"damage":5,"enemies":"Blue Slaver","floor":13,"turns":2},{"damage":0,"enemies":"Exordium Wildlife","floor":14,"turns":2},{"damage":0,"enemies":"The Guardian","floor":16,"turns":2},{"damage":11,"enemies":"2 Thieves","floor":18,"turns":3},{"damage":0,"enemies":"conspire:FuzzyDice","floor":20,"turns":3},{"damage":0,"enemies":"Centurion and Healer","floor":21,"turns":2},{"damage":0,"enemies":"Snake Plant","floor":22,"turns":1},{"damage":1,"enemies":"Slavers","floor":24,"turns":2},{"damage":0,"enemies":"Cultist and Chosen","floor":25,"turns":2},{"damage":0,"enemies":"Shield and Spear","floor":30,"turns":2},{"damage":0,"enemies":"The Heart","floor":31,"turns":3}],"seed_played":"-9129486861738190261","potions_obtained":[{"floor":3,"key":"blueLaboratory:RememoryPotion"},{"floor":5,"key":"Strength Potion"},{"floor":7,"key":"LiquidBronze"},{"floor":7,"key":"Energy Potion"},{"floor":8,"key":"blueLaboratory:HummingbirdPotion"},{"floor":13,"key":"Swift Potion"},{"floor":19,"key":"FairyPotion"},{"floor":19,"key":"blueLaboratory:BottleOfRum"},{"floor":20,"key":"blueLaboratory:ExaltedPotion"}],"is_trial":false,"path_per_floor":["M","?","M","$","M","E","R","M","MIM","M","?","M","M","M","R_BF","B",null,"M","$","M","M","M","R","E","M","T","R","R","$","E","B",null],"character_chosen":"TheAdministrix","items_purchased":["AdministrixMod:BegetEternity+1","AdministrixMod:ReachToHeaven","AdministrixMod:ImmortalPurity","AdministrixMod:Katabasis","AdministrixMod:FaithfulFlames","Secret Technique","Durian","CCEMRelics:PorcelainBowl","halation:Jellyphish","Chameleon Ring","hubris:OldNail","halation:NonexistentMirror","jedi:tentaclejuice","trackpad:CultistFigurine","infinitespire:Joker Card","halation:TrafficLight","Ice Cream","Whetstone","Cauldron","AdministrixMod:NoblePath","AdministrixMod:ShadowPlay","Transmutation","AdministrixMod:SipOfSparks","AdministrixMod:LuminaryPath","AdministrixMod:Wuji","jedi:forcepull","Mercury Hourglass","hubris:EmptyBottle","PreservedInsect","Transmutation","Swift Strike","AdministrixMod:JustRewards","AdministrixMod:TrickOfTheLight","AdministrixMod:LightOfYourLife"],"campfire_rested":0,"item_purchase_floors":[4,4,4,4,4,4,4,4,4,4,4,4,4,19,19,19,19,19,19,19,19,19,19,19,19,19,29,29,29,29,29,29,29,29],"current_hp_per_floor":[54,54,48,53,53,53,53,53,53,50,50,50,45,47,47,47,70,59,59,59,59,72,72,71,72,72,73,73,73,75,75],"gold":3704,"neow_bonus":"ONE_RANDOM_RARE_CARD","is_daily":false,"chose_seed":false,"campfire_upgraded":2,"win_rate":0.0,"timestamp":1608459790,"path_taken":["M","?","M","$","M","E","R","M","MIM","M","?","M","M","M","R_BF","BOSS","M","$","?","?","M","R","E","?","T","R","R","$","E","BOSS"],"items_purchased_type":["Card","Card","Card","Card","Card","Card","Relic","Relic","Relic","Relic","Relic","Relic","Potion","Relic","Relic","Relic","Relic","Relic","Relic","Card","Card","Card","Card","Card","Card","Card","Relic","Relic","Relic","Card","Card","Card","Card","Card"],"build_version":"2020-12-13","purchased_purges":0,"victory":true,"max_hp_per_floor":[65,65,65,70,70,70,70,70,70,70,70,70,70,70,70,70,70,70,70,70,70,72,72,72,73,73,73,73,73,75,75],"card_choices":[{"not_picked":["AdministrixMod:Transition","AdministrixMod:RegentEdict"],"picked":"AdministrixMod:ImmortalGrace","floor":1},{"not_picked":["AdministrixMod:SeventeenArticleLaser","AdministrixMod:UnstableVigor"],"picked":"AdministrixMod:ImmortalPurity","floor":3},{"not_picked":["AdministrixMod:ExtolVirtue","AdministrixMod:CrackingPangu"],"picked":"AdministrixMod:FeastOfDew","floor":5},{"not_picked":["AdministrixMod:LuminaryPath","AdministrixMod:ArmillarySphere"],"picked":"AdministrixMod:TrickOfTheLight","floor":6},{"not_picked":["AdministrixMod:QuietConspiracy","AdministrixMod:DreamsMausoleum"],"picked":"AdministrixMod:ImmortalGrace","floor":8},{"not_picked":["AdministrixMod:NoblePath","AdministrixMod:FuneraryRites"],"picked":"AdministrixMod:CenturiesAscent","floor":9},{"not_picked":["AdministrixMod:SyncreticSurge","AdministrixMod:LightOfYourLife"],"picked":"AdministrixMod:SeventeenArticleLaser","floor":10},{"not_picked":["AdministrixMod:RebukeDesires","AdministrixMod:FalseDeath"],"picked":"AdministrixMod:Overdrive","floor":11},{"not_picked":["AdministrixMod:RegentEdict","AdministrixMod:Metempsychosis"],"picked":"AdministrixMod:HarmonicReverence","floor":13},{"not_picked":["AdministrixMod:CrackingPangu","AdministrixMod:SipOfSparks"],"picked":"AdministrixMod:ShadowPlay","floor":14},{"not_picked":["AdministrixMod:ImmortalClarity","AdministrixMod:HopeInTheDark"],"picked":"AdministrixMod:BattleforgedBonds","floor":16},{"not_picked":["AdministrixMod:CrackingPangu","AdministrixMod:UnstableVigor"],"picked":"AdministrixMod:MixOfMercury","floor":18},{"not_picked":["AdministrixMod:RebukeDesires","AdministrixMod:DreamsMausoleum"],"picked":"AdministrixMod:DiversionaryTactic","floor":20},{"not_picked":["AdministrixMod:MixOfMercury+1","AdministrixMod:BishamonBlessing"],"picked":"AdministrixMod:ExtolVirtue","floor":21},{"not_picked":["AdministrixMod:CenturiesAscent","AdministrixMod:RebukeDesires"],"picked":"AdministrixMod:DiversionaryTactic+1","floor":22},{"not_picked":["AdministrixMod:DreamsMausoleum+1","AdministrixMod:RegentEdict"],"picked":"AdministrixMod:LifeforceNet","floor":24},{"not_picked":["AdministrixMod:FeastOfDew","AdministrixMod:ImmortalPurity"],"picked":"AdministrixMod:ArmillarySphere+1","floor":25},{"not_picked":["AdministrixMod:FuneraryRites+1","AdministrixMod:DreamsMausoleum+1"],"picked":"AdministrixMod:LightOfYourLife+1","floor":30}],"player_experience":495522,"relics_obtained":[{"floor":6,"key":"Bronze Scales"},{"floor":11,"key":"StuffTheSpire:RubySignet"},{"floor":24,"key":"StuffTheSpire:PointBlank"},{"floor":26,"key":"GiantMaggot"}],"event_choices":[{"damage_healed":0,"gold_gain":0,"player_choice":"Upgraded","damage_taken":0,"max_hp_gain":0,"max_hp_loss":0,"event_name":"Upgrade Shrine","floor":2,"gold_loss":0,"cards_upgraded":["AdministrixMod:FaithfulFlames"]}],"is_beta":false,"boss_relics":[{"not_picked":["Philosopher\u0027s Stone","Honey Jar"],"picked":"AdministrixMod:ElixirOfImmorality"}],"items_purged_floors":[],"is_endless":false,"potions_floor_spawned":[3,5,6,8,13,20,24,25,30],"ascension_level":0}}