{"host":"1tl36azeqm6yhdgj","time":1608423841,"event":{"mods":["AchievementEnabler","BaseMod","Minty Spire (QoL Compilation)","StSLib","The IronCluck","everything is the same but u backflip on backflip"],"gold_per_floor":[117,117,22,37,48,82,95,122,193,206,206,224,234,60,60,133,133,148,200,214,234,234,234,234,234],"floor_reached":24,"playtime":715,"items_purged":["Strike_R"],"score":403,"play_id":"a7e4311b-c90b-42aa-a62b-91d2fc386ec9","local_time":"20201219192401","is_ascension_mode":true,"campfire_choices":[{"data":"Rampage","floor":11,"key":"SMITH"},{"data":"Fire Breathing","floor":15,"key":"SMITH"},{"data":"True Grit","floor":23,"key":"SMITH"}],"circlet_count":0,"master_deck":["AscendersBane","Strike_R","Strike_R","Defend_R","Defend_R","Defend_R","Defend_R","Bash","Clash","Jack Of All Trades","Thunderclap","Clash","Clash","Reaper","Rampage+1","Fire Breathing+1","Flex","Dark Shackles","Demon Form","Seeing Red+1","Clash","True Grit+1"],"relics":["Burning Blood","NeowsBlessing","Vajra","Bird Faced Urn","White Beast Statue","Empty Cage"],"acts_visited":["Exordium","TheCity"],"potions_floor_usage":[8,10,13,18,20,20,21],"damage_taken":[{"damage":0.0,"enemies":"Cultist","floor":1.0,"turns":1.0},{"damage":0.0,"enemies":"Jaw Worm","floor":4.0,"turns":1.0},{"damage":0.0,"enemies":"Small Slimes","floor":5.0,"turns":1.0},{"damage":31.0,"enemies":"Gremlin Nob","floor":6.0,"turns":4.0},{"damage":1.0,"enemies":"2 Fungi Beasts","floor":7.0,"turns":3.0},{"damage":25,"enemies":"3 Sentries","floor":8,"turns":5},{"damage":6,"enemies":"3 Louse","floor":10,"turns":4},{"damage":0,"enemies":"Large Slime","floor":12,"turns":4},{"damage":10,"enemies":"Exordium Thugs","floor":13,"turns":4},{"damage":9,"enemies":"Slime Boss","floor":16,"turns":9},{"damage":38,"enemies":"Chosen","floor":18,"turns":5},{"damage":52,"enemies":"Shell Parasite","floor":20,"turns":9},{"damage":30,"enemies":"Centurion and Healer","floor":21,"turns":7},{"damage":45,"enemies":"Snecko","floor":24,"turns":4}],"seed_played":"-1816508882006887469","potions_obtained":[{"floor":2.0,"key":"SteroidPotion"},{"floor":2.0,"key":"AttackPotion"},{"floor":5.0,"key":"PowerPotion"},{"floor":7.0,"key":"Regen Potion"},{"floor":8,"key":"Regen Potion"},{"floor":10,"key":"SpeedPotion"},{"floor":12,"key":"DuplicationPotion"},{"floor":13,"key":"SpeedPotion"},{"floor":16,"key":"AttackPotion"},{"floor":18,"key":"Swift Potion"},{"floor":20,"key":"SteroidPotion"},{"floor":21,"key":"Strength Potion"}],"is_trial":false,"path_per_floor":["M","?","$","M","M","E","M","E","T","M","R","M","M","$","R","B",null,"M","T","M","M","?","R","M"],"character_chosen":"IRONCLAD","items_purchased":["Jack Of All Trades","Dark Shackles"],"campfire_rested":0,"item_purchase_floors":[3,14],"current_hp_per_floor":[74,74,74,75,75,50,55,53,53,67,67,75,71,71,71,75,75,51,51,31,33,33,33,0,0],"gold":234,"neow_bonus":"THREE_ENEMY_KILL","is_daily":false,"chose_seed":false,"campfire_upgraded":3,"win_rate":0.0,"timestamp":1608423841,"path_taken":["M","?","$","?","M","E","M","E","T","M","R","M","?","$","R","BOSS","M","?","M","?","?","R","M"],"items_purchased_type":["Card","Card"],"build_version":"2020-12-13","purchased_purges":1,"victory":false,"max_hp_per_floor":[75,75,75,75,75,75,75,75,75,75,75,75,75,75,75,75,75,75,75,75,75,75,75,75,75],"card_choices":[{"not_picked":["True Grit","Intimidate"],"picked":"Clash","floor":1.0},{"not_picked":["Pommel Strike","Clothesline"],"picked":"Thunderclap","floor":4.0},{"not_picked":["Pommel Strike","Twin Strike"],"picked":"Clash","floor":5.0},{"not_picked":["Reckless Charge","Wild Strike"],"picked":"Clash","floor":6.0},{"not_picked":["Warcry","Rampage"],"picked":"Reaper","floor":7.0},{"not_picked":["Heavy Blade","Ghostly Armor"],"picked":"Rampage","floor":8},{"not_picked":["Shockwave","Pommel Strike"],"picked":"Fire Breathing","floor":10},{"not_picked":["Iron Wave","Heavy Blade","Entrench"],"picked":"SKIP","floor":12},{"not_picked":["Rage","Blood for Blood"],"picked":"Flex","floor":13},{"not_picked":["Immolate","Impervious"],"picked":"Demon Form","floor":16},{"not_picked":["Dark Embrace","True Grit"],"picked":"Seeing Red+1","floor":18},{"not_picked":["Blood for Blood+1","Iron Wave+1"],"picked":"Clash","floor":20},{"not_picked":["Sword Boomerang","Iron Wave"],"picked":"True Grit","floor":21}],"player_experience":1971521,"relics_obtained":[{"floor":6.0,"key":"Vajra"},{"floor":8,"key":"Bird Faced Urn"},{"floor":9,"key":"White Beast Statue"}],"event_choices":[{"damage_healed":0.0,"max_hp_gain":0.0,"max_hp_loss":0.0,"gold_gain":0.0,"event_name":"Lab","player_choice":"Got Potions","floor":2.0,"gold_loss":0.0,"damage_taken":0.0},{"damage_healed":0,"gold_gain":0,"player_choice":"Ignored","damage_taken":0,"max_hp_gain":0,"max_hp_loss":0,"event_name":"Ghosts","floor":22,"gold_loss":0}],"is_beta":false,"boss_relics":[{"not_picked":["Coffee Dripper","Busted Crown"],"picked":"Empty Cage"}],"items_purged_floors":[14],"is_endless":false,"potions_floor_spawned":[5,7,8,10,12,13,16,18,20,21],"killed_by":"Snecko","ascension_level":16}}