{"host":"hv0j318t350gu4p2","time":1608422759,"event":{"mods":["AchievementEnabler","BaseMod","BetterRewards","Card Forge","Clawfect","Colored Map","Colored Powertips","Colorless Booster Pack","Custom Start","Downfall","Googly Eyes","Hero for Fun","Highlight Path","Hubris","Lobotomy","Minty Spire (QoL Compilation)","Replay The Spire","Shop Mod","StSLib","Td1madao Mod","The Animator","The Jungle","The Necromancer","Transform Curses","egg","everything is the same but u backflip on backflip"],"gold_per_floor":[118,118,128,148,25,354,354,371,398,398,425,127,127,141,141,242,242,258,276,276,276,296,322,322,337,360,389,408,443,443,469,469,564,564,581,599,599,614,634,661,661,675,675,686,712,724,744,770,770,770,770,770,0,34,34,46,46,46,46,58,90,114,114,139,169,183,210,210,245,245,343,343,359,359,359,374,399,427,427,427,427,439,473,489,504,520,520,520,520,520,8,33,33,46,46,46,46,91,117,130,156,156,168,193,193,193,207,207,305,305,321,321,345,345,360,395,395,409,432,464,476,504,504,529,529,631,631,651,669,688,705,705,733,733,733,733,750,354,381,431,431,431,431,431,431,71,103,103],"floor_reached":149,"playtime":8965,"items_purged":[],"score":3143,"play_id":"6dc5300a-0329-4e47-bee5-a2101a42cb7d","local_time":"20201219190559","is_ascension_mode":true,"campfire_choices":[{"floor":10,"key":"RECALL"},{"floor":15,"key":"REST"},{"data":"Summon_Undead_Army","floor":24,"key":"SMITH"},{"floor":30,"key":"DIG"},{"floor":32,"key":"DIG"},{"floor":41,"key":"DIG"},{"floor":49,"key":"DIG"},{"data":"Deaths_Shadow","floor":52,"key":"SMITH"},{"data":"Finger_Of_Death","floor":68,"key":"SMITH"},{"floor":70,"key":"DIG"},{"floor":87,"key":"DIG"},{"floor":90,"key":"DIG"},{"floor":108,"key":"DIG"},{"floor":117,"key":"DIG"},{"floor":123,"key":"DIG"},{"floor":125,"key":"DIG"},{"floor":142,"key":"DIG"},{"floor":145,"key":"DIG"}],"circlet_count":0,"master_deck":["Strike_W","Defend_W","Defend_W","Defend_W","Defend_W","Negative_Energy_Arrows+1","Bone_Wall+1","Bone_Armory+1","Vampiric_Strike+1","Negative_Energy_Sphere+1","Bone_Bullets+1","Toxic_Smoke_Screen+1","Acid_Javelin+1","Negative_Energy_Sphere+1","Negative_Energy_Javelin+1","Bones_to_Steel+1","Life_Drain+1","Blood_Magic","Summon_Undead_Army+1","Bone_Spikes","J.A.X.","Plague_Bolt+1","Death_Knell","Bone_Shift+1","Bone_Armor+1","Summon_Vampire_Lady","Bone_Prison","Reap_The_Weak","Bone_Shift+1","Scare+1","Scare","Bone_Bullets","Pandemic","Vampiric_Strike","Negative_Energy_Sphere+1","Spectral_Walk+1","Death_Knell+1","Negative_Energy_Javelin","Plague_Bolt","Necrotic_Claws","expansioncontent:Torchfire","Shackles_Of_Pain","Acid_Javelin","RitualDagger","Death_Coil","Negative_Energy_Mist","Pot Of Greed+1","Pot Of Greed+1","Pot Of Greed+1","Pot Of Greed+1","Pot Of Greed+1","Necrotic_Claws","Toxic_Smoke_Screen+1","hubris:DuctTapeCard","Cloudkill","CurseOfTheBell","Chill_Blood+1","Impatience","Replay:Bootleg Shield Generator","Bone_Armor+1","Bone_Shift+1","Pandemic+1","Uncharnel+1","Bone_Armor+1","Corrupt","Exploit+1","Summon_Undead_Army","Bone_Armory","Shade_Step","Corrupt","Pot Of Greed+1","Pot Of Greed+1","Pot Of Greed+1","Pot Of Greed+1","Pot Of Greed+1","Pot Of Greed+1","Pot Of Greed+1","Skeleton_Dragon+1","Negative_Energy_Shield","Summon_Undead_Army","Blood_Curse","Plague_Bolt","Bone_Armor","Spectral_Armor","Death_Coil","Skeleton_Dragon+1","Death_Coil+1","Chill_Blood","Summon_Undead_Army","Pot Of Greed+1","Siphon_Strength","Summon_Undead_Army+1","Bone_Spikes","Bone_Shift","Bone_Bullets","Finger_Of_Death","Retrieval Recycling+1","Ruin Defend","Reflection Mechanism","Blood_Shield","Thousand_Bone_Knives+1","Toxic_Smoke_Screen","Pot Of Greed+1","Toxic_Smoke_Screen","Toxic_Smoke_Screen","Bone_Shift","Blood_Whip","Madness","Madness","Uncharnel","Exploit+1","Afterwards"],"relics":["Vampire_Amulet","Hammer of Thor","Seething Fire","Anvil of the Gods","Old Coin","hubris:Icosahedron","Potion Belt","Tiny Chest","Shovel","hubris:BlackHole","Unceasing Top","Gremlin Food","Mango","PreservedInsect","Peace Pipe","Replay:Bottled Eggs","hubris:Zylophone","War Paint","hubris:FunFungus","Replay:Bronze Core","Mirror","HornCleat","Oddly Smooth Stone","Dream Catcher","Blood Vial","Blue Candle","Bottled Lightning","Lee\u0027s Waffle","Pen Nib","Bag of Marbles","Ice Cream","ReplayTheSpireMod:TigerMarble","hubris:CrystalStatue","Strange Spoon","hubris:CuriousFeather","hubris:EvacipatedBox","Orichalcum","Replay:Wax Seal","Boot","hubris:DuctTape","Bag of Preparation","Calling Bell","Happy Flower","hubris:DeckOfHolding","FossilizedHelix","hubris:Towel","hubris:SlimyHat","Lantern","Strawberry","ReplayTheSpireMod:Ring of Addiction","Toy Ornithopter","White Beast Statue","Ring of Misfortune","Replay:Accelerometer","Replay:Rubber Ducky","hubris:TenFootPole","Chameleon Ring","Bronze Scales","HandDrill","hubris:ToyBattleship","Anchor","Grinning Jar","Onion Ring","hubris:Metronome","Simple Rune","Blue Doll","Replay:Mystery Machine","hubris:MedicalManual","Black Star","Nunchaku","Vajra","Pet Ghost","Counterbalance","hubris:TinFlute","Ornamental Fan","Bottled Tornado","Thread and Needle","Eternal Feather","Mercury Hourglass","Replay:Ringing Soul","hubris:DisguiseKit","Shuriken","Philosopher\u0027s Stone","ReplayTheSpireMod:Ninjato","Golden Egg","Replay:WaspNest","Sundial","Snack Pack","Gremlin Horn","Guide Book","Replay:PocketPolymizer","Bird Faced Urn","hubris:BundleOfHerbs","Ginger","Calipers","Replay:Kaleidoscope","Incense Burner"],"acts_visited":["Exordium","TheCity","TheBeyond","TheEnding","TheCity","TheBeyond","TheEnding","Exordium","Exordium","TheBeyond","TheEnding"],"potions_floor_usage":[8,18,22,33,33,54,54,76,76,86,86,93,109,109,109,109,126,126,126,128,148,148,148],"damage_taken":[{"damage":7,"enemies":"2 Louse","floor":1,"turns":3},{"damage":0,"enemies":"Cultist","floor":3,"turns":4},{"damage":9,"enemies":"Small Slimes","floor":4,"turns":3},{"damage":41,"enemies":"Gremlin Nob","floor":6,"turns":5},{"damage":12,"enemies":"Exordium Thugs","floor":8,"turns":4},{"damage":17,"enemies":"Lagavulin","floor":11,"turns":7},{"damage":12,"enemies":"Red Slaver","floor":14,"turns":3},{"damage":38,"enemies":"Fading Forest","floor":16,"turns":11},{"damage":44,"enemies":"Shell Parasite","floor":18,"turns":8},{"damage":3,"enemies":"Chosen","floor":19,"turns":4},{"damage":8,"enemies":"Centurion and Healer","floor":22,"turns":3},{"damage":3,"enemies":"Slavers","floor":23,"turns":1},{"damage":3,"enemies":"Snake Plant","floor":25,"turns":1},{"damage":12,"enemies":"Gremlin Leader","floor":27,"turns":3},{"damage":14,"enemies":"Shelled Parasite and Fungi","floor":28,"turns":3},{"damage":3,"enemies":"Book of Stabbing","floor":29,"turns":1},{"damage":3,"enemies":"Gremlin Leader","floor":31,"turns":2},{"damage":67,"enemies":"hubris:MusketHawk","floor":33,"turns":8},{"damage":3,"enemies":"3 Darklings","floor":35,"turns":1},{"damage":3,"enemies":"3 Shapes","floor":36,"turns":1},{"damage":3,"enemies":"Writhing Mass","floor":38,"turns":1},{"damage":8,"enemies":"Maw","floor":39,"turns":6},{"damage":3,"enemies":"Giant Head","floor":40,"turns":1},{"damage":3,"enemies":"Jaw Worm Horde","floor":42,"turns":1},{"damage":0,"enemies":"3 Darklings","floor":44,"turns":1},{"damage":0,"enemies":"R_Hoarder","floor":45,"turns":2},{"damage":70,"enemies":"Transient","floor":46,"turns":5},{"damage":3,"enemies":"Sphere and 2 Shapes","floor":47,"turns":1},{"damage":76,"enemies":"Replay:Hell Engine","floor":50,"turns":7},{"damage":3,"enemies":"Shield and Spear","floor":54,"turns":1},{"damage":3,"enemies":"3 Byrds","floor":56,"turns":1},{"damage":0,"enemies":"2 Thieves","floor":60,"turns":2},{"damage":3,"enemies":"Book of Stabbing","floor":61,"turns":1},{"damage":0,"enemies":"Gremlin Leader","floor":65,"turns":1},{"damage":3,"enemies":"3 Cultists","floor":66,"turns":1},{"damage":0,"enemies":"Book of Stabbing","floor":67,"turns":2},{"damage":0,"enemies":"Slavers","floor":69,"turns":1},{"damage":1,"enemies":"Champ","floor":71,"turns":3},{"damage":0,"enemies":"Orb Walker","floor":73,"turns":1},{"damage":3,"enemies":"3 Shapes","floor":76,"turns":2},{"damage":0,"enemies":"R_Hoarder","floor":78,"turns":3},{"damage":0,"enemies":"3 Darklings","floor":82,"turns":1},{"damage":0,"enemies":"Nemesis","floor":83,"turns":1},{"damage":0,"enemies":"Writhing Mass","floor":84,"turns":1},{"damage":0,"enemies":"Spire Growth","floor":85,"turns":1},{"damage":0,"enemies":"Transient","floor":86,"turns":5},{"damage":3,"enemies":"hubris:GrandSnecko","floor":88,"turns":2},{"damage":0,"enemies":"Shield and Spear","floor":92,"turns":1},{"damage":0,"enemies":"Cultist","floor":94,"turns":1},{"damage":0,"enemies":"Lagavulin","floor":99,"turns":1},{"damage":0,"enemies":"2 Louse","floor":100,"turns":1},{"damage":0,"enemies":"Gremlin Nob","floor":101,"turns":1},{"damage":0,"enemies":"Jaw Worm","floor":103,"turns":1},{"damage":0,"enemies":"Replay:BlueRogue","floor":104,"turns":1},{"damage":0,"enemies":"Large Slime","floor":106,"turns":1},{"damage":0,"enemies":"Exordium Thugs","floor":107,"turns":1},{"damage":0,"enemies":"Fading Forest","floor":109,"turns":2},{"damage":0,"enemies":"theJungle:Flameango_and_Byrd","floor":111,"turns":1},{"damage":0,"enemies":"theJungle:MUSHROOMGANG","floor":115,"turns":1},{"damage":0,"enemies":"theJungle:Cassacara","floor":116,"turns":1},{"damage":0,"enemies":"Snake Plant","floor":118,"turns":1},{"damage":0,"enemies":"theJungle:2_Phrogs","floor":120,"turns":1},{"damage":0,"enemies":"theJungle:JungleHuntersEncounter","floor":121,"turns":1},{"damage":0,"enemies":"theJungle:MamaSnecko","floor":122,"turns":1},{"damage":0,"enemies":"theJungle:2_Phrogs","floor":124,"turns":1},{"damage":0,"enemies":"theJungle:FunGuy","floor":126,"turns":1},{"damage":0,"enemies":"3 Darklings","floor":128,"turns":1},{"damage":0,"enemies":"3 Shapes","floor":129,"turns":1},{"damage":0,"enemies":"Transient","floor":130,"turns":2},{"damage":0,"enemies":"Sphere and 2 Shapes","floor":131,"turns":1},{"damage":0,"enemies":"R_Hoarder","floor":133,"turns":1},{"damage":0,"enemies":"Nemesis","floor":135,"turns":1},{"damage":0,"enemies":"4 Shapes","floor":137,"turns":1},{"damage":0,"enemies":"Mind Bloom Boss Battle","floor":140,"turns":1},{"damage":2,"enemies":"Replay:Hell Engine","floor":143,"turns":1},{"damage":0,"enemies":"Shield and Spear","floor":147,"turns":2},{"damage":2,"enemies":"The Heart","floor":148,"turns":3}],"seed_played":"3682001159535493053","potions_obtained":[{"floor":8,"key":"BlessingOfTheForge"},{"floor":14,"key":"BlessingOfTheForge"},{"floor":16,"key":"Explosive Potion"},{"floor":19,"key":"Weak Potion"},{"floor":22,"key":"sneckomod:MuddlingPotion"},{"floor":23,"key":"Regen Potion"},{"floor":29,"key":"AttackPotion"},{"floor":38,"key":"Elixir"},{"floor":46,"key":"sneckomod:MuddlingPotion"},{"floor":60,"key":"Swift Potion"},{"floor":65,"key":"PowerPotion"},{"floor":78,"key":"PowerPotion"},{"floor":80,"key":"LiquidMemories"},{"floor":86,"key":"ColorlessPotion"},{"floor":92,"key":"FearPotion"},{"floor":99,"key":"ColorlessPotion"},{"floor":109,"key":"Energy Potion"},{"floor":111,"key":"SmokeBomb"},{"floor":115,"key":"Cursed Concoction"},{"floor":116,"key":"Swift Potion"},{"floor":118,"key":"SkillPotion"},{"floor":126,"key":"SteroidPotion"},{"floor":128,"key":"Weak Potion"},{"floor":129,"key":"Flashbang"},{"floor":130,"key":"BlessingOfTheForge"}],"is_trial":false,"path_per_floor":["M","?","M","M","$","E","?","M","T","R","E","$","$","M","R","B",null,"M","M","?","T","M","E","R","M","T","E","M","E","R","E","R","B",null,"M","M","?","M","M","E","R","M","T","M","E","M","M","T","R","B",null,"R","$","E","B","M","?","?","?","M","E","T","$","T","E","M","E","R","E","R","B",null,"M","?","?","M","T","E","T","?","T","M","E","M","M","M","R","B",null,"R","$","E","B","M","$","?","T","$","E","M","E","T","M","E","?","M","M","R_BF","B",null,"M","?","T","?","M","E","R","M","T","E","M","E","R","E","R","B",null,"M","M","M","M","?","E","?","E","T","M","$","T","?","?","R","B",null,"R","$","E","B",null],"character_chosen":"NECROMANCER","items_purchased":["Toxic_Smoke_Screen","Acid_Javelin","Shovel","Plague_Bolt","Necrotic_Claws","Regen Potion","Bottled Lightning","Dexterity Potion","Lee\u0027s Waffle","expansioncontent:Torchfire","Strange Spoon","hubris:CuriousFeather","hubris:EvacipatedBox","Bronze Scales","Summon_Undead_Army","HandDrill","hubris:ToyBattleship","Skeleton_Dragon","Gremlin Horn","Guide Book","Calipers","Exploit"],"campfire_rested":1,"item_purchase_floors":[5,5,12,53,53,53,53,53,53,53,63,63,63,91,91,91,91,98,138,138,146,146],"current_hp_per_floor":[72,72,75,68,68,31,31,25,25,25,13,13,13,6,28,34,75,39,47,47,47,52,72,72,77,77,80,76,78,78,84,84,50,89,88,89,89,89,89,89,89,89,89,89,89,38,43,43,43,24,89,89,96,96,96,96,96,90,90,96,96,96,47,47,57,64,80,80,90,90,96,96,96,96,86,93,93,96,103,103,103,103,103,101,101,101,101,101,101,99,99,99,97,97,97,97,95,95,95,93,93,93,91,91,91,89,89,89,87,87,87,87,85,85,85,83,83,83,81,81,81,79,79,82,80,83,83,86,89,92,95,93,96,99,100,100,103,101,101,104,99,108,108,106,106,109,110,110],"gold":103,"neow_bonus":"THREE_CARDS","is_daily":false,"chose_seed":false,"campfire_upgraded":3,"win_rate":0.0,"timestamp":1608422759,"path_taken":["M","?","M","?","$","E","?","M","T","R","E","?","$","M","R","BOSS","M","?","?","?","M","E","R","M","T","E","M","E","R","E","R","BOSS","M","?","?","M","?","E","R","M","T","M","E","M","M","?","R","BOSS","R","$","E","BOSS","M","?","?","?","M","E","?","?","T","E","M","E","R","E","R","BOSS","M","?","?","M","?","E","?","?","T","M","E","M","M","M","R","BOSS","R","$","E","BOSS","M","$","?","?","$","E","M","E","T","?","E","?","M","M","R_BF","BOSS","M","?","?","?","M","E","R","M","T","E","M","E","R","E","R","BOSS","M","M","M","M","?","E","?","E","T","M","$","?","?","?","R","BOSS","R","$","E","BOSS"],"items_purchased_type":["Card","Card","Relic","Card","Card","Potion","Relic","Potion","Relic","Card","Relic","Relic","Relic","Relic","Card","Relic","Relic","Card","Relic","Relic","Relic","Card"],"build_version":"2020-12-13","purchased_purges":0,"victory":true,"max_hp_per_floor":[75,75,75,75,75,75,75,75,75,75,75,75,75,75,75,75,75,75,75,75,75,75,89,89,89,89,89,89,89,89,89,89,89,89,89,89,89,89,89,89,89,89,89,89,89,89,89,89,89,89,89,89,96,96,96,96,96,96,96,96,96,96,96,96,96,96,96,96,96,96,96,96,96,96,96,96,96,96,103,103,103,103,103,101,101,101,101,101,101,99,99,99,97,97,97,97,95,95,95,93,93,93,91,91,91,89,89,89,87,87,87,87,85,85,85,83,83,83,81,81,81,79,79,82,80,83,83,86,89,92,95,93,96,99,100,100,103,101,101,104,105,108,108,106,106,109,110,110],"card_choices":[{"not_picked":["Consume_Illness","Shade_Step"],"picked":"Bone_Armory","floor":0},{"not_picked":["Death_March_Dance","Stop_Heart"],"picked":"Vampiric_Strike","floor":1},{"not_picked":["Blood_for_Blood","Scare"],"picked":"Negative_Energy_Sphere","floor":3},{"not_picked":["Spectral_Walk","Death_Coil"],"picked":"Bone_Bullets","floor":4},{"not_picked":["Death_Coil","Deaths_Shadow"],"picked":"Negative_Energy_Sphere","floor":6},{"not_picked":["Toxic_Smoke_Screen","Negative_Energy_Sphere"],"picked":"Negative_Energy_Javelin","floor":8},{"not_picked":["Bone_Shift","Violent_Necrosis"],"picked":"Bones_to_Steel","floor":11},{"not_picked":["Blood_Wake","Blood_Curse"],"picked":"Life_Drain","floor":14},{"not_picked":["Requiem","Grasp_Heart"],"picked":"Blood_Magic","floor":16},{"not_picked":["Shackles_Of_Pain+1","Toxic_Smoke_Screen"],"picked":"Summon_Undead_Army","floor":18},{"not_picked":["Bone_Bullets","Blood_Curse"],"picked":"Bone_Spikes","floor":19},{"not_picked":["Negative_Energy_Shield+1","Siphon_Strength+1"],"picked":"Deaths_Shadow","floor":22},{"not_picked":["Pandemic","Flesh_Made_Foul"],"picked":"Plague_Bolt+1","floor":23},{"not_picked":["Bone_Bullets","Bone_Armor+1"],"picked":"Death_Knell","floor":25},{"not_picked":["Blood_Curse","Vampiric_Strike"],"picked":"Bone_Shift","floor":27},{"not_picked":["Spectral_Armor","Blood_Is_Power+1"],"picked":"Bone_Armor+1","floor":28},{"not_picked":["Death_March_Dance","Shackles_Of_Pain+1"],"picked":"Summon_Vampire_Lady","floor":29},{"not_picked":["Blood_Whip+1","Consume_Illness"],"picked":"Bone_Prison","floor":31},{"not_picked":["Blood_Magic","Grasp_Heart"],"picked":"Reap_The_Weak","floor":33},{"not_picked":["Toxic_Smoke_Screen","Negative_Energy_Shield+1"],"picked":"Bone_Shift+1","floor":35},{"not_picked":["Chill_Blood","Toxic_Smoke_Screen+1"],"picked":"Scare+1","floor":36},{"not_picked":["Thousand_Bone_Knives+1","Whirlwind_of_Bones+1"],"picked":"Scare","floor":38},{"not_picked":["Life_Tap+1","Blood_Is_Power+1"],"picked":"Bone_Bullets","floor":39},{"not_picked":["Scare+1","Deaths_Shadow"],"picked":"Pandemic","floor":40},{"not_picked":["Scare","Death_March_Dance+1"],"picked":"Vampiric_Strike","floor":42},{"not_picked":["Negative_Energy_Javelin","Death_March_Dance+1"],"picked":"Negative_Energy_Sphere+1","floor":44},{"not_picked":["Grasp_Heart","Negative_Energy_Javelin"],"picked":"Spectral_Walk+1","floor":45},{"not_picked":["Chill_Blood+1","Negative_Energy_Mist+1"],"picked":"Death_Knell+1","floor":46},{"not_picked":["Bones_to_Steel+1","Vampiric_Strike+1"],"picked":"Negative_Energy_Javelin","floor":47},{"not_picked":["Shade_Step+1","Violent_Necrosis+1"],"picked":"Shackles_Of_Pain","floor":54},{"not_picked":["Grasp_Heart","Blood_Curse"],"picked":"Acid_Javelin","floor":56},{"not_picked":["Chill_Blood+1","Vampiric_Strike"],"picked":"Death_Coil","floor":60},{"not_picked":["Scare","Vampiric_Strike"],"picked":"Negative_Energy_Mist","floor":61},{"not_picked":["Negative_Energy_Mist","Detonate_Bones"],"picked":"Necrotic_Claws","floor":65},{"not_picked":["Blood_Is_Power+1","Plague_Bolt"],"picked":"Toxic_Smoke_Screen+1","floor":66},{"not_picked":["Chill_Blood","Blood_Curse+1"],"picked":"Finger_Of_Death","floor":67},{"not_picked":["Acid_Javelin","Negative_Energy_Mist"],"picked":"Blood_Shield+1","floor":69},{"not_picked":["Blood_Wake","Hellfire"],"picked":"Cloudkill","floor":71},{"not_picked":["Blood_for_Blood+1","Consume_Illness"],"picked":"Chill_Blood+1","floor":73},{"not_picked":["expansioncontent:DonusPower","Enlightenment"],"picked":"Impatience","floor":75},{"not_picked":["Replay:SS_fish_2","expansioncontent:ManipulateTime"],"picked":"Replay:Bootleg Shield Generator","floor":75},{"not_picked":["expansioncontent:DonusPower","Midas Touch"],"picked":"Replay:SS_hec_4","floor":75},{"not_picked":["Blood_Curse","Shackles_Of_Pain+1"],"picked":"Bone_Armor+1","floor":76},{"not_picked":["Shade_Step+1","Bone_Prison"],"picked":"Bone_Shift+1","floor":78},{"not_picked":["Blood_Curse+1","Consume_Illness+1"],"picked":"Pandemic+1","floor":82},{"not_picked":["Strike_from_Beyond+1","Deaths_Shadow+1"],"picked":"Uncharnel+1","floor":83},{"not_picked":["Scare","Consume_Illness+1"],"picked":"Bone_Armor+1","floor":84},{"not_picked":["Negative_Energy_Mist","Blood_for_Blood"],"picked":"Corrupt","floor":85},{"not_picked":["Death_Knell+1","Whirlwind_of_Bones+1"],"picked":"Exploit+1","floor":86},{"not_picked":["Consume_Illness+1","Blood_Magic"],"picked":"Bone_Armory","floor":92},{"not_picked":["Consume_Illness","Bone_Armory"],"picked":"Shade_Step","floor":93},{"not_picked":["Violent_Necrosis","Consume_Illness"],"picked":"Corrupt","floor":94},{"not_picked":["Bone_Armory","Grasp_Heart"],"picked":"Negative_Energy_Shield","floor":99},{"not_picked":["Spectral_Armor","Shackles_Of_Pain"],"picked":"Summon_Undead_Army","floor":100},{"not_picked":["Chill_Blood","Cloudkill"],"picked":"Blood_Curse","floor":101},{"not_picked":["Bones_to_Steel","Spectral_Walk"],"picked":"Plague_Bolt","floor":103},{"not_picked":["Blood_Magic","Toxic_Smoke_Screen"],"picked":"Bone_Armor","floor":104},{"not_picked":["Negative_Energy_Sphere","Bone_Armor"],"picked":"Spectral_Armor","floor":106},{"not_picked":["Vampiric_Strike","Bones_to_Steel"],"picked":"Death_Coil","floor":107},{"not_picked":["Detonate_Bones","Cloudkill"],"picked":"Skeleton_Dragon","floor":109},{"not_picked":["Negative_Energy_Javelin","Consume_Illness+1"],"picked":"Death_Coil+1","floor":111},{"not_picked":["Bone_Bullets","Death_March_Dance"],"picked":"Summon_Undead_Army","floor":115},{"not_picked":["Death_Coil","Stop_Heart+1"],"picked":"Siphon_Strength","floor":116},{"not_picked":["Plague_Bolt","Death_Coil+1"],"picked":"Summon_Undead_Army+1","floor":118},{"not_picked":["Stop_Heart+1","Chill_Blood"],"picked":"Bone_Spikes","floor":120},{"not_picked":["Toxic_Smoke_Screen","Consume_Illness"],"picked":"Bone_Shift","floor":121},{"not_picked":["Blood_Curse","Negative_Energy_Mist"],"picked":"Bone_Bullets","floor":122},{"not_picked":["Death_March_Dance","Negative_Energy_Sphere"],"picked":"Finger_Of_Death","floor":124},{"not_picked":["Requiem","Blood_Wake","Hellfire"],"picked":"Retrieval Recycling","floor":126},{"not_picked":["Blood_Curse","Bone_Armor","Slay_Living"],"picked":"Ruin Defend","floor":128},{"not_picked":["Acid_Javelin","Bone_Bullets+1","Cloudkill"],"picked":"Reflection Mechanism","floor":129},{"not_picked":["Consume_Illness+1","Scare+1","Bugfix"],"picked":"Blood_Shield","floor":130},{"not_picked":["Bone_Armory+1","Exploit","Winding Magic"],"picked":"Thousand_Bone_Knives+1","floor":131},{"not_picked":["Bone_Armor+1","Violent_Necrosis","Break Into"],"picked":"Toxic_Smoke_Screen","floor":133},{"not_picked":["Bone_Armor","Stop_Heart+1","Reinforcement Parts"],"picked":"Toxic_Smoke_Screen","floor":135},{"not_picked":["Bones_to_Steel+1","Blood_for_Blood+1","E MP"],"picked":"Bone_Shift","floor":137},{"not_picked":["Blood_Curse+1","Chill_Blood+1","Rupture"],"picked":"Blood_Whip","floor":140},{"not_picked":["Blood_Curse+1","Negative_Energy_Mist","Bone_Armor+1"],"picked":"Afterwards","floor":147}],"player_experience":50651,"relics_obtained":[{"floor":6,"key":"Old Coin"},{"floor":9,"key":"Potion Belt"},{"floor":11,"key":"Tiny Chest"},{"floor":21,"key":"Gremlin Food"},{"floor":23,"key":"Mango"},{"floor":26,"key":"PreservedInsect"},{"floor":27,"key":"Peace Pipe"},{"floor":29,"key":"Replay:Bottled Eggs"},{"floor":30,"key":"hubris:Zylophone"},{"floor":31,"key":"War Paint"},{"floor":32,"key":"hubris:FunFungus"},{"floor":40,"key":"Mirror"},{"floor":41,"key":"HornCleat"},{"floor":45,"key":"Oddly Smooth Stone"},{"floor":48,"key":"Dream Catcher"},{"floor":49,"key":"Blood Vial"},{"floor":54,"key":"Bag of Marbles"},{"floor":61,"key":"hubris:CrystalStatue"},{"floor":62,"key":"Grinning Jar"},{"floor":64,"key":"Orichalcum"},{"floor":65,"key":"Replay:Wax Seal"},{"floor":67,"key":"Boot"},{"floor":69,"key":"hubris:DuctTape"},{"floor":70,"key":"Bag of Preparation"},{"floor":72,"key":"Happy Flower"},{"floor":72,"key":"hubris:DeckOfHolding"},{"floor":72,"key":"FossilizedHelix"},{"floor":77,"key":"hubris:SlimyHat"},{"floor":78,"key":"Lantern"},{"floor":79,"key":"Strawberry"},{"floor":80,"key":"ReplayTheSpireMod:Ring of Addiction"},{"floor":80,"key":"Toy Ornithopter"},{"floor":80,"key":"White Beast Statue"},{"floor":80,"key":"Ring of Misfortune"},{"floor":81,"key":"Replay:Accelerometer"},{"floor":83,"key":"Replay:Rubber Ducky"},{"floor":87,"key":"hubris:TenFootPole"},{"floor":90,"key":"Chameleon Ring"},{"floor":92,"key":"Anchor"},{"floor":97,"key":"Onion Ring"},{"floor":99,"key":"hubris:Metronome"},{"floor":101,"key":"Simple Rune"},{"floor":102,"key":"Blue Doll"},{"floor":104,"key":"Replay:Mystery Machine"},{"floor":108,"key":"hubris:MedicalManual"},{"floor":113,"key":"Nunchaku"},{"floor":116,"key":"Vajra"},{"floor":116,"key":"Pet Ghost"},{"floor":117,"key":"Counterbalance"},{"floor":119,"key":"hubris:TinFlute"},{"floor":120,"key":"Ornamental Fan"},{"floor":120,"key":"Bottled Tornado"},{"floor":122,"key":"Thread and Needle"},{"floor":122,"key":"Eternal Feather"},{"floor":123,"key":"Mercury Hourglass"},{"floor":124,"key":"Replay:Ringing Soul"},{"floor":124,"key":"hubris:DisguiseKit"},{"floor":125,"key":"Shuriken"},{"floor":133,"key":"ReplayTheSpireMod:Ninjato"},{"floor":133,"key":"Golden Egg"},{"floor":135,"key":"Replay:WaspNest"},{"floor":135,"key":"Sundial"},{"floor":136,"key":"Snack Pack"},{"floor":139,"key":"Replay:PocketPolymizer"},{"floor":140,"key":"Bird Faced Urn"},{"floor":142,"key":"hubris:BundleOfHerbs"},{"floor":145,"key":"Ginger"},{"floor":147,"key":"Replay:Kaleidoscope"},{"floor":147,"key":"Incense Burner"}],"event_choices":[{"cards_removed":["Strike_W"],"damage_healed":0,"gold_gain":0,"player_choice":"Offered Basic","damage_taken":0,"max_hp_gain":0,"max_hp_loss":0,"event_name":"Bonfire Elementals","floor":2,"gold_loss":0},{"damage_healed":0,"gold_gain":0,"player_choice":"Obtain J.A.X.","damage_taken":0,"max_hp_gain":0,"max_hp_loss":0,"event_name":"Drug Dealer","floor":20,"gold_loss":0,"cards_obtained":["J.A.X."]},{"damage_healed":0,"gold_gain":0,"player_choice":"Ignored","damage_taken":0,"max_hp_gain":0,"max_hp_loss":0,"event_name":"SecretPortal","floor":37,"gold_loss":0},{"damage_healed":0,"gold_gain":0,"player_choice":"Joined the Cult","damage_taken":6,"max_hp_gain":0,"max_hp_loss":0,"event_name":"Nest","floor":58,"gold_loss":0,"cards_obtained":["RitualDagger"]},{"damage_healed":0,"gold_gain":0,"player_choice":"Memory 3","damage_taken":10,"max_hp_gain":0,"max_hp_loss":0,"event_name":"SensoryStone","floor":75,"gold_loss":0},{"cards_removed":["Blood_Shield"],"damage_healed":0,"gold_gain":0,"player_choice":"Gave Card","damage_taken":0,"relics_obtained":["Grinning Jar"],"max_hp_gain":0,"max_hp_loss":0,"event_name":"WeMeetAgain","floor":96,"gold_loss":0},{"damage_healed":0,"gold_gain":0,"cards_transformed":["Strike_W"],"player_choice":"Transformed","damage_taken":0,"max_hp_gain":0,"max_hp_loss":0,"event_name":"Transmorgrifier","floor":112,"gold_loss":0,"cards_obtained":["Chill_Blood"]},{"damage_healed":0,"gold_gain":0,"player_choice":"Ignored","damage_taken":0,"max_hp_gain":0,"max_hp_loss":0,"event_name":"Tomb of Lord Red Mask","floor":132,"gold_loss":0},{"damage_healed":0,"gold_gain":0,"player_choice":"Fight","damage_taken":0,"max_hp_gain":0,"max_hp_loss":0,"event_name":"MindBloom","floor":140,"gold_loss":0},{"damage_healed":0,"gold_gain":0,"player_choice":"Embrace Madness","damage_taken":13,"max_hp_gain":0,"max_hp_loss":0,"event_name":"Winding Halls","floor":141,"gold_loss":0,"cards_obtained":["Madness","Madness"]}],"is_beta":false,"boss_relics":[{"not_picked":["Replay:Wanted Poster","Sozu"],"picked":"hubris:BlackHole"},{"not_picked":["Cursed Key","Velvet Choker"],"picked":"Replay:Bronze Core"},{"not_picked":["ReplayTheSpireMod:DimensionalGlitch","hubris:GrandSneckoEye","hubris:CrackedHourglass"],"picked":"Calling Bell"},{"not_picked":["Replay:Wanted Poster","ChewingGum","Fusion Hammer"],"picked":"Black Star"},{"not_picked":["hubris:GrandSneckoEye","Astrolabe","Honey Jar"],"picked":"Philosopher\u0027s Stone"}],"items_purged_floors":[],"is_endless":false,"potions_floor_spawned":[8,14,16,19,22,23,29,38,42,46,60,65,73,78,82,83,84,85,86,92,94,99,100,101,103,104,106,107,109,111,115,116,118,120,121,122,124,126,128,129,130,131,133,135,137,140,147],"ascension_level":1}}