{"host":"pnte43t0hnfhqkei","time":1608505985,"event":{"mods":["Act Like it!","BaseMod","BetterRewards","Colored Powertips","Conspire","Infinite Spire","Luminous","Minty Spire (QoL Compilation)","Robot Space Explorer","StSLib","The Dragon Tamer","TheSwordswoman","TheWitcher","Wandering Minibosses"],"gold_per_floor":[113,123,134,134,151,177,127,127,179,104,134,150,150,162,162,162,162],"floor_reached":16,"playtime":781,"items_purged":["Luminous:Light_Flash_Shower"],"score":137,"play_id":"f01ad2da-b8fd-4e54-a44c-2f16fa3a6f40","local_time":"20201221001305","is_ascension_mode":false,"campfire_choices":[{"data":"Luminous:Dark_Apocalypse","floor":8,"key":"SMITH"},{"floor":15,"key":"REST"}],"circlet_count":0,"master_deck":["Luminous:Light_Flash_Shower+1","Luminous:Dark_Abyssal_Drop","Luminous:Dark_Abyssal_Drop","Luminous:Dark_Abyssal_Drop+1","Luminous:Defend_Luminous","Luminous:Defend_Luminous","Luminous:Defend_Luminous","Luminous:Defend_Luminous","Luminous:Switch_Luminous","Luminous:Dark_Apocalypse+1","Luminous:Magic_Accelerate_Luminous","Luminous:Ethereal_Form_Luminous","Luminous:Armageddon_Luminous"],"relics":["Luminous:MirrorRelic","Mercury Hourglass","PreservedInsect","Toy Ornithopter","Whetstone"],"acts_visited":["Exordium"],"potions_floor_usage":[6,11,11],"damage_taken":[{"damage":0,"enemies":"Small Slimes","floor":1,"turns":3},{"damage":1,"enemies":"conspire:RoseBush","floor":2,"turns":5},{"damage":8,"enemies":"2 Louse","floor":3,"turns":4},{"damage":10,"enemies":"Looter","floor":5,"turns":2},{"damage":41,"enemies":"Lagavulin","floor":6,"turns":6},{"damage":0,"enemies":"Gremlin Nob","floor":11,"turns":2},{"damage":0,"enemies":"2 Fungi Beasts","floor":12,"turns":1},{"damage":5,"enemies":"conspire:2 RoseBushes","floor":14,"turns":7},{"damage":28,"enemies":"The Guardian","floor":16,"turns":5}],"seed_played":"2526567227594962657","potions_obtained":[{"floor":2,"key":"EssenceOfSteel"},{"floor":5,"key":"SkillPotion"},{"floor":6,"key":"Fire Potion"}],"is_trial":false,"path_per_floor":["M","M","M","?","M","E","?","R","T","$","E","M","?","M","R","B"],"character_chosen":"LuminousClass","items_purchased":[],"campfire_rested":1,"item_purchase_floors":[],"current_hp_per_floor":[82,81,73,55,45,4,4,4,4,4,14,14,7,2,26,0,0],"gold":162,"neow_bonus":"TEN_PERCENT_HP_BONUS","is_daily":false,"chose_seed":false,"campfire_upgraded":1,"win_rate":0.0,"timestamp":1608505985,"path_taken":["M","M","M","?","M","E","?","R","T","$","E","M","?","M","R","BOSS"],"items_purchased_type":[],"build_version":"2020-12-13","purchased_purges":1,"victory":false,"max_hp_per_floor":[82,82,82,82,82,82,82,82,82,82,82,82,82,82,82,82,82],"card_choices":[{"not_picked":["Luminous:Light_Glare","Luminous:Lights_Protection_Luminous","Luminous:Light_Sylvan_Lance"],"picked":"SKIP","floor":1},{"not_picked":["Luminous:Dark_Dim_Erosion","Luminous:Light_Glare"],"picked":"Luminous:Dark_Apocalypse","floor":2},{"not_picked":["Luminous:Light_Wash_Luminous","Luminous:Balance_Ender","Luminous:Concentrate_Luminous"],"picked":"SKIP","floor":3},{"not_picked":["Luminous:Light_Disperse","Luminous:Accumulation_Luminous"],"picked":"Luminous:Magic_Accelerate_Luminous","floor":5},{"not_picked":["Luminous:Fast_Spell_Luminous","Luminous:Light_Gather"],"picked":"Luminous:Ethereal_Form_Luminous","floor":6},{"not_picked":["Luminous:Dark_Raid","Luminous:Light_Wash_Luminous","Luminous:Light_Sylvan_Lance"],"picked":"SKIP","floor":11},{"not_picked":["Luminous:Dark_Dim_Erosion","Luminous:Light_Track"],"picked":"Luminous:Armageddon_Luminous","floor":12},{"not_picked":["Luminous:Light_Wash_Luminous","Luminous:Balance_Ender","Luminous:Fast_Spell_Luminous"],"picked":"SKIP","floor":14}],"player_experience":116007,"relics_obtained":[{"floor":6,"key":"PreservedInsect"},{"floor":9,"key":"Toy Ornithopter"},{"floor":11,"key":"Whetstone"}],"event_choices":[{"damage_healed":0,"gold_gain":0,"player_choice":"Success","damage_taken":18,"relics_obtained":["Mercury Hourglass"],"max_hp_gain":0,"max_hp_loss":0,"event_name":"Scrap Ooze","floor":4,"gold_loss":0},{"damage_healed":0,"gold_gain":0,"player_choice":"Left Gold","damage_taken":0,"max_hp_gain":0,"max_hp_loss":0,"event_name":"World of Goop","floor":7,"gold_loss":50},{"cards_removed":["Luminous:Light_Flash_Shower"],"damage_healed":0,"gold_gain":0,"player_choice":"Card Removal","damage_taken":7,"max_hp_gain":0,"max_hp_loss":0,"event_name":"Golden Wing","floor":13,"gold_loss":0}],"is_beta":false,"boss_relics":[],"items_purged_floors":[10],"is_endless":false,"potions_floor_spawned":[2,5,6],"killed_by":"The Guardian","ascension_level":0}}