{"host":"o7j6aatxjwpw1421","time":1608470790,"event":{"mods":["2.2 Compatiblity","BaseMod","Colored Map","DeckTracker","Highlight Path","Keyboard Shortcuts","Minty Spire (QoL Compilation)","Permanent Neow","Quick Restart","StSLib","SuperFastMode","everything is the same but u backflip on backflip"],"gold_per_floor":[113,126,126,145,0,0,10,10,10,10,21,32,47,61,61,164,164,183,199,199,213,227,227,227],"floor_reached":23,"playtime":1195,"items_purged":["Strike_R"],"score":323,"play_id":"e328aec3-9342-4375-a558-755f30a9aa8a","local_time":"20201220222630","is_ascension_mode":true,"campfire_choices":[{"data":"Bludgeon","floor":6.0,"key":"SMITH"},{"data":"Shrug It Off","floor":8.0,"key":"SMITH"},{"data":"Battle Trance","floor":10.0,"key":"SMITH"},{"data":"Searing Blow","floor":15.0,"key":"SMITH"}],"circlet_count":0,"master_deck":["Strike_R","Strike_R","Strike_R","Defend_R","Defend_R","Defend_R","Bash","Bludgeon+1","Headbutt","Battle Trance+1","Shrug It Off+1","True Grit","Clothesline","Searing Blow+1","Feed","Armaments","Intimidate","Burning Pact"],"relics":["Burning Blood","InkBottle","Singing Bowl","Mark of Pain"],"acts_visited":["Exordium","TheCity"],"potions_floor_usage":[],"damage_taken":[{"damage":1.0,"enemies":"Cultist","floor":1.0,"turns":3.0},{"damage":12.0,"enemies":"Jaw Worm","floor":2.0,"turns":2.0},{"damage":0.0,"enemies":"2 Louse","floor":4.0,"turns":1.0},{"damage":14.0,"enemies":"Red Slaver","floor":7.0,"turns":2.0},{"damage":0.0,"enemies":"Large Slime","floor":11.0,"turns":3.0},{"damage":17.0,"enemies":"Lots of Slimes","floor":12.0,"turns":3.0},{"damage":0.0,"enemies":"Red Slaver","floor":13.0,"turns":2.0},{"damage":2.0,"enemies":"Exordium Wildlife","floor":14.0,"turns":5.0},{"damage":0.0,"enemies":"Slime Boss","floor":16.0,"turns":5.0},{"damage":31.0,"enemies":"3 Byrds","floor":18.0,"turns":5.0},{"damage":11.0,"enemies":"Shell Parasite","floor":19.0,"turns":4.0},{"damage":16,"enemies":"Snecko","floor":21,"turns":4},{"damage":18,"enemies":"Snake Plant","floor":22,"turns":5},{"damage":49,"enemies":"Slavers","floor":23,"turns":5}],"seed_played":"5445661569533862800","potions_obtained":[{"floor":1.0,"key":"Ancient Potion"},{"floor":13.0,"key":"PowerPotion"},{"floor":16.0,"key":"FearPotion"}],"is_trial":false,"path_per_floor":["M","M","?","M","$","R","M","R","T","R","M","M","M","M","R","B",null,"M","M","?","M","M","E"],"character_chosen":"IRONCLAD","items_purchased":["Battle Trance"],"campfire_rested":0,"item_purchase_floors":[5],"current_hp_per_floor":[56,50,50,56,56,56,48,48,48,48,54,43,49,53,53,59,75,52,47,82,72,60,11,11],"gold":227,"neow_bonus":"TRANSFORM_TWO_CARDS","is_daily":false,"chose_seed":false,"campfire_upgraded":4,"win_rate":0.0,"timestamp":1608470790,"path_taken":["M","?","?","M","?","R","M","R","T","R","M","M","M","M","R","BOSS","M","M","?","?","M","E"],"items_purchased_type":["Card"],"build_version":"2020-12-13","purchased_purges":1,"victory":false,"max_hp_per_floor":[80,80,80,80,80,80,80,80,80,80,80,80,80,80,80,80,80,82,82,82,82,82,82,82],"card_choices":[{"not_picked":["Rage","Pummel"],"picked":"Headbutt","floor":1.0},{"not_picked":["Infernal Blade","Cleave"],"picked":"Rage","floor":2.0},{"not_picked":["Body Slam","Sever Soul","Headbutt"],"picked":"SKIP","floor":4.0},{"not_picked":["Bludgeon","Twin Strike"],"picked":"Shrug It Off","floor":7.0},{"not_picked":["Heavy Blade","Clash"],"picked":"True Grit","floor":11.0},{"not_picked":["Perfected Strike","Pummel"],"picked":"Clothesline","floor":12.0},{"not_picked":["Headbutt","Warcry"],"picked":"Searing Blow","floor":13.0},{"not_picked":["Rage","Pommel Strike","Shockwave"],"picked":"SKIP","floor":14.0},{"not_picked":["Brutality","Juggernaut"],"picked":"Feed","floor":16.0},{"not_picked":["Twin Strike+1","Heavy Blade","Body Slam+1"],"picked":"Singing Bowl","floor":18.0},{"not_picked":["Rupture+1","Pommel Strike"],"picked":"Armaments","floor":19.0},{"not_picked":["Power Through","Uppercut+1"],"picked":"Intimidate","floor":21},{"not_picked":["Body Slam","Heavy Blade"],"picked":"Burning Pact","floor":22}],"player_experience":292960,"relics_obtained":[{"floor":9.0,"key":"Singing Bowl"}],"event_choices":[{"cards_removed":["Rage"],"damage_healed":0.0,"max_hp_gain":0.0,"max_hp_loss":0.0,"gold_gain":0.0,"event_name":"WeMeetAgain","player_choice":"Gave Card","floor":3.0,"gold_loss":0.0,"damage_taken":0.0,"relics_obtained":["InkBottle"]},{"cards_removed":["Whirlwind"],"damage_healed":35.0,"max_hp_gain":0.0,"max_hp_loss":0.0,"gold_gain":0.0,"event_name":"Bonfire Elementals","player_choice":"Offered Uncommon","floor":20.0,"gold_loss":0.0,"damage_taken":0.0}],"is_beta":false,"boss_relics":[{"not_picked":["Cursed Key","Fusion Hammer"],"picked":"Mark of Pain"}],"items_purged_floors":[5],"is_endless":false,"potions_floor_spawned":[1,13,16,22],"killed_by":"Slavers","ascension_level":7}}