{"host":"gkm149kh1ihaqy0o","time":1608430768,"event":{"mods":["AchievementEnabler","BaseMod","Colored Powertips","Googly Eyes","Key Reminder","Minty Spire (QoL Compilation)","Permanent Neow","Quick Restart","Random Character Button","Rare Cards Sparkle","Relic Sorter","Relic Stats","SuperFastMode","Unceasing Turn Reminder","everything is the same but u backflip on backflip"],"gold_per_floor":[116,129,54,54,73,73,101,101,101,101,133,148,48,66,66,163,213,230,248,259,219,72,72,82,112,138,138,154,154,185,204,204,300,300,319,21,34,79,94,94,109,142,190,190,190,190,208,208,208],"floor_reached":48,"playtime":2044,"items_purged":["Regret","Parasite"],"score":742,"play_id":"473ffda5-278d-49d3-82b6-e51d34ab2378","local_time":"20201219201928","is_ascension_mode":true,"campfire_choices":[{"data":"Apotheosis","floor":6,"key":"SMITH"},{"floor":15,"key":"REST"},{"data":"Bullet Time","floor":23,"key":"SMITH"},{"data":"Envenom","floor":27,"key":"SMITH"},{"floor":32,"key":"REST"},{"floor":40,"key":"REST"},{"floor":45,"key":"REST"}],"circlet_count":0,"master_deck":["Strike_G","Strike_G","Strike_G","Strike_G","Defend_G+1","Defend_G","Defend_G","Survivor","Neutralize","Apotheosis+1","Footwork","Heel Hook","Noxious Fumes","Riddle With Holes","Flying Knee","Bullet Time+1","Choke","Cloak And Dagger","Envenom+1","Noxious Fumes","Deadly Poison","Backstab","PiercingWail","Adrenaline","Endless Agony+1","Underhanded Strike","Tools of the Trade","Corpse Explosion","Dagger Spray+1","Burst","All Out Attack","A Thousand Cuts","Footwork+1","Dash","Backflip","Dash+1","Slice+1","Doubt","Writhe","Writhe","Concentrate"],"relics":["Ring of the Snake","White Beast Statue","Vajra","CultistMask","Unceasing Top","Tiny House","Lee\u0027s Waffle","PreservedInsect","MealTicket","Toy Ornithopter","Cursed Key","Lantern","Torii","Letter Opener","Blood Vial","Pocketwatch"],"acts_visited":["Exordium","TheCity","TheBeyond"],"potions_floor_usage":[5,7,16,16,18,18,18,20,20,24,25,25,28,28,33,33,35,38,38,39,41,42,47],"damage_taken":[{"damage":3,"enemies":"Small Slimes","floor":1,"turns":5},{"damage":3,"enemies":"Cultist","floor":2,"turns":6},{"damage":2,"enemies":"2 Louse","floor":5,"turns":4},{"damage":17,"enemies":"3 Sentries","floor":7,"turns":7},{"damage":24,"enemies":"Gremlin Nob","floor":11,"turns":4},{"damage":0,"enemies":"2 Fungi Beasts","floor":12,"turns":4},{"damage":5,"enemies":"Red Slaver","floor":14,"turns":2},{"damage":8,"enemies":"The Guardian","floor":16,"turns":9},{"damage":19,"enemies":"2 Thieves","floor":18,"turns":4},{"damage":1,"enemies":"Chosen","floor":19,"turns":4},{"damage":10,"enemies":"Snake Plant","floor":20,"turns":4},{"damage":4,"enemies":"3 Cultists","floor":24,"turns":4},{"damage":20,"enemies":"Book of Stabbing","floor":25,"turns":6},{"damage":9,"enemies":"Centurion and Healer","floor":28,"turns":6},{"damage":20,"enemies":"Slavers","floor":30,"turns":4},{"damage":21,"enemies":"Snecko","floor":31,"turns":4},{"damage":30,"enemies":"Champ","floor":33,"turns":9},{"damage":0,"enemies":"Orb Walker","floor":35,"turns":2},{"damage":0,"enemies":"3 Shapes","floor":37,"turns":2},{"damage":35,"enemies":"2 Orb Walkers","floor":38,"turns":4},{"damage":44,"enemies":"Spire Growth","floor":39,"turns":6},{"damage":35,"enemies":"Transient","floor":41,"turns":5},{"damage":33,"enemies":"Reptomancer","floor":42,"turns":7},{"damage":23,"enemies":"Sphere and 2 Shapes","floor":47,"turns":4},{"damage":39,"enemies":"Spire Growth","floor":48,"turns":4}],"seed_played":"-6693324450619350902","potions_obtained":[{"floor":2,"key":"Block Potion"},{"floor":5,"key":"Weak Potion"},{"floor":11,"key":"Block Potion"},{"floor":12,"key":"AttackPotion"},{"floor":14,"key":"Explosive Potion"},{"floor":16,"key":"EssenceOfSteel"},{"floor":17,"key":"SkillPotion"},{"floor":18,"key":"SkillPotion"},{"floor":19,"key":"BlessingOfTheForge"},{"floor":20,"key":"Explosive Potion"},{"floor":21,"key":"LiquidMemories"},{"floor":21,"key":"Energy Potion"},{"floor":24,"key":"Dexterity Potion"},{"floor":25,"key":"Block Potion"},{"floor":28,"key":"FairyPotion"},{"floor":30,"key":"Fire Potion"},{"floor":31,"key":"DuplicationPotion"},{"floor":33,"key":"SkillPotion"},{"floor":35,"key":"EssenceOfSteel"},{"floor":37,"key":"ColorlessPotion"},{"floor":38,"key":"Poison Potion"},{"floor":39,"key":"BlessingOfTheForge"},{"floor":41,"key":"Regen Potion"},{"floor":42,"key":"BlessingOfTheForge"},{"floor":47,"key":"SteroidPotion"}],"is_trial":false,"path_per_floor":["M","M","$","?","M","R","E","?","T","?","E","M","$","M","R","B",null,"M","M","M","?","$","R","M","E","T","R","M","?","E","M","R","B",null,"M","$","M","?","M","R","M","E","T","?","R","T","M","M"],"character_chosen":"THE_SILENT","items_purchased":["Lee\u0027s Waffle","Lantern","A Thousand Cuts"],"campfire_rested":4,"item_purchase_floors":[22,36,36],"current_hp_per_floor":[60,57,57,57,55,55,38,55,55,55,31,31,31,26,46,38,65,46,45,35,35,79,79,75,55,55,55,46,46,26,5,28,8,61,66,79,79,44,5,28,23,10,10,30,53,53,37,0,0],"gold":208,"neow_bonus":"RANDOM_COLORLESS_2","is_daily":false,"chose_seed":false,"campfire_upgraded":3,"win_rate":0.0,"timestamp":1608430768,"path_taken":["M","M","$","?","?","R","E","?","T","?","E","?","$","M","R","BOSS","M","M","M","?","$","R","?","E","T","R","M","?","E","M","R","BOSS","M","$","M","?","M","R","M","E","T","?","R","?","?","M"],"items_purchased_type":["Relic","Relic","Card"],"build_version":"2020-12-13","purchased_purges":2,"victory":false,"max_hp_per_floor":[70,70,70,70,70,70,70,70,70,70,70,70,67,67,67,67,72,72,72,72,72,79,79,79,79,79,79,79,79,79,79,79,79,79,79,79,79,79,79,79,79,79,79,79,79,79,79,79,79],"relic_stats":{"Lee\u0027s Waffle":44,"Torii":11,"counters":[25,120],"PreservedInsect":101,"Letter Opener":[10],"Cursed Key":2,"Blood Vial":4,"MealTicket":13,"obtain_stats":[{"Lee\u0027s Waffle":22,"Lantern":36,"Tiny House":17,"Torii":38,"Vajra":9,"PreservedInsect":25,"Letter Opener":42,"Cursed Key":34,"White Beast Statue":7,"Blood Vial":43,"MealTicket":26,"CultistMask":10,"Unceasing Top":11,"Toy Ornithopter":30,"Ring of the Snake":0,"Pocketwatch":46},{"Lee\u0027s Waffle":11,"Lantern":18,"Tiny House":8,"Torii":20,"Vajra":4,"PreservedInsect":13,"Letter Opener":23,"Cursed Key":17,"White Beast Statue":4,"Blood Vial":23,"MealTicket":13,"CultistMask":4,"Unceasing Top":5,"Toy Ornithopter":15,"Ring of the Snake":0,"Pocketwatch":23},{"Lee\u0027s Waffle":53,"Lantern":88,"Tiny House":41,"Torii":94,"Vajra":22,"PreservedInsect":63,"Letter Opener":112,"Cursed Key":86,"White Beast Statue":22,"Blood Vial":112,"MealTicket":63,"CultistMask":22,"Unceasing Top":26,"Toy Ornithopter":73,"Ring of the Snake":0,"Pocketwatch":112}],"Unceasing Top":[9],"Toy Ornithopter":35,"Ring of the Snake":[50],"Pocketwatch":[6]},"card_choices":[{"not_picked":["Panache","Violence"],"picked":"Apotheosis","floor":0},{"not_picked":["Infinite Blades","Sucker Punch"],"picked":"Footwork","floor":1},{"not_picked":["Skewer","PiercingWail"],"picked":"Heel Hook","floor":2},{"not_picked":["Acrobatics","Dagger Throw"],"picked":"Riddle With Holes","floor":5},{"not_picked":["Dodge and Roll","Outmaneuver"],"picked":"Flying Knee","floor":7},{"not_picked":["Phantasmal Killer","Night Terror"],"picked":"Bullet Time","floor":11},{"not_picked":["Masterful Stab","Bane"],"picked":"Choke","floor":12},{"not_picked":["Bane","Outmaneuver"],"picked":"Cloak And Dagger","floor":14},{"not_picked":["Tools of the Trade","Grand Finale"],"picked":"Envenom","floor":16},{"not_picked":["Blade Dance","Dodge and Roll"],"picked":"Noxious Fumes","floor":17},{"not_picked":["Deflect","Flying Knee"],"picked":"Deadly Poison","floor":18},{"not_picked":["Bane","Acrobatics"],"picked":"Backstab","floor":19},{"not_picked":["Reflex+1","Escape Plan","Flying Knee"],"picked":"SKIP","floor":20},{"not_picked":["Underhanded Strike","Deflect+1"],"picked":"PiercingWail","floor":24},{"not_picked":["Outmaneuver+1","Quick Slash"],"picked":"Adrenaline","floor":25},{"not_picked":["Underhanded Strike","Deadly Poison"],"picked":"Endless Agony+1","floor":28},{"not_picked":["Flying Knee","Cloak And Dagger"],"picked":"Corpse Explosion","floor":30},{"not_picked":["Sucker Punch","Bane+1"],"picked":"Dagger Spray+1","floor":31},{"not_picked":["Phantasmal Killer","Venomology"],"picked":"Burst","floor":33},{"not_picked":["Deadly Poison","Bane"],"picked":"All Out Attack","floor":35},{"not_picked":["Acrobatics","Slice"],"picked":"Footwork+1","floor":37},{"not_picked":["Dodge and Roll","Dagger Spray+1"],"picked":"Dash","floor":38},{"not_picked":["Underhanded Strike+1","Endless Agony"],"picked":"Backflip","floor":39},{"not_picked":["Flying Knee+1","Underhanded Strike"],"picked":"Dash+1","floor":41},{"not_picked":["Setup+1","Outmaneuver+1"],"picked":"Slice+1","floor":42},{"not_picked":["Underhanded Strike+1","Dagger Throw"],"picked":"Concentrate","floor":47}],"player_experience":591349,"relics_obtained":[{"floor":7,"key":"White Beast Statue"},{"floor":9,"key":"Vajra"},{"floor":11,"key":"Unceasing Top"},{"floor":25,"key":"PreservedInsect"},{"floor":26,"key":"MealTicket"},{"floor":30,"key":"Toy Ornithopter"},{"floor":38,"key":"Torii"},{"floor":42,"key":"Letter Opener"},{"floor":43,"key":"Blood Vial"},{"floor":46,"key":"Pocketwatch"}],"event_choices":[{"damage_healed":0,"gold_gain":0,"cards_transformed":["Defend_G"],"player_choice":"Transformed","damage_taken":0,"max_hp_gain":0,"max_hp_loss":0,"event_name":"Transmorgrifier","floor":4,"gold_loss":0,"cards_obtained":["Noxious Fumes"]},{"damage_healed":17,"gold_gain":0,"player_choice":"Healed and dodged fight","damage_taken":0,"max_hp_gain":0,"max_hp_loss":0,"event_name":"Mushrooms","floor":8,"gold_loss":0,"cards_obtained":["Parasite"]},{"damage_healed":0,"gold_gain":0,"player_choice":"Trade","damage_taken":0,"relics_obtained":["CultistMask"],"max_hp_gain":0,"max_hp_loss":0,"event_name":"FaceTrader","floor":10,"gold_loss":0},{"damage_healed":0,"gold_gain":0,"player_choice":"Bought 3 Potions","damage_taken":0,"max_hp_gain":0,"max_hp_loss":0,"event_name":"The Woman in Blue","floor":21,"gold_loss":0},{"damage_healed":0,"gold_gain":0,"cards_transformed":["Strike_G","Defend_G"],"player_choice":"Became Test Subject","damage_taken":0,"max_hp_gain":0,"max_hp_loss":0,"event_name":"Drug Dealer","floor":29,"gold_loss":0,"cards_obtained":["Underhanded Strike","Tools of the Trade"]},{"damage_healed":0,"gold_gain":0,"player_choice":"Fight","damage_taken":0,"max_hp_gain":0,"max_hp_loss":0,"event_name":"Mysterious Sphere","floor":38,"gold_loss":0},{"damage_healed":20,"gold_gain":0,"player_choice":"Writhe","damage_taken":0,"max_hp_gain":0,"max_hp_loss":0,"event_name":"Winding Halls","floor":44,"gold_loss":0,"cards_obtained":["Writhe"]}],"is_beta":false,"boss_relics":[{"not_picked":["Runic Dome","Sozu"],"picked":"Tiny House"},{"not_picked":["Philosopher\u0027s Stone","Coffee Dripper"],"picked":"Cursed Key"}],"items_purged_floors":[3,13],"is_endless":false,"potions_floor_spawned":[2,5,11,12,14,16,18,19,20,24,25,28,30,31,33,35,37,38,39,41,42,47],"killed_by":"Spire Growth","ascension_level":8}}