{"host":"6txiqg4kpf6cux77","time":1608491763,"event":{"mods":["AchievementEnabler","Act Like it!","BaseMod","Better Third Choice","BetterRewards","Colored Map","Colored Powertips","Friendly Minions","GifTheSpireLib","Infinite Spire","Minty Spire (QoL Compilation)","Permanent Neow","Shop Mod","StSLib","Stuff the Spire","The Servant 0.9.4","vexMod"],"gold_per_floor":[109,34,0,20,40,40,40,65,65,75,6,6,15,15,15,116,116,126,126,126,144,162,197,197,210,210,220,220,220,254,265,265,370,370,390,390,390,390,390,390],"floor_reached":39,"playtime":3366,"items_purged":["Strike_S","Defend_S","Strike_S"],"score":492,"play_id":"5d5d6bb0-9ea2-4756-90c6-7e3fd9196f88","local_time":"20201220211603","is_ascension_mode":true,"campfire_choices":[{"data":"GearUp","floor":6,"key":"SMITH"},{"data":"SilverBlades","floor":12,"key":"SMITH"},{"data":"Barrier","floor":15,"key":"SMITH"},{"data":"SpecialFormula","floor":24,"key":"SMITH"},{"data":"Exchange","floor":29,"key":"SMITH"},{"floor":32,"key":"REST"}],"circlet_count":0,"master_deck":["Strike_S","Defend_S","KidneyShot+1","Exchange+1","DualDimension+1","Snipe+1","GearUp+1","SpecialFormula+1","Barrier+1","SurpressingFire+1","SilverBlades+1","Hightail+1","Sunlight+1","Revamp+1","BottledTime+1","Embodiment+1","MurderousAura+1","StuffTheSpire:BrainWave","Shame","Pain","infinitespire:Menacing"],"relics":["Uniform","betterThird:SlimedRelic","Bottled Flame","StuffTheSpire:EmeraldSignet","Meat on the Bone","Sozu","Du-Vu Doll","vexMod:ImprovementManual","Frozen Egg 2","betterThird:NestCultRelic","Calipers","Busted Crown","Bronze Scales"],"acts_visited":["Exordium","TheCity","TheBeyond"],"potions_floor_usage":[5,21],"damage_taken":[{"damage":0,"enemies":"Cultist","floor":1,"turns":3},{"damage":0,"enemies":"2 Louse","floor":4,"turns":4},{"damage":0,"enemies":"Small Slimes","floor":5,"turns":4},{"damage":11,"enemies":"Lagavulin","floor":8,"turns":8},{"damage":0,"enemies":"Blue Slaver","floor":10,"turns":6},{"damage":0,"enemies":"Exordium Thugs","floor":13,"turns":6},{"damage":0,"enemies":"Slime Boss","floor":16,"turns":26},{"damage":0,"enemies":"Shell Parasite","floor":18,"turns":6},{"damage":9,"enemies":"2 Thieves","floor":21,"turns":4},{"damage":0,"enemies":"Snake Plant","floor":22,"turns":4},{"damage":15,"enemies":"Gremlin Leader","floor":23,"turns":7},{"damage":12,"enemies":"Shelled Parasite and Fungi","floor":25,"turns":5},{"damage":0,"enemies":"3 Cultists","floor":27,"turns":3},{"damage":63,"enemies":"Slavers","floor":30,"turns":8},{"damage":22,"enemies":"Chosen and Byrds","floor":31,"turns":12},{"damage":31,"enemies":"Collector","floor":33,"turns":12},{"damage":17,"enemies":"3 Darklings","floor":35,"turns":5},{"damage":67,"enemies":"2 Orb Walkers","floor":39,"turns":3}],"seed_played":"2210289644375758123","potions_obtained":[{"floor":5,"key":"Fruit Juice"},{"floor":13,"key":"SpeedPotion"},{"floor":16,"key":"Weak Potion"}],"is_trial":false,"path_per_floor":["M","$","?","M","M","R","?","E","T","M","$","R","M","T","R","B",null,"M","AVR","?","M","M","E","R","M","T","M","?","R","E","M","R","B",null,"M","?","?","AVR","?"],"character_chosen":"THE_SERVANT","items_purchased":["SilverBlades"],"campfire_rested":1,"item_purchase_floors":[11],"current_hp_per_floor":[59,59,48,48,53,53,46,40,40,51,51,51,62,62,62,64,64,64,64,58,55,64,56,56,54,54,54,54,54,19,27,46,41,64,57,57,57,57,0,0],"gold":390,"neow_bonus":"TRANSFORM_TWO_CARDS","is_daily":false,"chose_seed":false,"campfire_upgraded":5,"win_rate":0.0,"timestamp":1608491763,"path_taken":["M","?","?","M","M","R","?","E","T","M","?","R","?","?","R","BOSS","M","AVR","?","M","M","E","R","M","T","?","?","R","E","M","R","BOSS","M","?","?","AVR","?"],"items_purchased_type":["Card"],"build_version":"2020-12-13","purchased_purges":3,"victory":false,"max_hp_per_floor":[59,59,59,59,64,64,64,64,64,64,64,64,64,64,64,64,64,64,64,64,64,64,64,64,64,64,64,64,64,64,64,64,64,64,64,64,64,64,64,64],"card_choices":[{"not_picked":["DoubleEdge","Reset","Snipe"],"picked":"SKIP","floor":1},{"not_picked":["Rearm","Revamp"],"picked":"GearUp","floor":4},{"not_picked":["Rearm","ShatteredReality"],"picked":"SpecialFormula","floor":5},{"not_picked":["DualDimension","Gouge"],"picked":"Barrier","floor":8},{"not_picked":["ShatteredReality","ReturningBlade"],"picked":"SurpressingFire","floor":10},{"not_picked":["Ricochet","Alleviate"],"picked":"Hightail","floor":13},{"not_picked":["ForgedInTime","Dilation"],"picked":"Sunlight","floor":16},{"not_picked":["Spin","SpecialFormula"],"picked":"Revamp","floor":18},{"not_picked":["Reset+1","Read","Starlight"],"picked":"SKIP","floor":21},{"not_picked":["Defy","Collapse","Alleviate"],"picked":"SKIP","floor":22},{"not_picked":["DualDimension+1","Starlight"],"picked":"BottledTime+1","floor":23},{"not_picked":["Gouge","Alleviate+1","Replace"],"picked":"SKIP","floor":25},{"not_picked":["FastForward","Rewind+1","Rearm+1"],"picked":"SKIP","floor":27},{"not_picked":["Shuttle","Deadline+1","Starlight+1"],"picked":"SKIP","floor":30},{"not_picked":["Spin+1","ShatteredReality"],"picked":"Embodiment+1","floor":31},{"not_picked":["Deny","SoulSculpture"],"picked":"MurderousAura+1","floor":33},{"not_picked":["Replace+1"],"picked":"SKIP","floor":35},{"not_picked":["StuffTheSpire:Innocence","StuffTheSpire:Harmony"],"picked":"StuffTheSpire:BrainWave","floor":36},{"not_picked":["infinitespire:Oblivion","infinitespire:Collect"],"picked":"infinitespire:Menacing","floor":37}],"player_experience":173589,"relics_obtained":[{"floor":8,"key":"Bottled Flame"},{"floor":9,"key":"StuffTheSpire:EmeraldSignet"},{"floor":14,"key":"Meat on the Bone"},{"floor":23,"key":"Whetstone"},{"floor":26,"key":"Frozen Egg 2"},{"floor":30,"key":"Calipers"}],"event_choices":[{"damage_healed":0,"gold_gain":0,"player_choice":"Slimed","damage_taken":11,"max_hp_gain":0,"max_hp_loss":0,"event_name":"betterThird:BetterGoop","floor":3,"gold_loss":34},{"cards_removed":["Defend_S"],"damage_healed":0,"gold_gain":0,"player_choice":"Card Removal","damage_taken":7,"max_hp_gain":0,"max_hp_loss":0,"event_name":"Golden Wing","floor":7,"gold_loss":0},{"damage_healed":0,"gold_gain":0,"player_choice":"","damage_taken":6,"max_hp_gain":0,"max_hp_loss":0,"event_name":"Knowing Skull","floor":20,"potions_obtained":[],"gold_loss":0,"cards_obtained":[]},{"damage_healed":0,"gold_gain":0,"player_choice":"Madness","damage_taken":0,"relics_obtained":["betterThird:NestCultRelic"],"max_hp_gain":0,"max_hp_loss":0,"event_name":"betterThird:BetterNest","floor":28,"gold_loss":0},{"damage_healed":0,"gold_gain":0,"player_choice":"Fight","damage_taken":0,"max_hp_gain":0,"max_hp_loss":0,"event_name":"Mysterious Sphere","floor":39,"gold_loss":0}],"is_beta":false,"boss_relics":[{"not_picked":["vexMod:CursedCompass","Runic Pyramid"],"picked":"Sozu"},{"not_picked":["Tiny House","StuffTheSpire:RunicConfusion"],"picked":"Busted Crown"}],"items_purged_floors":[2,19,38],"is_endless":false,"potions_floor_spawned":[5,13,16,22,23,27,31,33],"killed_by":"2 Orb Walkers","ascension_level":1}}