{"host":"yo9wwslrag05lh37","time":1608426745,"event":{"mods":["AchievementEnabler","BaseMod","Block Reminder","Colored Map","Colored Powertips","GifTheSpireLib","HexUI Lib","Highlight Path","Minty Spire (QoL Compilation)","Rare Cards Sparkle","Relic Stats","StSLib","everything is the same but u backflip on backflip"],"gold_per_floor":[114,131,143,161,181,181,209,209,209,239,272,272,272,299,299,378,378,392,410,421,322,322,352,352,352,379,406,426,426,456,470,470,548,548,565,565,576,576,576,576,607,607,631,641,674,685,697,727,727,727,727,727],"floor_reached":51,"playtime":2904,"items_purged":["Strike_G"],"score":1580,"play_id":"9d24d765-e394-474d-bc6f-1e2d06cd6303","local_time":"20201220021225","is_ascension_mode":true,"campfire_choices":[{"data":"Leg Sweep","floor":6.0,"key":"SMITH"},{"data":"Underhanded Strike","floor":8.0,"key":"SMITH"},{"floor":13.0,"key":"REST"},{"data":"Caltrops","floor":15.0,"key":"SMITH"},{"floor":24,"key":"REST"},{"floor":29,"key":"REST"},{"floor":32,"key":"RECALL"},{"floor":40,"key":"REST"},{"floor":42,"key":"REST"},{"floor":49,"key":"REST"}],"circlet_count":0,"master_deck":["AscendersBane","Defend_G+1","Defend_G+1","Defend_G+1","Defend_G+1","Defend_G+1","Survivor","Neutralize+1","Dagger Throw+1","Leg Sweep+1","Flying Knee","Underhanded Strike+1","Caltrops+1","Dagger Throw+1","Adrenaline+1","Blade Dance+1","Corpse Explosion+1","Noxious Fumes+1","Predator+1","Prepared+1","Malaise+1","Necronomicurse","PiercingWail+1","Deadly Poison+1","PiercingWail+1","Bouncing Flask+1","Malaise+1","Tactician+1","Skewer+1","Acrobatics+1","PiercingWail+1","Catalyst+1"],"relics":["Ring of the Snake","Toxic Egg 2","Orichalcum","Odd Mushroom","Blood Vial","Sundial","Fusion Hammer","Boot","Necronomicon","Pen Nib","Whetstone","Incense Burner","Astrolabe","Anchor","Letter Opener","PreservedInsect"],"acts_visited":["Exordium","TheCity","TheBeyond"],"potions_floor_usage":[23,41,48,51],"damage_taken":[{"damage":0.0,"enemies":"Cultist","floor":1.0,"turns":4.0},{"damage":5.0,"enemies":"Jaw Worm","floor":2.0,"turns":6.0},{"damage":0.0,"enemies":"2 Louse","floor":3.0,"turns":4.0},{"damage":2.0,"enemies":"2 Fungi Beasts","floor":4.0,"turns":6.0},{"damage":0.0,"enemies":"Exordium Wildlife","floor":5.0,"turns":4.0},{"damage":9.0,"enemies":"Lagavulin","floor":7.0,"turns":8.0},{"damage":16.0,"enemies":"The Mushroom Lair","floor":10.0,"turns":6.0},{"damage":9.0,"enemies":"3 Sentries","floor":11.0,"turns":7.0},{"damage":24.0,"enemies":"Gremlin Nob","floor":14.0,"turns":5.0},{"damage":6,"enemies":"Hexaghost","floor":16,"turns":9},{"damage":0,"enemies":"2 Thieves","floor":18,"turns":2},{"damage":10,"enemies":"Shell Parasite","floor":19,"turns":4},{"damage":6,"enemies":"Cultist and Chosen","floor":20,"turns":4},{"damage":9,"enemies":"Gremlin Leader","floor":23,"turns":6},{"damage":8,"enemies":"Book of Stabbing","floor":27,"turns":5},{"damage":0,"enemies":"3 Cultists","floor":28,"turns":3},{"damage":3,"enemies":"Slavers","floor":30,"turns":2},{"damage":0,"enemies":"Snake Plant","floor":31,"turns":4},{"damage":7,"enemies":"Automaton","floor":33,"turns":8},{"damage":0,"enemies":"3 Darklings","floor":35,"turns":4},{"damage":5,"enemies":"Orb Walker","floor":37,"turns":4},{"damage":33,"enemies":"Reptomancer","floor":41,"turns":6},{"damage":4,"enemies":"Maw","floor":44,"turns":5},{"damage":28,"enemies":"Giant Head","floor":45,"turns":7},{"damage":9,"enemies":"Writhing Mass","floor":46,"turns":4},{"damage":8,"enemies":"Jaw Worm Horde","floor":47,"turns":3},{"damage":1,"enemies":"Nemesis","floor":48,"turns":7},{"damage":39,"enemies":"Awakened One","floor":50,"turns":14},{"damage":13,"enemies":"Time Eater","floor":51,"turns":2}],"seed_played":"9168509145000523181","potions_obtained":[{"floor":2.0,"key":"Strength Potion"},{"floor":5.0,"key":"ColorlessPotion"},{"floor":7.0,"key":"LiquidMemories"},{"floor":19,"key":"SpeedPotion"},{"floor":20,"key":"EssenceOfSteel"},{"floor":27,"key":"Swift Potion"},{"floor":41,"key":"Dexterity Potion"},{"floor":46,"key":"Regen Potion"},{"floor":48,"key":"ColorlessPotion"}],"is_trial":false,"path_per_floor":["M","M","M","M","M","R","E","R","T","?","E","?","R","E","R","B",null,"M","M","M","$","?","E","R","?","T","E","M","R","E","M","R","B",null,"M","?","M","?","?","R","E","R","T","M","E","M","M","E","R","B","B"],"character_chosen":"THE_SILENT","items_purchased":["Prepared+1"],"campfire_rested":6,"item_purchase_floors":[21],"current_hp_per_floor":[59,54,54,52,52,52,43,43,43,27,18,9,28,6,6,2,50,52,44,40,40,40,33,52,31,31,25,27,46,45,47,47,42,60,62,62,59,59,59,66,33,52,52,50,24,17,11,27,46,9,0,0],"gold":727,"neow_bonus":"UPGRADE_CARD","is_daily":false,"chose_seed":false,"campfire_upgraded":3,"win_rate":0.0,"timestamp":1608426745,"path_taken":["M","M","?","M","M","R","E","R","T","?","E","?","R","E","R","BOSS","M","?","M","$","?","E","R","?","T","E","M","R","E","M","R","BOSS","M","?","?","?","?","R","E","R","T","M","E","?","M","E","R","BOSS","BOSS"],"items_purchased_type":["Card"],"build_version":"2020-12-13","purchased_purges":1,"victory":false,"max_hp_per_floor":[66,66,66,66,66,66,66,66,66,66,66,66,66,66,66,66,66,66,66,66,66,66,66,66,66,66,66,66,66,66,66,66,66,66,66,66,66,66,66,66,66,66,66,66,66,66,66,66,66,66,66,66],"relic_stats":{"counters":[29,153],"Astrolabe":["Tactician","Skewer","Storm of Steel"],"Pen Nib":[16],"PreservedInsect":0,"Whetstone":["Dagger Throw","Dagger Throw"],"Letter Opener":[53],"Orichalcum":[402],"Boot":[63],"Blood Vial":40,"Sundial":[10],"Necronomicon":[37],"obtain_stats":[{"Astrolabe":34,"Pen Nib":26,"PreservedInsect":48,"Incense Burner":30,"Whetstone":27,"Letter Opener":45,"Orichalcum":9,"Odd Mushroom":10,"Boot":23,"Blood Vial":11,"Anchor":41,"Sundial":14,"Fusion Hammer":17,"Necronomicon":25,"Toxic Egg 2":7,"Ring of the Snake":0},{"Astrolabe":19,"Pen Nib":14,"PreservedInsect":27,"Incense Burner":17,"Whetstone":15,"Letter Opener":24,"Orichalcum":6,"Odd Mushroom":7,"Boot":14,"Blood Vial":8,"Anchor":22,"Sundial":9,"Fusion Hammer":10,"Necronomicon":14,"Toxic Egg 2":6,"Ring of the Snake":0},{"Astrolabe":97,"Pen Nib":75,"PreservedInsect":137,"Incense Burner":85,"Whetstone":80,"Letter Opener":123,"Orichalcum":32,"Odd Mushroom":38,"Boot":75,"Blood Vial":45,"Anchor":111,"Sundial":50,"Fusion Hammer":59,"Necronomicon":75,"Toxic Egg 2":32,"Ring of the Snake":0}],"Ring of the Snake":[58]},"card_choices":[{"not_picked":["Prepared","Cloak And Dagger"],"picked":"Dagger Throw","floor":1.0},{"not_picked":["Well Laid Plans","Distraction"],"picked":"Leg Sweep","floor":2.0},{"not_picked":["Backflip","Bane"],"picked":"Flying Knee","floor":3.0},{"not_picked":["Dagger Throw","Catalyst"],"picked":"Underhanded Strike","floor":4.0},{"not_picked":["Dagger Spray","Prepared"],"picked":"Caltrops","floor":5.0},{"not_picked":["Infinite Blades","Endless Agony","Flying Knee"],"picked":"SKIP","floor":7.0},{"not_picked":["Quick Slash","Predator"],"picked":"Dagger Throw","floor":10.0},{"not_picked":["Quick Slash","Blur+1"],"picked":"Adrenaline+1","floor":11.0},{"not_picked":["Infinite Blades","Flying Knee"],"picked":"Blade Dance+1","floor":14.0},{"not_picked":["Bullet Time+1","Grand Finale"],"picked":"Corpse Explosion+1","floor":16},{"not_picked":["Slice+1","Masterful Stab","Deflect+1"],"picked":"SKIP","floor":18},{"not_picked":["PiercingWail+1","Deadly Poison+1"],"picked":"Noxious Fumes+1","floor":19},{"not_picked":["Dagger Spray","Poisoned Stab"],"picked":"Predator+1","floor":20},{"not_picked":["Bane","PiercingWail+1"],"picked":"Malaise+1","floor":23},{"not_picked":["Bane","Eviscerate"],"picked":"PiercingWail+1","floor":27},{"not_picked":["Infinite Blades+1","Eviscerate"],"picked":"Deadly Poison+1","floor":28},{"not_picked":["Dash","Bouncing Flask+1"],"picked":"PiercingWail+1","floor":30},{"not_picked":["Prepared+1","Eviscerate"],"picked":"Bouncing Flask+1","floor":31},{"not_picked":["Night Terror+1","Grand Finale"],"picked":"Malaise+1","floor":33},{"not_picked":["Choke","Underhanded Strike","Escape Plan+1"],"picked":"SKIP","floor":35},{"not_picked":["Underhanded Strike","Masterful Stab","Quick Slash"],"picked":"SKIP","floor":37},{"not_picked":["Poisoned Stab","Blade Dance+1"],"picked":"Acrobatics+1","floor":41},{"not_picked":["Deflect+1","Bane+1"],"picked":"PiercingWail+1","floor":44},{"not_picked":["Noxious Fumes","Deflect+1"],"picked":"Catalyst+1","floor":45},{"not_picked":["Dagger Spray","Quick Slash","Skewer"],"picked":"SKIP","floor":46},{"not_picked":["Accuracy","Slice","Dagger Spray+1"],"picked":"SKIP","floor":47},{"not_picked":["Endless Agony+1","Dagger Throw","Outmaneuver+1"],"picked":"SKIP","floor":48}],"player_experience":1351780,"relics_obtained":[{"floor":7.0,"key":"Toxic Egg 2"},{"floor":9.0,"key":"Orichalcum"},{"floor":10.0,"key":"Odd Mushroom"},{"floor":11.0,"key":"Blood Vial"},{"floor":14.0,"key":"Sundial"},{"floor":23,"key":"Boot"},{"floor":25,"key":"Necronomicon"},{"floor":26,"key":"Pen Nib"},{"floor":27,"key":"Whetstone"},{"floor":30,"key":"Incense Burner"},{"floor":41,"key":"Anchor"},{"floor":45,"key":"Letter Opener"},{"floor":48,"key":"PreservedInsect"}],"event_choices":[{"damage_healed":0.0,"max_hp_gain":0.0,"max_hp_loss":0.0,"gold_gain":0.0,"event_name":"Mushrooms","player_choice":"Fought Mushrooms","floor":10.0,"gold_loss":0.0,"damage_taken":0.0},{"damage_healed":0.0,"max_hp_gain":0.0,"max_hp_loss":0.0,"gold_gain":0.0,"event_name":"Wheel of Change","player_choice":"Damaged","floor":12.0,"gold_loss":0.0,"damage_taken":9.0},{"damage_healed":0,"gold_gain":0,"player_choice":"Simplicity","damage_taken":0,"max_hp_gain":0,"max_hp_loss":0,"event_name":"Back to Basics","floor":22,"gold_loss":0,"cards_upgraded":["Strike_G","Strike_G","Strike_G","Strike_G","Defend_G","Defend_G","Defend_G","Defend_G","Defend_G"]},{"damage_healed":0,"gold_gain":0,"player_choice":"Obtained Book","damage_taken":21,"max_hp_gain":0,"max_hp_loss":0,"event_name":"Cursed Tome","floor":25,"gold_loss":0},{"cards_removed":["Strike_G"],"damage_healed":0,"gold_gain":0,"player_choice":"Purged","damage_taken":0,"max_hp_gain":0,"max_hp_loss":0,"event_name":"Purifier","floor":36,"gold_loss":0},{"cards_removed":["Storm of Steel"],"damage_healed":0,"gold_gain":0,"player_choice":"Removed Skill","damage_taken":0,"max_hp_gain":0,"max_hp_loss":0,"event_name":"Falling","floor":38,"gold_loss":0},{"damage_healed":0,"gold_gain":0,"player_choice":"Ignored","damage_taken":0,"max_hp_gain":0,"max_hp_loss":0,"event_name":"SecretPortal","floor":39,"gold_loss":0}],"is_beta":false,"boss_relics":[{"not_picked":["Runic Dome","Coffee Dripper"],"picked":"Fusion Hammer"},{"not_picked":["Snecko Eye","Tiny House"],"picked":"Astrolabe"}],"items_purged_floors":[21],"is_endless":false,"potions_floor_spawned":[2,5,7,19,20,27,31,35,41,45,46,48],"killed_by":"Time Eater","ascension_level":20}}