{"host":"uv231blk40vjdojr","time":1608486708,"event":{"mods":["BaseMod","Minty Spire (QoL Compilation)","Relic Stats"],"gold_per_floor":[364,377,377,388,15,15,15,94,168,3,39,57,100,100,100,191,191,204,217,217,217,217,217,261,8,32,32,76,92,105,118,118,214,214,253,267,16,41,41,79,79,79,79,102,102,141,474,503,503,503],"floor_reached":51,"playtime":3288,"items_purged":[],"score":1527,"play_id":"c0d7d9d9-11b0-4052-8b79-2976bae683d6","local_time":"20201220185148","is_ascension_mode":true,"campfire_choices":[{"data":"Apotheosis","floor":6,"key":"SMITH"},{"data":"Static Discharge","floor":15,"key":"SMITH"},{"floor":23,"key":"REST"},{"floor":27,"key":"REST"},{"floor":32,"key":"REST"},{"floor":41,"key":"RECALL"}],"circlet_count":0,"master_deck":["AscendersBane","Strike_B+1","Strike_B","Defend_B","Defend_B","Defend_B","Defend_B","Zap","Dualcast","Defragment","Cold Snap","Static Discharge+1","Apotheosis+1","Glacier","Sweeping Beam+1","Rainbow","Fission","Self Repair","Consume","Buffer","Genetic Algorithm","FTL","Lockon+1","Multi-Cast"],"relics":["Cracked Core","FaceOfCleric","Toolbox","Cables","Symbiotic Virus","TheAbacus","Bottled Tornado","TungstenRod","Fusion Hammer","Thread and Needle","MawBank","InkBottle","Whetstone","Bag of Marbles","Coffee Dripper","Membership Card","Toy Ornithopter","Bottled Flame","Eternal Feather","Sundial","Kunai"],"acts_visited":["Exordium","TheCity","TheBeyond"],"potions_floor_usage":[28,28,30,44,50,50],"damage_taken":[{"damage":0,"enemies":"Small Slimes","floor":1,"turns":2},{"damage":2,"enemies":"Cultist","floor":2,"turns":4},{"damage":7,"enemies":"Jaw Worm","floor":4,"turns":3},{"damage":1,"enemies":"3 Sentries","floor":11,"turns":7},{"damage":0,"enemies":"Blue Slaver","floor":12,"turns":3},{"damage":19,"enemies":"Gremlin Nob","floor":13,"turns":3},{"damage":13,"enemies":"The Guardian","floor":16,"turns":8},{"damage":8,"enemies":"2 Thieves","floor":18,"turns":3},{"damage":0,"enemies":"Spheric Guardian","floor":19,"turns":4},{"damage":2,"enemies":"Gremlin Leader","floor":24,"turns":8},{"damage":26,"enemies":"Slavers","floor":28,"turns":5},{"damage":0,"enemies":"Snake Plant","floor":29,"turns":3},{"damage":5,"enemies":"Shelled Parasite and Fungi","floor":30,"turns":3},{"damage":0,"enemies":"Snecko","floor":31,"turns":5},{"damage":42,"enemies":"Champ","floor":33,"turns":8},{"damage":1,"enemies":"3 Shapes","floor":35,"turns":7},{"damage":30,"enemies":"3 Darklings","floor":36,"turns":4},{"damage":0,"enemies":"Maw","floor":38,"turns":6},{"damage":24,"enemies":"Nemesis","floor":40,"turns":5},{"damage":13,"enemies":"Writhing Mass","floor":44,"turns":8},{"damage":4,"enemies":"Reptomancer","floor":46,"turns":6},{"damage":13,"enemies":"Nemesis","floor":48,"turns":7},{"damage":29,"enemies":"Donu and Deca","floor":50,"turns":15}],"seed_played":"-2448553394347401059","potions_obtained":[{"floor":1,"key":"SkillPotion"},{"floor":11,"key":"EntropicBrew"},{"floor":18,"key":"Weak Potion"},{"floor":28,"key":"FearPotion"},{"floor":29,"key":"Fire Potion"},{"floor":31,"key":"Strength Potion"},{"floor":36,"key":"FocusPotion"},{"floor":44,"key":"Dexterity Potion"}],"is_trial":false,"path_per_floor":["M","M","?","M","$","R","?","T","T","$","E","M","E","?","R","B",null,"M","M","?","?","T","R","E","$","T","R","E","M","M","M","R","B",null,"M","M","$","M","?","E","R","?","T","M","R","E","?","E","R","B",null],"character_chosen":"DEFECT","items_purchased":["Apotheosis","Toolbox","TheAbacus","InkBottle","Membership Card","Toy Ornithopter"],"campfire_rested":3,"item_purchase_floors":[5,5,10,25,37,37],"current_hp_per_floor":[64,62,62,56,56,56,56,56,56,56,56,57,39,39,39,27,54,47,48,48,31,31,52,61,61,61,71,56,67,73,75,75,41,67,77,55,55,66,66,43,43,43,43,46,58,65,65,63,75,58],"gold":503,"neow_bonus":"TWO_FIFTY_GOLD","is_daily":false,"chose_seed":false,"campfire_upgraded":2,"win_rate":0.0,"timestamp":1608486708,"path_taken":["M","M","?","M","?","R","?","?","T","?","E","M","E","?","R","BOSS","M","M","?","?","?","R","E","?","T","R","E","M","M","?","R","BOSS","M","?","?","M","?","E","R","?","T","?","R","E","?","E","R","BOSS"],"items_purchased_type":["Card","Relic","Relic","Relic","Relic","Relic"],"build_version":"2020-12-13","purchased_purges":0,"victory":true,"max_hp_per_floor":[64,64,64,65,65,65,59,59,59,59,60,61,62,62,62,63,63,64,65,65,70,70,70,71,71,71,71,72,73,74,75,75,76,76,77,78,78,79,79,80,80,76,76,77,77,78,78,79,79,80],"relic_stats":{"counters":[23,127],"Eternal Feather":24,"Whetstone":["Sweeping Beam","Strike_B"],"MawBank":12,"Cables":[96,35,44,17,0],"TheAbacus":[174],"FaceOfCleric":21,"Sundial":[4],"Kunai":[2],"obtain_stats":[{"Golden Idol":7,"Thread and Needle":22,"Eternal Feather":43,"Whetstone":26,"Bottled Tornado":11,"MawBank":24,"Cables":8,"Bottled Flame":40,"TheAbacus":10,"FaceOfCleric":3,"Sundial":46,"Toolbox":5,"Fusion Hammer":17,"Bag of Marbles":28,"Coffee Dripper":34,"Membership Card":37,"Kunai":48,"Cracked Core":0,"Symbiotic Virus":9,"TungstenRod":13,"InkBottle":25,"Toy Ornithopter":37},{"Golden Idol":3,"Thread and Needle":9,"Eternal Feather":19,"Whetstone":10,"Bottled Tornado":4,"MawBank":10,"Cables":3,"Bottled Flame":19,"TheAbacus":3,"FaceOfCleric":2,"Sundial":21,"Toolbox":3,"Fusion Hammer":7,"Bag of Marbles":11,"Coffee Dripper":15,"Membership Card":17,"Kunai":22,"Cracked Core":0,"Symbiotic Virus":3,"TungstenRod":6,"InkBottle":10,"Toy Ornithopter":17},{"Golden Idol":9,"Thread and Needle":37,"Eternal Feather":91,"Whetstone":45,"Bottled Tornado":16,"MawBank":45,"Cables":9,"Bottled Flame":91,"TheAbacus":9,"FaceOfCleric":6,"Sundial":105,"Toolbox":9,"Fusion Hammer":30,"Bag of Marbles":50,"Coffee Dripper":69,"Membership Card":80,"Kunai":112,"Cracked Core":0,"Symbiotic Virus":9,"TungstenRod":22,"InkBottle":45,"Toy Ornithopter":80}],"TungstenRod":32,"InkBottle":[33],"Toy Ornithopter":9},"card_choices":[{"not_picked":["Hello World","Recycle"],"picked":"Defragment","floor":1},{"not_picked":["Streamline","Hologram"],"picked":"Cold Snap","floor":2},{"not_picked":["Leap","Redo"],"picked":"Static Discharge","floor":4},{"not_picked":["BootSequence","Static Discharge"],"picked":"Glacier","floor":11},{"not_picked":["Stack","Leap"],"picked":"Sweeping Beam","floor":12},{"not_picked":["Barrage","Rebound"],"picked":"Rainbow","floor":13},{"not_picked":["Reboot","All For One"],"picked":"Fission","floor":16},{"not_picked":["Rebound","Reprogram+1","Fusion"],"picked":"SKIP","floor":18},{"not_picked":["Turbo","Ball Lightning"],"picked":"Self Repair","floor":19},{"not_picked":["Gash","Aggregate"],"picked":"Genetic Algorithm","floor":24},{"not_picked":["Barrage+1","Conserve Battery","Hello World"],"picked":"SKIP","floor":28},{"not_picked":["Thunder Strike","Cold Snap"],"picked":"FTL","floor":29},{"not_picked":["Conserve Battery","Chill"],"picked":"Lockon+1","floor":30},{"not_picked":["Darkness","Rebound","Steam"],"picked":"SKIP","floor":31},{"not_picked":["All For One","Fission"],"picked":"Multi-Cast","floor":33},{"not_picked":["Double Energy","Barrage+1","Aggregate+1"],"picked":"SKIP","floor":35},{"not_picked":["Auto Shields","Redo","Aggregate"],"picked":"SKIP","floor":36},{"not_picked":["Glacier","Barrage","Reinforced Body+1"],"picked":"SKIP","floor":38},{"not_picked":["Ball Lightning","Gash","Beam Cell"],"picked":"SKIP","floor":40},{"not_picked":["Turbo","Hologram","Sunder"],"picked":"SKIP","floor":44},{"not_picked":["Ball Lightning","Gash","Barrage+1"],"picked":"SKIP","floor":46},{"not_picked":["Heatsinks","Barrage+1","Chill"],"picked":"SKIP","floor":48}],"player_experience":504991,"relics_obtained":[{"floor":8,"key":"Cables"},{"floor":9,"key":"Symbiotic Virus"},{"floor":11,"key":"Bottled Tornado"},{"floor":13,"key":"TungstenRod"},{"floor":22,"key":"Thread and Needle"},{"floor":24,"key":"MawBank"},{"floor":26,"key":"Whetstone"},{"floor":28,"key":"Bag of Marbles"},{"floor":40,"key":"Bottled Flame"},{"floor":43,"key":"Eternal Feather"},{"floor":46,"key":"Sundial"},{"floor":48,"key":"Kunai"}],"event_choices":[{"damage_healed":0,"gold_gain":0,"player_choice":"Trade","damage_taken":0,"relics_obtained":["FaceOfCleric"],"max_hp_gain":0,"max_hp_loss":0,"event_name":"FaceTrader","floor":3,"gold_loss":0},{"damage_healed":0,"gold_gain":0,"player_choice":"Lose Max HP","damage_taken":0,"relics_obtained":["Golden Idol"],"max_hp_gain":0,"max_hp_loss":6,"event_name":"Golden Idol","floor":7,"gold_loss":0},{"damage_healed":0,"gold_gain":0,"player_choice":"Ignored","damage_taken":0,"max_hp_gain":0,"max_hp_loss":0,"event_name":"Liars Game","floor":14,"gold_loss":0},{"damage_healed":0,"gold_gain":0,"cards_transformed":["Strike_B","Strike_B"],"player_choice":"Became Test Subject","damage_taken":0,"max_hp_gain":0,"max_hp_loss":0,"event_name":"Drug Dealer","floor":20,"gold_loss":0,"cards_obtained":["Consume","Buffer"]},{"damage_healed":0,"gold_gain":0,"player_choice":"Shed Blood","damage_taken":23,"max_hp_gain":5,"max_hp_loss":0,"event_name":"Forgotten Altar","floor":21,"gold_loss":0},{"damage_healed":0,"gold_gain":0,"player_choice":"Memory 1","damage_taken":0,"max_hp_gain":0,"max_hp_loss":0,"event_name":"SensoryStone","floor":39,"gold_loss":0},{"damage_healed":0,"gold_gain":0,"player_choice":"Max HP","damage_taken":0,"max_hp_gain":0,"max_hp_loss":4,"event_name":"Winding Halls","floor":42,"gold_loss":0},{"damage_healed":0,"gold_gain":333,"player_choice":"Gave Idol","damage_taken":0,"max_hp_gain":0,"max_hp_loss":0,"event_name":"The Moai Head","floor":47,"relics_lost":["Golden Idol"],"gold_loss":0}],"is_beta":false,"boss_relics":[{"not_picked":["SlaversCollar","Astrolabe"],"picked":"Fusion Hammer"},{"not_picked":["Runic Pyramid","Cursed Key"],"picked":"Coffee Dripper"}],"items_purged_floors":[],"is_endless":false,"potions_floor_spawned":[1,11,16,18,28,29,31,36,38,44],"ascension_level":17}}