{"host":"ufl0k2so27eic2iy","time":1608487291,"event":{"mods":["BaseMod","Minty Spire (QoL Compilation)","StSLib","The Animator"],"gold_per_floor":[118,131,206,22,48,48,73,73,143,166,166,166],"floor_reached":11,"playtime":453,"items_purged":["animator:Strike"],"score":128,"play_id":"e361caf6-e2ba-4b8f-b887-04614f615f53","local_time":"20201220180131","is_ascension_mode":true,"campfire_choices":[{"data":"animator:YuiTsuruno","floor":6,"key":"SMITH"},{"data":"animator:KyokoSakura","floor":8,"key":"SMITH"}],"circlet_count":0,"master_deck":["AscendersBane","animator:Strike_MadokaMagica","animator:Defend_MadokaMagica","animator:Strike","animator:Strike","animator:Defend","animator:Defend","animator:Defend","animator:IrohaTamaki","animator:YuiTsuruno+1","animator:IrohaTamaki","animator:TukaLunaMarceau","animator:Arpeggio","animator:RoyMustang","animator:OrikoMikuni","animator:KyokoSakura+1","animator:HomuraAkemi"],"relics":["animator:LivingPicture","animator:TheMissingPiece","Bag of Marbles","Letter Opener"],"acts_visited":["Exordium"],"potions_floor_usage":[7],"damage_taken":[{"damage":1.0,"enemies":"2 Louse","floor":1.0,"turns":3.0},{"damage":0.0,"enemies":"Small Slimes","floor":2.0,"turns":6.0},{"damage":0.0,"enemies":"Cultist","floor":5.0,"turns":4.0},{"damage":7,"enemies":"Lagavulin","floor":7,"turns":6},{"damage":12,"enemies":"Exordium Thugs","floor":10,"turns":3},{"damage":24,"enemies":"Gremlin Nob","floor":11,"turns":4}],"seed_played":"-955007845019970697","potions_obtained":[{"floor":5.0,"key":"Energy Potion"},{"floor":7,"key":"Explosive Potion"}],"is_trial":false,"path_per_floor":["M","M","?","$","M","R","E","R","T","M","E"],"character_chosen":"THE_ANIMATOR","items_purchased":["animator:Arpeggio","animator:RoyMustang"],"campfire_rested":0,"item_purchase_floors":[4,4],"current_hp_per_floor":[53,53,42,42,42,42,36,36,36,24,0,0],"gold":166,"neow_bonus":"THREE_CARDS","is_daily":false,"chose_seed":false,"campfire_upgraded":2,"win_rate":0.0,"timestamp":1608487291,"path_taken":["M","M","?","$","M","R","E","R","T","M","E"],"items_purchased_type":["Card","Card"],"build_version":"2020-12-13","purchased_purges":1,"victory":false,"max_hp_per_floor":[60,60,60,60,60,60,61,61,61,61,61,61],"card_choices":[{"not_picked":["animator:Tet","animator:SakuraMatou"],"picked":"animator:IrohaTamaki","floor":0.0},{"not_picked":["animator:ShinjiMatou","animator:Kuribayashi","animator:DolaRiku"],"picked":"SKIP","floor":1.0},{"not_picked":["animator:SakuraMatou","animator:Aqua"],"picked":"animator:TukaLunaMarceau","floor":2.0},{"not_picked":["animator:IrohaTamaki","animator:Tyuule"],"picked":"animator:OrikoMikuni","floor":5.0},{"not_picked":["animator:SayakaMiki","animator:YuiTsuruno"],"picked":"animator:KyokoSakura","floor":7},{"not_picked":["animator:YaoHaDucy","animator:Kazuma"],"picked":"animator:HomuraAkemi","floor":10}],"player_experience":2328263,"relics_obtained":[{"floor":7,"key":"Bag of Marbles"},{"floor":9,"key":"Letter Opener"}],"event_choices":[{"damage_healed":0.0,"max_hp_gain":0.0,"max_hp_loss":0.0,"gold_gain":75.0,"event_name":"World of Goop","player_choice":"Gather Gold","floor":3.0,"gold_loss":0.0,"damage_taken":11.0}],"is_beta":false,"boss_relics":[],"items_purged_floors":[4],"is_endless":false,"potions_floor_spawned":[5,7],"killed_by":"Gremlin Nob","ascension_level":15}}