{"host":"v54ek091sdz7ha6h","time":1608498097,"event":{"mods":["BaseMod","Better Vampires","Colored Map","Colored Powertips","DeckTracker","Highlight Path","KOR Keyword Fix","Minty Spire (QoL Compilation)","Rare Cards Sparkle","StSLib","SuperFastMode","The Awakened One except there are too many feathers","everything is the same but u backflip on backflip","slay the spire mod where everything is the same but ironclad has a cowboy hat"],"gold_per_floor":[111,126,140,156,231,257,268,268,268,268,268,268,268,3,3,98,98,112,131,131,141,159,159,185,195,272,272,283,283,302,319,319,418,418,435,454,97,110,110,110,137,137,137,137,147,197,208,541,541,541,541,541,26,54,54],"floor_reached":56,"playtime":2001,"items_purged":["Defend_B","Strike_B","Strike_B"],"score":1408,"play_id":"f3d43a5e-3a8d-4301-8d7d-7e4195ea3cf7","local_time":"20201221060137","is_ascension_mode":false,"campfire_choices":[{"data":"Defragment","floor":8.0,"key":"SMITH"},{"data":"Zap","floor":10.0,"key":"SMITH"},{"floor":12.0,"key":"REST"},{"data":"Apotheosis","floor":15.0,"key":"SMITH"},{"data":"Seek","floor":23.0,"key":"SMITH"},{"data":"Loop","floor":27.0,"key":"SMITH"},{"data":"Reboot","floor":29.0,"key":"SMITH"},{"data":"Coolheaded","floor":32.0,"key":"SMITH"},{"data":"Defragment","floor":40,"key":"SMITH"},{"data":"Defragment","floor":42,"key":"SMITH"},{"data":"Coolheaded","floor":44,"key":"SMITH"},{"floor":49,"key":"RECALL"},{"floor":52,"key":"DIG"}],"circlet_count":0,"master_deck":["Strike_B","Defend_B","Defend_B","Defend_B","Zap+1","Dualcast","Go for the Eyes","Defragment+1","Beam Cell","Barrage","Turbo","Barrage","Apotheosis+1","Echo Form","Loop+1","BootSequence+1","Seek+1","Skim+1","Hologram+1","Conserve Battery","Turbo+1","Force Field","Sunder+1","Cold Snap+1","Reboot+1","Coolheaded+1","Defragment+1","Coolheaded+1","Compile Driver","Meteor Strike","Aggregate+1","Force Field+1","Defragment+1","Glacier","Consume+1","Hologram+1","White Noise+1","Go for the Eyes","Reinforced Body+1","Double Energy+1","Coolheaded","Go for the Eyes+1","Steam Power+1","Redo+1","Hologram+1","Panacea","Feel No Pain+1"],"relics":["Cracked Core","Boot","Prayer Wheel","Torii","Coffee Dripper","Letter Opener","Shuriken","Inserter","Orrery","Thread and Needle","Shovel","Old Coin","Bottled Lightning","PrismaticShard","Lantern","Orichalcum"],"acts_visited":["Exordium","TheCity","TheBeyond","TheEnding"],"potions_floor_usage":[48,50,55,55],"damage_taken":[{"damage":1.0,"enemies":"Cultist","floor":1.0,"turns":4.0},{"damage":0.0,"enemies":"2 Louse","floor":2.0,"turns":1.0},{"damage":0.0,"enemies":"Small Slimes","floor":3.0,"turns":2.0},{"damage":7.0,"enemies":"Blue Slaver","floor":4.0,"turns":4.0},{"damage":21.0,"enemies":"Lagavulin","floor":6.0,"turns":6.0},{"damage":19.0,"enemies":"Large Slime","floor":7.0,"turns":5.0},{"damage":0.0,"enemies":"2 Fungi Beasts","floor":11.0,"turns":1.0},{"damage":9.0,"enemies":"The Guardian","floor":16.0,"turns":10.0},{"damage":1.0,"enemies":"Spheric Guardian","floor":18.0,"turns":3.0},{"damage":0.0,"enemies":"Shell Parasite","floor":19.0,"turns":4.0},{"damage":33.0,"enemies":"Shelled Parasite and Fungi","floor":21.0,"turns":5.0},{"damage":1.0,"enemies":"Snake Plant","floor":22.0,"turns":4.0},{"damage":18.0,"enemies":"Gremlin Leader","floor":24.0,"turns":7.0},{"damage":15.0,"enemies":"3 Cultists","floor":25.0,"turns":5.0},{"damage":2.0,"enemies":"Shelled Parasite and Fungi","floor":28.0,"turns":4.0},{"damage":15.0,"enemies":"Chosen and Byrds","floor":30.0,"turns":5.0},{"damage":1.0,"enemies":"Centurion and Healer","floor":31.0,"turns":4.0},{"damage":0.0,"enemies":"Automaton","floor":33.0,"turns":6.0},{"damage":2.0,"enemies":"Orb Walker","floor":35.0,"turns":4.0},{"damage":0.0,"enemies":"3 Shapes","floor":36.0,"turns":4.0},{"damage":41,"enemies":"Jaw Worm Horde","floor":38,"turns":6},{"damage":1,"enemies":"Nemesis","floor":41,"turns":7},{"damage":1,"enemies":"3 Darklings","floor":45,"turns":5},{"damage":0,"enemies":"2 Orb Walkers","floor":46,"turns":6},{"damage":2,"enemies":"Writhing Mass","floor":47,"turns":4},{"damage":17,"enemies":"Reptomancer","floor":48,"turns":6},{"damage":2,"enemies":"Donu and Deca","floor":50,"turns":9},{"damage":0,"enemies":"Shield and Spear","floor":54,"turns":3},{"damage":0,"enemies":"The Heart","floor":55,"turns":12}],"seed_played":"-5191235091756493463","potions_obtained":[{"floor":2.0,"key":"SmokeBomb"},{"floor":6.0,"key":"Swift Potion"},{"floor":7.0,"key":"Swift Potion"},{"floor":16.0,"key":"Fruit Juice"},{"floor":18.0,"key":"Fruit Juice"},{"floor":19.0,"key":"Regen Potion"},{"floor":24.0,"key":"LiquidMemories"},{"floor":31.0,"key":"AttackPotion"},{"floor":36.0,"key":"PotionOfCapacity"},{"floor":41,"key":"Fire Potion"},{"floor":45,"key":"PowerPotion"},{"floor":48,"key":"Strength Potion"}],"is_trial":false,"path_per_floor":["M","M","M","M","?","E","M","R","T","R","M","R","?","$","R","B",null,"M","M","?","M","M","R","E","M","T","R","M","R","M","M","R","B",null,"M","M","$","M","?","R","E","R","T","R","M","?","M","E","R","B",null,"R","$","E","B",null],"character_chosen":"DEFECT","items_purchased":["Apotheosis","Defragment","Glacier","Orrery","PrismaticShard","Lantern","Panacea"],"campfire_rested":1,"item_purchase_floors":[14,37,37,37,53,53,53],"current_hp_per_floor":[74,74,74,67,56,35,16,16,16,16,16,38,31,31,31,22,75,74,74,74,41,40,40,37,22,22,22,20,20,5,4,4,14,85,83,83,83,42,42,42,41,41,41,41,40,40,38,21,21,19,85,85,85,85,85],"gold":54,"neow_bonus":"RANDOM_COMMON_RELIC","is_daily":false,"chose_seed":false,"campfire_upgraded":10,"win_rate":0.0,"timestamp":1608498097,"path_taken":["M","M","M","M","?","E","M","R","T","R","M","R","?","$","R","BOSS","M","M","?","M","M","R","E","M","T","R","M","R","M","M","R","BOSS","M","M","$","M","?","R","E","R","T","R","M","?","M","E","R","BOSS","R","$","E","BOSS"],"items_purchased_type":["Card","Card","Card","Relic","Relic","Relic","Card"],"build_version":"2020-12-13","purchased_purges":3,"victory":true,"max_hp_per_floor":[75,75,75,75,75,75,75,75,75,75,75,75,75,75,75,75,75,75,75,75,75,75,75,75,75,75,75,75,75,75,75,75,85,85,85,85,85,85,85,85,85,85,85,85,85,85,85,85,85,85,85,85,85,85,85],"card_choices":[{"not_picked":["Compile Driver","Conserve Battery"],"picked":"Go for the Eyes","floor":1.0},{"not_picked":["Turbo","Leap"],"picked":"Defragment","floor":2.0},{"not_picked":["Stack","Darkness"],"picked":"Melter","floor":3.0},{"not_picked":["Fusion","Hologram"],"picked":"Beam Cell","floor":4.0},{"not_picked":["Stack","Doom and Gloom"],"picked":"Barrage","floor":6.0},{"not_picked":["Streamline","Hologram"],"picked":"Turbo","floor":7.0},{"not_picked":["Streamline","Redo"],"picked":"Barrage","floor":7.0},{"not_picked":["Hyperbeam","Seek"],"picked":"Echo Form","floor":16.0},{"not_picked":["Steam","Undo"],"picked":"Loop","floor":18.0},{"not_picked":["Steam","Barrage"],"picked":"BootSequence+1","floor":18.0},{"not_picked":["Storm","Steam+1"],"picked":"Seek","floor":19.0},{"not_picked":["Redo","Storm","Recycle"],"picked":"SKIP","floor":19.0},{"not_picked":["Conserve Battery","Coolheaded"],"picked":"Skim+1","floor":21.0},{"not_picked":["Force Field","Compile Driver"],"picked":"Hologram+1","floor":21.0},{"not_picked":["Sweeping Beam+1","Stack"],"picked":"Conserve Battery","floor":22.0},{"not_picked":["Beam Cell+1","Streamline"],"picked":"Turbo+1","floor":22.0},{"not_picked":["Darkness","Double Energy"],"picked":"Force Field","floor":24.0},{"not_picked":["Genetic Algorithm","Steam Power"],"picked":"Sunder+1","floor":25.0},{"not_picked":["Sweeping Beam","Beam Cell"],"picked":"Cold Snap+1","floor":25.0},{"not_picked":["Redo","Barrage+1"],"picked":"Reboot","floor":28.0},{"not_picked":["Go for the Eyes","Turbo+1"],"picked":"Coolheaded","floor":28.0},{"not_picked":["Glacier","Sunder"],"picked":"Defragment","floor":30.0},{"not_picked":["Conserve Battery","Streamline"],"picked":"Coolheaded","floor":30.0},{"not_picked":["Amplify","Lockon"],"picked":"Compile Driver","floor":31.0},{"not_picked":["Static Discharge","Hologram","Rip and Tear"],"picked":"SKIP","floor":31.0},{"not_picked":["Amplify","Core Surge"],"picked":"Meteor Strike","floor":33.0},{"not_picked":["Coolheaded+1","Genetic Algorithm"],"picked":"Aggregate+1","floor":35.0},{"not_picked":["Rebound+1","Conserve Battery","Ball Lightning"],"picked":"SKIP","floor":35.0},{"not_picked":["Redo","Sweeping Beam+1"],"picked":"Force Field+1","floor":36.0},{"not_picked":["Barrage","Hello World+1","Storm+1"],"picked":"SKIP","floor":36.0},{"not_picked":["Storm","Turbo+1"],"picked":"Consume+1","floor":37.0},{"not_picked":["Scrape+1","Gash"],"picked":"Hologram+1","floor":37.0},{"not_picked":["Steam","Ball Lightning+1"],"picked":"White Noise+1","floor":37.0},{"not_picked":["Redo","Ball Lightning+1"],"picked":"Go for the Eyes","floor":37.0},{"not_picked":["Turbo","Gash"],"picked":"Reinforced Body+1","floor":38},{"not_picked":["Go for the Eyes+1","Rip and Tear+1","Aggregate"],"picked":"SKIP","floor":38},{"not_picked":["Chaos+1","Gash"],"picked":"Double Energy+1","floor":41},{"not_picked":["Turbo","Go for the Eyes"],"picked":"Coolheaded","floor":45},{"not_picked":["Aggregate","Reprogram"],"picked":"Go for the Eyes+1","floor":45},{"not_picked":["FTL","Consume"],"picked":"Steam Power+1","floor":46},{"not_picked":["Undo","FTL+1"],"picked":"Redo+1","floor":47},{"not_picked":["Consume+1","Auto Shields","Compile Driver"],"picked":"SKIP","floor":47},{"not_picked":["Barrage","BootSequence+1"],"picked":"Hologram+1","floor":48},{"not_picked":["Fission","Meteor Strike"],"picked":"Feel No Pain+1","floor":54}],"player_experience":1392528,"relics_obtained":[{"floor":6.0,"key":"Prayer Wheel"},{"floor":9.0,"key":"Torii"},{"floor":24.0,"key":"Letter Opener"},{"floor":26.0,"key":"Shuriken"},{"floor":41,"key":"Thread and Needle"},{"floor":46,"key":"Shovel"},{"floor":48,"key":"Old Coin"},{"floor":52,"key":"Bottled Lightning"},{"floor":54,"key":"Orichalcum"}],"event_choices":[{"damage_healed":0.0,"max_hp_gain":0.0,"max_hp_loss":0.0,"gold_gain":75.0,"event_name":"World of Goop","player_choice":"Gather Gold","floor":5.0,"gold_loss":0.0,"damage_taken":11.0},{"cards_removed":["Strike_B"],"damage_healed":0.0,"max_hp_gain":0.0,"max_hp_loss":0.0,"gold_gain":0.0,"event_name":"Golden Wing","player_choice":"Card Removal","floor":13.0,"gold_loss":0.0,"damage_taken":7.0},{"damage_healed":0.0,"max_hp_gain":0.0,"max_hp_loss":0.0,"gold_gain":0.0,"event_name":"Ghosts","player_choice":"Ignored","floor":20.0,"gold_loss":0.0,"damage_taken":0.0},{"cards_removed":["Melter"],"damage_healed":0,"gold_gain":0,"player_choice":"Removed Attack","damage_taken":0,"max_hp_gain":0,"max_hp_loss":0,"event_name":"Falling","floor":39,"gold_loss":0},{"damage_healed":0,"gold_gain":0,"player_choice":"Fight","damage_taken":0,"max_hp_gain":0,"max_hp_loss":0,"event_name":"Mysterious Sphere","floor":46,"gold_loss":0}],"is_beta":false,"boss_relics":[{"not_picked":["Pandora\u0027s Box","Fusion Hammer"],"picked":"Coffee Dripper"},{"not_picked":["Sozu","Astrolabe"],"picked":"Inserter"}],"items_purged_floors":[14,37,53],"is_endless":false,"potions_floor_spawned":[2,6,7,11,16,18,19,24,31,36,41,45,48],"ascension_level":0}}