{"host":"95i1gxnztdrdyvhi","time":1608485292,"event":{"mods":["AchievementEnabler","Act Like it!","BaseMod","Minty Spire (QoL Compilation)","Quick Restart","StSLib","The Marked"],"gold_per_floor":[117,292,304,38,92,137,137,206,206,206,260,355,355,355,355,485,485,504,504,419,435,449,483,483,483,483],"floor_reached":25,"playtime":1429,"items_purged":["Doubt"],"score":231,"play_id":"f094be3e-ff4c-40e2-9e1e-a56642f70671","local_time":"20201220172812","is_ascension_mode":false,"campfire_choices":[{"data":"HandOfGreed","floor":7,"key":"SMITH"},{"data":"theMarked:ElectricStrings","floor":10,"key":"SMITH"},{"data":"theMarked:HeritageOfTheMarked","floor":15,"key":"SMITH"},{"data":"theMarked:Seal","floor":24,"key":"SMITH"}],"circlet_count":0,"master_deck":["theMarked:Defend","theMarked:Defend","theMarked:Defend","theMarked:Defend","theMarked:SoldierOfQuellstein","theMarked:RogueSparks","theMarked:Improvise","theMarked:Opportunist+1","theMarked:Static","theMarked:BanishingStrike","HandOfGreed+1","theMarked:ElectricStrings+1","theMarked:Frustration","theMarked:HeritageOfTheMarked+1","theMarked:DeterminationOfTheMarked","theMarked:Seal+1"],"relics":["theMarked:ArtifactOfAir","Toy Ornithopter","Bottled Flame","Bird Faced Urn","Darkstone Periapt","MutagenicStrength","Torii","PreservedInsect"],"acts_visited":["Exordium","TheCity"],"potions_floor_usage":[16,16],"damage_taken":[{"damage":0,"enemies":"Small Slimes","floor":1,"turns":3},{"damage":1,"enemies":"Jaw Worm","floor":3,"turns":3},{"damage":7,"enemies":"2 Louse","floor":5,"turns":4},{"damage":26,"enemies":"Lagavulin","floor":6,"turns":6},{"damage":1,"enemies":"2 Fungi Beasts","floor":8,"turns":3},{"damage":14,"enemies":"Gremlin Nob","floor":11,"turns":3},{"damage":7,"enemies":"3 Louse","floor":12,"turns":9},{"damage":20,"enemies":"The Guardian","floor":16,"turns":8},{"damage":15,"enemies":"Spheric Guardian","floor":18,"turns":5},{"damage":1,"enemies":"Chosen","floor":21,"turns":4},{"damage":9,"enemies":"3 Cultists","floor":22,"turns":5},{"damage":48,"enemies":"Book of Stabbing","floor":23,"turns":5},{"damage":6,"enemies":"Snake Plant","floor":25,"turns":2}],"seed_played":"-5086919505644382479","potions_obtained":[{"floor":1,"key":"GamblersBrew"},{"floor":8,"key":"ColorlessPotion"},{"floor":12,"key":"theMarked:ChargePotion"},{"floor":18,"key":"AttackPotion"},{"floor":21,"key":"LiquidBronze"}],"is_trial":false,"path_per_floor":["M","?","M","$","M","E","R","M","T","R","E","M","?","?","R","B",null,"M","?","?","M","M","E","R","M"],"character_chosen":"THE_DEFAULT","items_purchased":["HandOfGreed"],"campfire_rested":0,"item_purchase_floors":[4],"current_hp_per_floor":[70,70,69,69,62,36,36,35,35,35,21,14,19,16,16,10,75,60,60,60,63,56,12,12,6,6],"gold":483,"neow_bonus":"UPGRADE_CARD","is_daily":false,"chose_seed":false,"campfire_upgraded":4,"win_rate":0.0,"timestamp":1608485292,"path_taken":["M","?","M","$","M","E","R","M","T","R","E","M","?","?","R","BOSS","M","?","?","M","M","E","R","M"],"items_purchased_type":["Card"],"build_version":"2020-12-13","purchased_purges":1,"victory":false,"max_hp_per_floor":[70,70,70,70,70,70,70,70,70,70,70,70,75,75,75,75,75,75,75,75,75,75,75,75,75,75],"card_choices":[{"not_picked":["theMarked:MagicAdept","theMarked:WastefulAttack"],"picked":"theMarked:BanishingStrike","floor":1},{"not_picked":["theMarked:PowerFlow","theMarked:Improvise","theMarked:Electrocute"],"picked":"SKIP","floor":3},{"not_picked":["theMarked:WastefulDefense","theMarked:Electrocute"],"picked":"theMarked:ElectricStrings","floor":5},{"not_picked":["theMarked:Electrocute","theMarked:Panic","theMarked:Overcharge"],"picked":"SKIP","floor":6},{"not_picked":["theMarked:Static","theMarked:Aftermath","theMarked:EnhanceMovement"],"picked":"SKIP","floor":8},{"not_picked":["theMarked:Overcharge","theMarked:Overthink"],"picked":"theMarked:Frustration","floor":11},{"not_picked":["theMarked:Aftermath","theMarked:ChainLightning"],"picked":"theMarked:HeritageOfTheMarked","floor":12},{"not_picked":["theMarked:KeepCalmAndFightOn","theMarked:RepellingDischarge","theMarked:SelfDefenseTraining"],"picked":"SKIP","floor":18},{"not_picked":["theMarked:Generate","theMarked:Overcharge","theMarked:CreepingChasm"],"picked":"SKIP","floor":21},{"not_picked":["theMarked:WastefulDefense","theMarked:KeepCalmAndFightOn"],"picked":"theMarked:DeterminationOfTheMarked","floor":22},{"not_picked":["theMarked:Convert","theMarked:ChainLightning"],"picked":"theMarked:Seal","floor":23}],"player_experience":639582,"relics_obtained":[{"floor":6,"key":"Toy Ornithopter"},{"floor":9,"key":"Bottled Flame"},{"floor":11,"key":"Bird Faced Urn"},{"floor":23,"key":"PreservedInsect"}],"event_choices":[{"damage_healed":0,"gold_gain":175,"player_choice":"AGREE","damage_taken":0,"max_hp_gain":0,"max_hp_loss":0,"event_name":"Liars Game","floor":2,"gold_loss":0,"cards_obtained":["Doubt"]},{"damage_healed":0,"gold_gain":0,"player_choice":"Donut","damage_taken":0,"max_hp_gain":5,"max_hp_loss":0,"event_name":"Big Fish","floor":13,"gold_loss":0},{"damage_healed":0,"gold_gain":0,"player_choice":"Success","damage_taken":3,"relics_obtained":["Darkstone Periapt"],"max_hp_gain":0,"max_hp_loss":0,"event_name":"Scrap Ooze","floor":14,"gold_loss":0},{"damage_healed":0,"gold_gain":0,"player_choice":"Inject Mutagens","damage_taken":0,"relics_obtained":["MutagenicStrength"],"max_hp_gain":0,"max_hp_loss":0,"event_name":"Drug Dealer","floor":19,"gold_loss":0},{"damage_healed":0,"gold_gain":0,"player_choice":"Obtained Relic","damage_taken":0,"relics_obtained":["Torii"],"max_hp_gain":0,"max_hp_loss":0,"event_name":"Addict","floor":20,"gold_loss":85}],"is_beta":false,"boss_relics":[{"not_picked":["Pandora\u0027s Box","Snecko Eye","Busted Crown"]}],"items_purged_floors":[4],"is_endless":false,"potions_floor_spawned":[1,8,12,18,21,23],"killed_by":"Snake Plant","ascension_level":0}}