{"host":"ssbj2e5691x5ub3h","time":1608436391,"event":{"mods":["BaseMod","Duelist Mod","Minty Spire (QoL Compilation)","StSLib"],"gold_per_floor":[139,139,156,169,169,169,199,216,239,256,256,284,301,311,311,406,406,416,383,383,383],"floor_reached":20,"playtime":990,"items_purged":[],"score":197,"play_id":"ba9926fb-b38e-404d-b91c-6f98f1e6e7b8","local_time":"20201220015311","is_ascension_mode":true,"campfire_choices":[{"data":"theDuelist:SnowDragon","floor":6,"key":"SMITH"},{"floor":15,"key":"REST"}],"circlet_count":0,"master_deck":["theDuelist:BabyDragon","theDuelist:CastleWalls","theDuelist:CastleWalls","theDuelist:CaveDragon","theDuelist:CaveDragon","theDuelist:LesserDragon","theDuelist:LesserDragon","theDuelist:Sparks","theDuelist:StormSparks","theDuelist:YamataDragon","theDuelist:SliferSky+1","theDuelist:SnowDragon+1","theDuelist:CastleDragonSouls","theDuelist:BusterBladerDDS","theDuelist:InfernityDoomDragon","theDuelist:AncientPixieDragon","theDuelist:BerserkScales","theDuelist:Dracocension"],"relics":["theDuelist:MillenniumPuzzle","theDuelist:CardPoolRelic","theDuelist:CardPoolBasicRelic","theDuelist:BoosterPackPoolRelic","theDuelist:CardPoolAddRelic","theDuelist:CardPoolMinusRelic","theDuelist:CardPoolSaveRelic","theDuelist:CardPoolOptionsRelic","theDuelist:DuelistTeaSet","PreservedInsect","Strawberry","Art of War","theDuelist:HauntedRelic"],"acts_visited":["Exordium","TheCity"],"potions_floor_usage":[],"damage_taken":[{"damage":0,"enemies":"2 Louse","floor":1,"turns":2},{"damage":1,"enemies":"Small Slimes","floor":3,"turns":4},{"damage":0,"enemies":"Jaw Worm","floor":4,"turns":2},{"damage":10,"enemies":"Gremlin Nob","floor":7,"turns":4},{"damage":0,"enemies":"2 Fungi Beasts","floor":8,"turns":4},{"damage":6,"enemies":"Blue Slaver","floor":10,"turns":3},{"damage":10,"enemies":"3 Sentries","floor":12,"turns":8},{"damage":13,"enemies":"Lots of Slimes","floor":13,"turns":4},{"damage":7,"enemies":"Red Slaver","floor":14,"turns":3},{"damage":27,"enemies":"The Guardian","floor":16,"turns":8},{"damage":27,"enemies":"Shell Parasite","floor":18,"turns":6},{"damage":25,"enemies":"2 Thieves","floor":19,"turns":5},{"damage":10,"enemies":"3 Cultists","floor":20,"turns":5}],"seed_played":"-1848207949606707988","potions_obtained":[{"floor":7,"key":"Ancient Potion"},{"floor":8,"key":"theDuelist:WaterBottle"},{"floor":12,"key":"theDuelist:LavaBottle"}],"is_trial":false,"path_per_floor":["M","?","M","M","?","R","E","M","T","M","?","E","M","M","R","B",null,"M","M","M"],"character_chosen":"THE_DUELIST","items_purchased":[],"campfire_rested":1,"item_purchase_floors":[],"current_hp_per_floor":[80,74,73,73,73,73,63,63,70,64,64,54,41,34,60,33,87,60,35,25,25],"gold":383,"neow_bonus":"ONE_RANDOM_RARE_CARD","is_daily":false,"chose_seed":false,"campfire_upgraded":1,"win_rate":0.0,"timestamp":1608436391,"path_taken":["M","?","M","M","?","R","E","M","T","M","?","E","M","M","R","BOSS","M","M","M"],"items_purchased_type":[],"build_version":"2020-12-13","purchased_purges":0,"victory":false,"max_hp_per_floor":[80,80,80,80,80,80,80,80,87,87,87,87,87,87,87,87,87,87,87,87,87],"card_choices":[{"not_picked":["theDuelist:LightningDarts","theDuelist:PurplePainOni","theDuelist:ReinforcementsArmy"],"picked":"SKIP","floor":1},{"not_picked":["theDuelist:Kabazauls","theDuelist:BlackStego","theDuelist:Anthrosaurus"],"picked":"SKIP","floor":3},{"not_picked":["theDuelist:Sabersaurus","theDuelist:ExploderDragon"],"picked":"theDuelist:SnowDragon","floor":4},{"not_picked":["theDuelist:Vandalgyon","theDuelist:Berserking","theDuelist:ArtifactSanctum"],"picked":"theDuelist:CastleDragonSouls","floor":7},{"not_picked":["theDuelist:SeismicShockwave","theDuelist:FiveHeaded"],"picked":"theDuelist:BusterBladerDDS","floor":8},{"not_picked":["theDuelist:BeserkDragon","theDuelist:CyberLaserDragon"],"picked":"theDuelist:InfernityDoomDragon","floor":10},{"not_picked":["theDuelist:VolcanicEruption","theDuelist:FireDarts","theDuelist:DefensiveTactics"],"picked":"SKIP","floor":12},{"not_picked":["theDuelist:ScrapIronScarecrow","theDuelist:SafeZone","theDuelist:DefenseDraw"],"picked":"SKIP","floor":13},{"not_picked":["theDuelist:RedRisingDragon","theDuelist:Earthquake"],"picked":"theDuelist:AncientPixieDragon","floor":14},{"not_picked":["theDuelist:Lancephorhynchus","theDuelist:GravityLash"],"picked":"theDuelist:BerserkScales","floor":16},{"not_picked":["theDuelist:StampingDestruction","theDuelist:CyberEmergency"],"picked":"theDuelist:Dracocension","floor":18},{"not_picked":["theDuelist:ScrapIronScarecrow","theDuelist:SafeZone","theDuelist:DefenseDraw"],"picked":"SKIP","floor":19}],"player_experience":151290,"relics_obtained":[{"floor":7,"key":"PreservedInsect"},{"floor":9,"key":"Strawberry"},{"floor":12,"key":"Art of War"}],"event_choices":[{"damage_healed":0,"gold_gain":0,"player_choice":"Dig - random Duelist relic","duelist":true,"damage_taken":0,"max_hp_gain":0,"max_hp_loss":0,"event_name":"Aknamkanon\u0027s Tomb","floor":2,"gold_loss":0},{"damage_healed":0,"gold_gain":0,"player_choice":"Grow","damage_taken":0,"max_hp_gain":0,"max_hp_loss":0,"event_name":"Living Wall","floor":5,"gold_loss":0,"cards_upgraded":["theDuelist:SliferSky"]},{"damage_healed":0,"gold_gain":0,"player_choice":"Leave","duelist":true,"damage_taken":0,"max_hp_gain":0,"max_hp_loss":0,"event_name":"Battle City","floor":11,"gold_loss":0}],"is_beta":false,"boss_relics":[{"not_picked":["Black Star","Empty Cage"],"picked":"theDuelist:HauntedRelic"}],"items_purged_floors":[],"is_endless":false,"potions_floor_spawned":[7,8,12,19],"killed_by":"3 Cultists","ascension_level":1}}