{"host":"injjhdjhvwue88m1","time":1608499617,"event":{"mods":["AchievementEnabler","BaseMod","Downfall","Minty Spire (QoL Compilation)","Relic Stats","Spicy Shops","StSLib"],"gold_per_floor":[99,119,153,171,171,171,171],"floor_reached":6,"playtime":493,"items_purged":[],"score":51,"play_id":"cc7d1b95-1f88-4c67-9438-af06aa6a73c1","local_time":"20201220142657","is_ascension_mode":true,"campfire_choices":[{"data":"Slimebound:DuplicatedForm","floor":1,"key":"SMITH"}],"circlet_count":0,"master_deck":["Slimebound:Strike_Slimebound","Slimebound:Strike_Slimebound","Slimebound:Strike_Slimebound","Slimebound:Tackle","Slimebound:Defend_Slimebound","Slimebound:Defend_Slimebound","Slimebound:Defend_Slimebound","Slimebound:Defend_Slimebound","Slimebound:Split","Slimebound:CorrosiveSpit","Writhe","Slimebound:DuplicatedForm+1","Slimebound:GoopSpray","Slimebound:GrowthPunch","Slimebound:SplitBruiser"],"relics":["Slimebound:AbsorbEndCombat","Slimebound:ScrapOozeRelic"],"acts_visited":["Exordium"],"potions_floor_usage":[],"damage_taken":[{"damage":10,"enemies":"Small Slimes","floor":2,"turns":3},{"damage":44,"enemies":"3 Sentries","floor":3,"turns":7},{"damage":25,"enemies":"Jaw Worm","floor":4,"turns":3},{"damage":53,"enemies":"Gremlin Nob","floor":6,"turns":3}],"seed_played":"-6255869900791709102","potions_obtained":[{"floor":4,"key":"Swift Potion"}],"is_trial":false,"path_per_floor":["R","M","E","M","?","E"],"character_chosen":"SLIMEBOUND","items_purchased":[],"campfire_rested":0,"item_purchase_floors":[],"current_hp_per_floor":[60,58,39,37,37,0,0],"gold":171,"neow_bonus":"THREE_RARE_CARDS","is_daily":false,"chose_seed":false,"campfire_upgraded":1,"win_rate":0.0,"timestamp":1608499617,"path_taken":["R","M","E","M","?","E"],"items_purchased_type":[],"build_version":"2020-12-13","purchased_purges":0,"victory":false,"max_hp_per_floor":[60,60,60,60,60,60,60],"relic_stats":{"counters":[4,16],"obtain_stats":[{"Slimebound:ScrapOozeRelic":5,"Slimebound:AbsorbEndCombat":0,"Orichalcum":3},{"Slimebound:ScrapOozeRelic":3,"Slimebound:AbsorbEndCombat":0,"Orichalcum":2},{"Slimebound:ScrapOozeRelic":13,"Slimebound:AbsorbEndCombat":0,"Orichalcum":10}]},"card_choices":[{"not_picked":["Slimebound:LeechLife","Slimebound:SlimeSlap"],"picked":"Slimebound:DuplicatedForm","floor":0},{"not_picked":["Slimebound:RollThrough","Slimebound:Equalize"],"picked":"Slimebound:GoopSpray","floor":2},{"not_picked":["Slimebound:SamplingLick","Slimebound:ViciousTackle"],"picked":"Slimebound:GrowthPunch","floor":3},{"not_picked":["Slimebound:HauntingLick","Slimebound:ForwardTackle"],"picked":"Slimebound:SplitBruiser","floor":4}],"player_experience":222832,"relics_obtained":[{"floor":3,"key":"Orichalcum"}],"event_choices":[],"is_beta":false,"boss_relics":[],"items_purged_floors":[],"is_endless":false,"potions_floor_spawned":[4],"killed_by":"Gremlin Nob","ascension_level":3}}