{"host":"s1gi8xs3so6zkrm7","time":1608424801,"event":{"mods":["BaseMod","Filter the Spire","Minty Spire (QoL Compilation)"],"gold_per_floor":[111,63,78,78,94,94,122,146,146,146,146,18,18,31,31,134,134,150,150,162,47,47,76,76,76,76,88,88,104,104,29,29,29,29],"floor_reached":33,"playtime":2129,"items_purged":["Strike_B"],"score":263,"play_id":"7985f27b-f5a4-4124-a90b-eea2197b3b7b","local_time":"20201219184001","is_ascension_mode":false,"campfire_choices":[{"data":"Undo","floor":6.0,"key":"SMITH"},{"data":"Tempest","floor":10.0,"key":"SMITH"},{"data":"Hologram","floor":15.0,"key":"SMITH"},{"floor":25,"key":"REST"},{"floor":28,"key":"REST"},{"floor":30,"key":"REST"},{"floor":32,"key":"REST"}],"circlet_count":0,"master_deck":["Defend_B","Defend_B","Zap","Dualcast","Conserve Battery","Hologram+1","Tempest+1","Undo+1","Barrage","Loop+1","Doom and Gloom","Multi-Cast","Hologram","Capacitor","Undo","Sweeping Beam","Conserve Battery","Parasite"],"relics":["Empty Cage","Lantern","Orichalcum","Shuriken","Cursed Key","Bottled Tornado","Molten Egg 2"],"acts_visited":["Exordium","TheCity"],"potions_floor_usage":[23,24,33,33],"damage_taken":[{"damage":10.0,"enemies":"Cultist","floor":1.0,"turns":4.0},{"damage":2.0,"enemies":"Small Slimes","floor":3.0,"turns":5.0},{"damage":11.0,"enemies":"Jaw Worm","floor":5.0,"turns":4.0},{"damage":12.0,"enemies":"Lagavulin","floor":7.0,"turns":8.0},{"damage":5.0,"enemies":"Looter","floor":14.0,"turns":3.0},{"damage":49.0,"enemies":"Hexaghost","floor":16.0,"turns":10.0},{"damage":5,"enemies":"Shell Parasite","floor":18,"turns":7},{"damage":22,"enemies":"3 Byrds","floor":20,"turns":5},{"damage":45,"enemies":"Slavers","floor":23,"turns":6},{"damage":2,"enemies":"3 Cultists","floor":24,"turns":4},{"damage":15,"enemies":"Snake Plant","floor":27,"turns":4},{"damage":5,"enemies":"Snecko","floor":29,"turns":4},{"damage":71,"enemies":"Collector","floor":33,"turns":11}],"seed_played":"-488475876202638522","potions_obtained":[{"floor":3.0,"key":"Explosive Potion"},{"floor":5.0,"key":"LiquidBronze"},{"floor":14.0,"key":"SmokeBomb"},{"floor":27,"key":"SkillPotion"}],"is_trial":false,"path_per_floor":["M","$","M","?","M","R","E","T","T","R","?","$","?","M","R","B",null,"M","?","M","$","?","E","M","R","T","M","R","M","R","?","R","B"],"character_chosen":"DEFECT","items_purchased":["Hologram","Barrage","Loop","Capacitor"],"campfire_rested":4,"item_purchase_floors":[2,12,12,21],"current_hp_per_floor":[65,65,63,63,52,52,40,40,40,40,65,65,65,60,60,11,75,70,70,48,48,48,3,1,23,23,8,30,25,47,47,69,0,0],"gold":29,"neow_bonus":"BOSS_RELIC","is_daily":false,"chose_seed":false,"campfire_upgraded":3,"win_rate":0.0,"timestamp":1608424801,"path_taken":["M","?","M","?","M","R","E","?","T","R","?","$","?","M","R","BOSS","M","?","M","?","?","E","M","R","T","?","R","M","R","?","R","BOSS"],"items_purchased_type":["Card","Card","Card","Card"],"build_version":"2020-12-13","purchased_purges":1,"victory":false,"max_hp_per_floor":[75,75,75,75,75,75,75,75,75,75,75,75,75,75,75,75,75,75,75,75,75,75,75,75,75,75,75,75,75,75,75,75,75,75],"card_choices":[{"not_picked":["Go for the Eyes","FTL"],"picked":"Conserve Battery","floor":1.0},{"not_picked":["Compile Driver","Sweeping Beam"],"picked":"Tempest","floor":3.0},{"not_picked":["BootSequence","Leap"],"picked":"Undo","floor":5.0},{"not_picked":["Stack","Coolheaded"],"picked":"Redo","floor":7.0},{"not_picked":["Hologram","Go for the Eyes"],"picked":"Doom and Gloom","floor":14.0},{"not_picked":["Meteor Strike","All For One"],"picked":"Multi-Cast","floor":16.0},{"not_picked":["Cold Snap","Barrage","Streamline"],"picked":"SKIP","floor":18},{"not_picked":["Reinforced Body+1","Sweeping Beam"],"picked":"Hologram","floor":20},{"not_picked":["FTL","Gash"],"picked":"Conserve Battery","floor":23},{"not_picked":["Fusion+1","Turbo","Steam"],"picked":"SKIP","floor":27},{"not_picked":["Hologram","Rebound+1","Redo"],"picked":"SKIP","floor":29}],"player_experience":171799,"relics_obtained":[{"floor":7.0,"key":"Lantern"},{"floor":8.0,"key":"Orichalcum"},{"floor":9.0,"key":"Shuriken"},{"floor":23,"key":"Bottled Tornado"},{"floor":26,"key":"Molten Egg 2"}],"event_choices":[{"damage_healed":0.0,"max_hp_gain":0.0,"max_hp_loss":0.0,"gold_gain":0.0,"event_name":"Golden Wing","player_choice":"Ignored","floor":4.0,"gold_loss":0.0,"damage_taken":0.0},{"damage_healed":25.0,"max_hp_gain":0.0,"max_hp_loss":0.0,"gold_gain":0.0,"event_name":"Big Fish","player_choice":"Banana","floor":11.0,"gold_loss":0.0,"damage_taken":0.0},{"damage_healed":0.0,"max_hp_gain":0.0,"max_hp_loss":0.0,"gold_gain":0.0,"event_name":"Living Wall","player_choice":"Grow","floor":13.0,"gold_loss":0.0,"damage_taken":0.0,"cards_upgraded":["Loop"]},{"cards_removed":["Strike_B"],"damage_healed":0,"gold_gain":0,"player_choice":"Purged","damage_taken":0,"max_hp_gain":0,"max_hp_loss":0,"event_name":"Purifier","floor":19,"gold_loss":0},{"damage_healed":0,"gold_gain":0,"cards_transformed":["Strike_B","Defend_B"],"player_choice":"Became Test Subject","damage_taken":0,"max_hp_gain":0,"max_hp_loss":0,"event_name":"Drug Dealer","floor":22,"gold_loss":0,"cards_obtained":["Undo","Sweeping Beam"]},{"cards_removed":["Redo"],"damage_healed":0,"gold_gain":0,"player_choice":"Gave Gold","damage_taken":0,"max_hp_gain":0,"max_hp_loss":0,"event_name":"Beggar","floor":31,"gold_loss":75}],"is_beta":false,"boss_relics":[{"not_picked":["Tiny House","Snecko Eye"],"picked":"Cursed Key"}],"items_purged_floors":[21],"is_endless":false,"potions_floor_spawned":[3,5,14,24,27],"killed_by":"Collector","ascension_level":0}}