{"host":"uzcks4yhskks9i02","time":1608497684,"event":{"mods":["BaseMod","Minty Spire (QoL Compilation)","Quick Restart"],"gold_per_floor":[110,125,125,141,154,179,179,179,203,237,257,270,35,66,66,167,167,181,456,471,484,484,484],"floor_reached":22,"playtime":1376,"items_purged":["Regret"],"score":316,"play_id":"2a8317a5-8d95-4dfa-96a9-47d78f28470e","local_time":"20201220135444","is_ascension_mode":true,"campfire_choices":[{"floor":7.0,"key":"REST"},{"floor":15.0,"key":"REST"}],"circlet_count":0,"master_deck":["Strike_R","Strike_R","Strike_R","Strike_R","Strike_R","Defend_R","Defend_R","Defend_R","Defend_R","Bash","Apotheosis","Rampage","Flame Barrier","Evolve","Shrug It Off","Intimidate","Anger","Bash","Burning Pact","Barricade","Feed","Ghostly Armor","Feel No Pain","Offering","Feel No Pain","Double Tap","Anger+1","Regret","Carnage","Reckless Charge+1"],"relics":["Burning Blood","Potion Belt","Centennial Puzzle","Pen Nib","Strawberry","Paper Frog","SacredBark"],"acts_visited":["Exordium","TheCity"],"potions_floor_usage":[21],"damage_taken":[{"damage":3.0,"enemies":"Small Slimes","floor":1.0,"turns":4.0},{"damage":8.0,"enemies":"2 Louse","floor":2.0,"turns":4.0},{"damage":4.0,"enemies":"Cultist","floor":4.0,"turns":4.0},{"damage":15.0,"enemies":"3 Louse","floor":5.0,"turns":5.0},{"damage":36.0,"enemies":"Gremlin Nob","floor":6.0,"turns":5.0},{"damage":12.0,"enemies":"Lagavulin","floor":10.0,"turns":7.0},{"damage":31.0,"enemies":"Gremlin Gang","floor":11.0,"turns":6.0},{"damage":6.0,"enemies":"Looter","floor":12.0,"turns":3.0},{"damage":12.0,"enemies":"3 Sentries","floor":14.0,"turns":8.0},{"damage":37.0,"enemies":"The Guardian","floor":16.0,"turns":12.0},{"damage":17.0,"enemies":"2 Thieves","floor":18.0,"turns":5.0},{"damage":16.0,"enemies":"Chosen","floor":20.0,"turns":4.0},{"damage":23,"enemies":"Snake Plant","floor":21,"turns":3},{"damage":48,"enemies":"Shelled Parasite and Fungi","floor":22,"turns":4}],"seed_played":"597302897739401119","potions_obtained":[{"floor":2.0,"key":"Block Potion"},{"floor":5.0,"key":"Dexterity Potion"},{"floor":10.0,"key":"LiquidMemories"},{"floor":12.0,"key":"HeartOfIron"},{"floor":16.0,"key":"Swift Potion"},{"floor":18.0,"key":"ColorlessPotion"}],"is_trial":false,"path_per_floor":["M","M","?","M","M","E","R","?","T","E","M","M","$","E","R","B",null,"M","?","M","M","M"],"character_chosen":"IRONCLAD","items_purchased":["Offering"],"campfire_rested":2,"item_purchase_floors":[13],"current_hp_per_floor":[54,52,52,54,45,15,39,39,39,40,18,21,21,19,48,21,81,74,74,64,47,0,0],"gold":484,"neow_bonus":"RANDOM_COLORLESS_2","is_daily":false,"chose_seed":false,"campfire_upgraded":0,"win_rate":0.0,"timestamp":1608497684,"path_taken":["M","M","?","M","M","E","R","?","T","E","?","M","$","E","R","BOSS","M","?","M","?","M"],"items_purchased_type":["Card"],"build_version":"2020-12-13","purchased_purges":1,"victory":false,"max_hp_per_floor":[80,80,80,80,80,80,80,80,80,87,90,93,93,97,97,101,101,105,105,105,105,105,105],"card_choices":[{"not_picked":["Violence","Secret Technique"],"picked":"Apotheosis","floor":0.0},{"not_picked":["Armaments","Burning Pact"],"picked":"Rampage","floor":1.0},{"not_picked":["True Grit","Warcry"],"picked":"Flame Barrier","floor":2.0},{"not_picked":["Wild Strike","Flame Barrier"],"picked":"Evolve","floor":4.0},{"not_picked":["Clothesline","Pommel Strike"],"picked":"Shrug It Off","floor":5.0},{"not_picked":["Perfected Strike","Thunderclap"],"picked":"Intimidate","floor":6.0},{"not_picked":["Rage","Cleave"],"picked":"Feed","floor":10.0},{"not_picked":["Body Slam","Combust"],"picked":"Ghostly Armor","floor":11.0},{"not_picked":["Clash","Perfected Strike"],"picked":"Feel No Pain","floor":12.0},{"not_picked":["Pummel","Havoc"],"picked":"Feel No Pain","floor":14.0},{"not_picked":["Limit Break","Bludgeon"],"picked":"Double Tap","floor":16.0},{"not_picked":["Armaments","Body Slam"],"picked":"Anger+1","floor":18.0},{"not_picked":["Thunderclap","Infernal Blade+1"],"picked":"Carnage","floor":20.0},{"not_picked":["Iron Wave","Havoc"],"picked":"Reckless Charge+1","floor":21}],"player_experience":457673,"relics_obtained":[{"floor":6.0,"key":"Centennial Puzzle"},{"floor":9.0,"key":"Pen Nib"},{"floor":10.0,"key":"Strawberry"},{"floor":14.0,"key":"Paper Frog"}],"event_choices":[{"damage_healed":0.0,"max_hp_gain":0.0,"max_hp_loss":0.0,"gold_gain":0.0,"event_name":"Big Fish","player_choice":"Box","floor":3.0,"gold_loss":0.0,"damage_taken":0.0,"relics_obtained":["Potion Belt"],"cards_obtained":["Regret"]},{"damage_healed":0.0,"max_hp_gain":0.0,"max_hp_loss":0.0,"gold_gain":0.0,"event_name":"Match and Keep!","player_choice":"4 cards matched","floor":8.0,"gold_loss":0.0,"damage_taken":0.0,"cards_obtained":["Anger","Bash","Burning Pact","Barricade"]},{"damage_healed":0.0,"max_hp_gain":0.0,"max_hp_loss":0.0,"gold_gain":275.0,"event_name":"Golden Shrine","player_choice":"Desecrate","floor":19.0,"gold_loss":0.0,"damage_taken":0.0,"cards_obtained":["Regret"]}],"is_beta":false,"boss_relics":[{"not_picked":["Astrolabe","Runic Pyramid"],"picked":"SacredBark"}],"items_purged_floors":[13],"is_endless":false,"potions_floor_spawned":[2,5,10,12,16,18],"killed_by":"Shelled Parasite and Fungi","ascension_level":8}}