{"host":"a5e2zwd8c2ad7the","time":1608430839,"event":{"mods":["BaseMod","Colored Map","Colored Powertips","Highlight Path","Minty Spire (QoL Compilation)","Quick Restart","Rare Cards Sparkle","Replay The Spire","StSLib"],"gold_per_floor":[114,114,131,149,149,149,215,215,215,9,43,43,74,99,99,225,225,240,260,25,44,44,44,44],"floor_reached":23,"playtime":886,"items_purged":[],"score":199,"play_id":"f11d2c46-1e89-410b-a37f-932e52a6e996","local_time":"20201220102039","is_ascension_mode":false,"campfire_choices":[{"data":"Noxious Fumes","floor":6,"key":"SMITH"},{"data":"Toxin Wave","floor":8,"key":"SMITH"},{"floor":15,"key":"REST"}],"circlet_count":0,"master_deck":["Strike_G","Strike_G","Strike_G","Strike_G","Strike_G","Defend_G","Defend_G","Defend_G","Defend_G","Defend_G","Survivor","Neutralize","Toxin Wave+1","Noxious Fumes+1","Poison Darts","Poisoned Stab","Replay:Poison Smokescreen","Bane","Envenom","Poisoned Stab"],"relics":["Ring of the Snake","NeowsBlessing","Bloody Idol","BranchBurnRelic","InkBottle","Toy Ornithopter","Ginger","Boot","Painkiller Herb","TwistedFunnel"],"acts_visited":["Exordium","TheCity"],"potions_floor_usage":[14,16,23,23],"damage_taken":[{"damage":0,"enemies":"Small Slimes","floor":1,"turns":1},{"damage":0,"enemies":"Cultist","floor":3,"turns":1},{"damage":0,"enemies":"2 Louse","floor":4,"turns":1},{"damage":17,"enemies":"3 Sentries","floor":7,"turns":5},{"damage":26,"enemies":"3 Sentries","floor":11,"turns":7},{"damage":22,"enemies":"Lagavulin","floor":13,"turns":4},{"damage":0,"enemies":"Looter","floor":14,"turns":2},{"damage":29,"enemies":"The Guardian","floor":16,"turns":7},{"damage":27,"enemies":"2 Thieves","floor":18,"turns":3},{"damage":24,"enemies":"Spheric Guardian","floor":19,"turns":5},{"damage":10,"enemies":"Snecko","floor":21,"turns":4},{"damage":24,"enemies":"Gremlin Leader","floor":23,"turns":3}],"seed_played":"-3674644047199474191","potions_obtained":[{"floor":2,"key":"Languid Potion"},{"floor":2,"key":"Fire Potion"},{"floor":2,"key":"SneckoOil"},{"floor":11,"key":"EssenceOfSteel"},{"floor":16,"key":"ColorlessPotion"},{"floor":18,"key":"SneckoOil"}],"is_trial":false,"path_per_floor":["M","?","M","M","?","R","?","R","T","$","E","?","E","M","R","B",null,"?","?","T","?","?","E"],"character_chosen":"THE_SILENT","items_purchased":["Poison Darts","Poisoned Stab","TwistedFunnel","Reflective Coating"],"campfire_rested":1,"item_purchase_floors":[10,10,20,20],"current_hp_per_floor":[70,70,70,70,53,53,36,36,36,36,25,25,3,8,29,20,70,43,19,19,9,9,0,0],"gold":44,"neow_bonus":"THREE_ENEMY_KILL","is_daily":false,"chose_seed":false,"campfire_upgraded":2,"win_rate":0.0,"timestamp":1608430839,"path_taken":["M","?","M","?","?","R","?","R","T","?","E","?","E","?","R","BOSS","?","?","T","?","?","E"],"items_purchased_type":["Card","Card","Relic","Potion"],"build_version":"2020-12-13","purchased_purges":0,"victory":false,"max_hp_per_floor":[70,70,70,70,70,70,70,70,70,70,70,70,70,70,70,70,70,70,70,70,70,70,70,70],"card_choices":[{"not_picked":["Dagger Spray","Quick Slash"],"picked":"Toxin Wave","floor":1},{"not_picked":["Slice","Flying Knee"],"picked":"Noxious Fumes","floor":3},{"not_picked":["Acrobatics","ReplayTheSpireMod:The Works","Outmaneuver"],"picked":"SKIP","floor":4},{"not_picked":["Glass Knife","Prepared"],"picked":"Replay:Poison Smokescreen","floor":11},{"not_picked":["Backflip","Doppelganger"],"picked":"Bane","floor":13},{"not_picked":["Blur","PiercingWail","Hidden Blade"],"picked":"SKIP","floor":14},{"not_picked":["Glass Knife","Grand Finale"],"picked":"Envenom","floor":16},{"not_picked":["Deflect","Well Laid Plans","PiercingWail"],"picked":"SKIP","floor":18},{"not_picked":["Riddle With Holes+1","Bane","Choke"],"picked":"SKIP","floor":19},{"not_picked":["Riddle With Holes","Blade Dance"],"picked":"Poisoned Stab","floor":21}],"player_experience":26086,"relics_obtained":[{"floor":9,"key":"InkBottle"},{"floor":11,"key":"Toy Ornithopter"},{"floor":13,"key":"Boot"}],"event_choices":[{"damage_healed":0,"gold_gain":0,"player_choice":"Got Potions","damage_taken":0,"max_hp_gain":0,"max_hp_loss":0,"event_name":"Lab","floor":2,"gold_loss":0},{"damage_healed":0,"gold_gain":0,"player_choice":"Take Damage","damage_taken":17,"relics_obtained":["Golden Idol"],"max_hp_gain":0,"max_hp_loss":0,"event_name":"Golden Idol","floor":5,"gold_loss":0},{"damage_healed":0,"gold_gain":30,"player_choice":"Searched \u00273\u0027 times","damage_taken":0,"relics_obtained":["Dead Branch"],"max_hp_gain":0,"max_hp_loss":0,"event_name":"Dead Adventurer","floor":7,"gold_loss":0},{"damage_healed":0,"gold_gain":0,"player_choice":"Gave Potion","damage_taken":0,"relics_obtained":["Ginger"],"max_hp_gain":0,"max_hp_loss":0,"event_name":"WeMeetAgain","floor":12,"gold_loss":0},{"damage_healed":0,"gold_gain":0,"player_choice":"Gave Idol","damage_taken":0,"relics_obtained":["Bloody Idol"],"max_hp_gain":0,"max_hp_loss":0,"event_name":"Forgotten Altar","floor":22,"relics_lost":["Golden Idol"],"gold_loss":0}],"is_beta":false,"boss_relics":[{"not_picked":["Busted Crown","Snecko Scales"],"picked":"Painkiller Herb"}],"items_purged_floors":[],"is_endless":false,"potions_floor_spawned":[7,11,16,18],"killed_by":"Gremlin Leader","ascension_level":0}}