{"host":"msepye59htvs4aw4","time":1608495979,"event":{"mods":["BaseMod","Colored Map","DeckTracker","Highlight Path","Minty Spire (QoL Compilation)","Shop Mod","StSLib","SuperFastMode"],"gold_per_floor":[116,130,144,159,173,173,34,34,34,34,54,66,125,151,151,227,227,247,247,260,20,38,38,57,57,127,327,342,342,342],"floor_reached":29,"playtime":643,"items_purged":[],"score":383,"play_id":"a4278af0-66d3-4f92-b9e8-46b2befe1024","local_time":"20201220212619","is_ascension_mode":true,"campfire_choices":[{"floor":6,"key":"REST"},{"data":"Glass Knife","floor":8,"key":"SMITH"},{"data":"Bouncing Flask","floor":10,"key":"SMITH"},{"floor":15,"key":"REST"},{"floor":23,"key":"REST"},{"floor":25,"key":"REST"}],"circlet_count":0,"master_deck":["AscendersBane","Strike_G","Strike_G","Strike_G","Strike_G","Defend_G","Defend_G","Defend_G","Defend_G","Defend_G","Survivor","Neutralize","Dagger Spray","Glass Knife+1","Poisoned Stab","PiercingWail","Bouncing Flask+1","Backstab","Blur","Deadly Poison","Envenom","Dash","Dodge and Roll","Backflip","Bouncing Flask+1","Footwork"],"relics":["Ring of the Snake","Eternal Feather","Dream Catcher","Philosopher\u0027s Stone","MerchantsRug","Bottled Lightning"],"acts_visited":["Exordium","TheCity"],"potions_floor_usage":[4,5,20,20,29],"damage_taken":[{"damage":2,"enemies":"Small Slimes","floor":1,"turns":5},{"damage":5,"enemies":"Jaw Worm","floor":2,"turns":5},{"damage":1,"enemies":"Cultist","floor":3,"turns":3},{"damage":12,"enemies":"Exordium Thugs","floor":4,"turns":7},{"damage":4,"enemies":"Gremlin Gang","floor":5,"turns":4},{"damage":6,"enemies":"Looter","floor":11,"turns":2},{"damage":21,"enemies":"Lots of Slimes","floor":12,"turns":3},{"damage":54,"enemies":"The Guardian","floor":16,"turns":10},{"damage":1,"enemies":"Chosen","floor":18,"turns":3},{"damage":12,"enemies":"3 Byrds","floor":20,"turns":4},{"damage":17,"enemies":"Snake Plant","floor":22,"turns":4},{"damage":28,"enemies":"Sentry and Sphere","floor":24,"turns":7},{"damage":45,"enemies":"Shelled Parasite and Fungi","floor":28,"turns":5},{"damage":27,"enemies":"Slavers","floor":29,"turns":2}],"seed_played":"-717942337004365951","potions_obtained":[{"floor":3,"key":"SkillPotion"},{"floor":4,"key":"PowerPotion"},{"floor":11,"key":"Ancient Potion"},{"floor":16,"key":"Block Potion"},{"floor":18,"key":"Poison Potion"},{"floor":20,"key":"EssenceOfSteel"}],"is_trial":false,"path_per_floor":["M","M","M","M","M","R","$","R","T","R","M","M","?","T","R","B",null,"M","?","M","$","M","R","M","R","T","?","M","E"],"character_chosen":"THE_SILENT","items_purchased":["Bouncing Flask","Backstab","Dash","Dodge and Roll","MerchantsRug"],"campfire_rested":4,"item_purchase_floors":[7,7,21,21,21],"current_hp_per_floor":[63,58,57,45,41,62,62,62,62,71,65,44,44,44,72,18,59,58,58,46,46,29,62,34,70,70,70,25,0,0],"gold":342,"neow_bonus":"TEN_PERCENT_HP_BONUS","is_daily":false,"chose_seed":false,"campfire_upgraded":2,"win_rate":0.0,"timestamp":1608495979,"path_taken":["M","M","M","M","M","R","$","R","T","R","M","M","?","?","R","BOSS","M","?","?","$","M","R","M","R","T","?","M","E"],"items_purchased_type":["Card","Card","Card","Card","Relic"],"build_version":"2020-12-13","purchased_purges":0,"victory":false,"max_hp_per_floor":[72,72,72,72,72,72,72,72,72,72,72,72,72,72,72,72,72,72,72,72,72,72,72,72,72,72,72,72,72,72],"card_choices":[{"not_picked":["Outmaneuver","Quick Slash"],"picked":"Dagger Spray","floor":1},{"not_picked":["Deadly Poison","Quick Slash"],"picked":"Glass Knife","floor":2},{"not_picked":["Cloak And Dagger","Concentrate"],"picked":"Poisoned Stab","floor":3},{"not_picked":["Poisoned Stab","Finisher"],"picked":"PiercingWail","floor":4},{"not_picked":["Poisoned Stab","Dagger Spray","Flechettes"],"picked":"SKIP","floor":5},{"not_picked":["Deflect","Slice"],"picked":"Blur","floor":11},{"not_picked":["Poisoned Stab","Tactician","Quick Slash"],"picked":"SKIP","floor":12},{"not_picked":["Bane","Accuracy"],"picked":"Deadly Poison","floor":15},{"not_picked":["Prepared","Slice","Dagger Spray"],"picked":"SKIP","floor":18},{"not_picked":["Slice","Dagger Throw"],"picked":"Envenom","floor":20},{"not_picked":["Deflect","Escape Plan"],"picked":"Backflip","floor":22},{"not_picked":["Concentrate","Slice"],"picked":"Bouncing Flask+1","floor":23},{"not_picked":["Expertise","Bane","Dodge and Roll"],"picked":"SKIP","floor":24},{"not_picked":["Underhanded Strike","Deflect"],"picked":"Footwork","floor":28}],"player_experience":1611152,"relics_obtained":[{"floor":9,"key":"Eternal Feather"},{"floor":14,"key":"Dream Catcher"},{"floor":26,"key":"Bottled Lightning"}],"event_choices":[{"damage_healed":0,"gold_gain":59,"player_choice":"Gained Gold","damage_taken":0,"max_hp_gain":0,"max_hp_loss":0,"event_name":"Golden Wing","floor":13,"gold_loss":0},{"cards_removed":["Strike_G"],"damage_healed":0,"gold_gain":0,"player_choice":"Purged","damage_taken":0,"max_hp_gain":0,"max_hp_loss":0,"event_name":"Purifier","floor":19,"gold_loss":0},{"damage_healed":0,"gold_gain":200,"player_choice":"Gold","damage_taken":0,"max_hp_gain":0,"max_hp_loss":0,"event_name":"Wheel of Change","floor":27,"gold_loss":0}],"is_beta":false,"boss_relics":[{"not_picked":["Astrolabe","Velvet Choker"],"picked":"Philosopher\u0027s Stone"}],"items_purged_floors":[],"is_endless":false,"potions_floor_spawned":[3,4,11,16,18,20],"killed_by":"Slavers","ascension_level":15}}