{"host":"ufl0k2so27eic2iy","time":1608454875,"event":{"mods":["BaseMod","Minty Spire (QoL Compilation)","StSLib","The Animator"],"gold_per_floor":[128,128,128,144,162,174,174,201,201,234,234,264,275,306,306,399,399,425,425,425,475,194,194,226,226,226,236,275,275,289,301,301,301,301],"floor_reached":33,"playtime":1636,"items_purged":["animator:Strike+1"],"score":607,"play_id":"fe63a46a-4646-4f95-b2fc-63ff372ef7ec","local_time":"20201220090115","is_ascension_mode":true,"campfire_choices":[{"data":"animator:GoblinSlayer","floor":7.0,"key":"SMITH"},{"floor":11.0,"key":"REST"},{"data":"animator:Emonzaemon","floor":15.0,"key":"SMITH"},{"data":"animator:Emilia","floor":23.0,"key":"SMITH"},{"data":"animator:GoblinSlayer","floor":25.0,"key":"SMITH"},{"floor":32,"key":"REST"}],"circlet_count":0,"master_deck":["AscendersBane","animator:Strike_AngelBeats+1","animator:Defend_AngelBeats+1","animator:Strike+1","animator:Defend+1","animator:Defend+1","animator:Defend+1","animator:HidekiHinata","animator:MasamiIwasawa","animator:Shimakaze","animator:Yusa","animator:GoblinSlayer+1","animator:HidekiHinata","animator:Mikaela","animator:EriShiina","animator:Emonzaemon+1","animator:Togame","animator:GuildGirl","animator:MasamiIwasawa","animator:Priestess","animator:HigakiRinne","animator:Chaa","animator:Emilia+1","animator:LizardPriest","animator:GoblinSlayer+1","animator:Noda+1","animator:Yuuichirou"],"relics":["animator:LivingPicture","animator:TheMissingPiece","animator:OldCoffin","animator:Buoy","Calipers","Sozu","animator:BattleDrones","Orichalcum","CultistMask"],"acts_visited":["Exordium","TheCity"],"potions_floor_usage":[],"damage_taken":[{"damage":1.0,"enemies":"Jaw Worm","floor":1.0,"turns":7.0},{"damage":0.0,"enemies":"Cultist","floor":4.0,"turns":3.0},{"damage":0.0,"enemies":"2 Louse","floor":5.0,"turns":2.0},{"damage":0.0,"enemies":"Large Slime","floor":6.0,"turns":4.0},{"damage":7.0,"enemies":"Gremlin Gang","floor":8.0,"turns":3.0},{"damage":20.0,"enemies":"Gremlin Nob","floor":10.0,"turns":4.0},{"damage":15.0,"enemies":"3 Sentries","floor":12.0,"turns":6.0},{"damage":6.0,"enemies":"3 Louse","floor":13.0,"turns":3.0},{"damage":8.0,"enemies":"Large Slime","floor":14.0,"turns":5.0},{"damage":0.0,"enemies":"Hexaghost","floor":16.0,"turns":9.0},{"damage":2.0,"enemies":"3 Byrds","floor":18.0,"turns":5.0},{"damage":7.0,"enemies":"Book of Stabbing","floor":24.0,"turns":6.0},{"damage":0.0,"enemies":"Spheric Guardian","floor":27.0,"turns":4.0},{"damage":1,"enemies":"animator:HornedBat","floor":28,"turns":7},{"damage":0,"enemies":"3 Cultists","floor":30,"turns":5},{"damage":14,"enemies":"Snake Plant","floor":31,"turns":5},{"damage":69,"enemies":"Collector","floor":33,"turns":7}],"seed_played":"-628815576736529012","potions_obtained":[{"floor":4.0,"key":"Fire Potion"},{"floor":10.0,"key":"BlessingOfTheForge"},{"floor":13.0,"key":"animator:FalseLifePotion"}],"is_trial":false,"path_per_floor":["M","?","?","M","M","M","R","M","T","E","R","E","M","M","R","B",null,"M","?","?","?","$","R","E","R","T","M","E","?","M","M","R","B"],"character_chosen":"THE_ANIMATOR","items_purchased":["animator:Emilia","animator:LizardPriest"],"campfire_rested":2,"item_purchase_floors":[22,22],"current_hp_per_floor":[53,53,53,53,53,54,54,47,47,28,46,31,25,17,17,17,51,49,49,49,49,49,49,42,42,42,42,42,42,42,28,46,0,0],"gold":301,"neow_bonus":"RANDOM_COLORLESS","is_daily":false,"chose_seed":true,"campfire_upgraded":4,"win_rate":0.0,"timestamp":1608454875,"path_taken":["M","?","?","M","?","M","R","?","T","E","R","E","M","M","R","BOSS","M","?","?","?","$","R","E","R","T","M","E","?","?","M","R","BOSS"],"items_purchased_type":["Card","Card"],"build_version":"2020-12-13","purchased_purges":1,"victory":false,"max_hp_per_floor":[60,60,60,60,60,61,61,61,61,62,62,62,62,62,62,62,62,62,62,62,62,62,62,62,62,62,62,63,63,63,63,63,63,63],"card_choices":[{"not_picked":["animator:Urushihara","animator:MamizouFutatsuiwa"],"picked":"animator:Shimakaze","floor":0.0},{"not_picked":["animator:WinryRockbell","animator:TomoeKashiwaba"],"picked":"animator:Yusa","floor":1.0},{"not_picked":["animator:Mitsuba","animator:GazelDwargon"],"picked":"animator:HidekiHinata","floor":4.0},{"not_picked":["animator:Millim","animator:HighElfArcher"],"picked":"animator:Mikaela","floor":5.0},{"not_picked":["animator:Noda","animator:Chaa"],"picked":"animator:EriShiina","floor":6.0},{"not_picked":["animator:Togame","animator:Sloth"],"picked":"animator:Emonzaemon","floor":8.0},{"not_picked":["animator:MaesHughes","animator:CowGirl"],"picked":"animator:Togame","floor":10.0},{"not_picked":["animator:Kanaria","animator:CowGirl"],"picked":"animator:GuildGirl","floor":12.0},{"not_picked":["animator:HidekiHinata","animator:YuzuruOtonashi"],"picked":"animator:MasamiIwasawa","floor":13.0},{"not_picked":["animator:Hakurou","animator:Gluttony"],"picked":"animator:Priestess","floor":14.0},{"not_picked":["animator:Shizu","animator:YuriNakamura"],"picked":"animator:HigakiRinne","floor":16.0},{"not_picked":["animator:DwarfShaman","animator:Yoichi+1"],"picked":"animator:Chaa","floor":18.0},{"not_picked":["animator:Shirosaki","animator:Suiseiseki"],"picked":"animator:GoblinSlayer","floor":24.0},{"not_picked":["animator:Shizu","animator:Mitsuba"],"picked":"animator:Noda+1","floor":28},{"not_picked":["animator:Mitsuba+1","animator:NoriSakurada"],"picked":"animator:Yuuichirou","floor":30},{"not_picked":["animator:Witch","animator:Shuna","animator:ZankiKiguchi"],"picked":"SKIP","floor":31}],"player_experience":2326627,"relics_obtained":[{"floor":9.0,"key":"animator:OldCoffin"},{"floor":10.0,"key":"animator:Buoy"},{"floor":12.0,"key":"Calipers"},{"floor":26.0,"key":"animator:BattleDrones"},{"floor":28,"key":"Orichalcum"}],"event_choices":[{"damage_healed":0.0,"max_hp_gain":0.0,"max_hp_loss":0.0,"gold_gain":0.0,"event_name":"Shining Light","player_choice":"Ignored","floor":2.0,"gold_loss":0.0,"damage_taken":0.0},{"damage_healed":0.0,"max_hp_gain":0.0,"max_hp_loss":0.0,"gold_gain":0.0,"cards_transformed":["animator:Strike"],"event_name":"Transmorgrifier","player_choice":"Transformed","floor":3.0,"gold_loss":0.0,"damage_taken":0.0,"cards_obtained":["animator:GoblinSlayer"]},{"damage_healed":0.0,"max_hp_gain":0.0,"max_hp_loss":0.0,"gold_gain":0.0,"event_name":"Back to Basics","player_choice":"Simplicity","floor":19.0,"gold_loss":0.0,"damage_taken":0.0,"cards_upgraded":["animator:Strike_AngelBeats","animator:Defend_AngelBeats","animator:Strike","animator:Strike","animator:Defend","animator:Defend","animator:Defend"]},{"damage_healed":0.0,"max_hp_gain":0.0,"max_hp_loss":0.0,"gold_gain":0.0,"event_name":"The Mausoleum","player_choice":"Ignored","floor":20.0,"gold_loss":0.0,"damage_taken":0.0},{"damage_healed":0.0,"max_hp_gain":0.0,"max_hp_loss":0.0,"gold_gain":50.0,"event_name":"Nest","player_choice":"Stole From Cult","floor":21.0,"gold_loss":0.0,"damage_taken":0.0},{"damage_healed":0,"gold_gain":0,"player_choice":"Trade","damage_taken":0,"relics_obtained":["CultistMask"],"max_hp_gain":0,"max_hp_loss":0,"event_name":"FaceTrader","floor":29,"gold_loss":0}],"is_beta":false,"boss_relics":[{"not_picked":["Fusion Hammer","Empty Cage"],"picked":"Sozu"}],"items_purged_floors":[22],"is_endless":false,"potions_floor_spawned":[4,10,13,14,18,28,31],"killed_by":"Collector","ascension_level":15}}