{"host":"rmsq46plbpwfbxcc","time":1608426571,"event":{"mods":["AchievementEnabler","BaseMod","Colored Map","DeckTracker","Minty Spire (QoL Compilation)","Permanent Neow","SuperFastMode"],"gold_per_floor":[109,128,146,160,175,175,201,201,201,220,240,267,292,292,292,388,388,413,427,427,451,466,466,482,482,507,547,568,592,592,146,146,239,239,262,278,135,135,154,154,154,154],"floor_reached":41,"playtime":1452,"items_purged":["Injury","Strike_G"],"score":772,"play_id":"d2996bc0-acf7-4569-8b2c-ab30029a04ed","local_time":"20201220100931","is_ascension_mode":true,"campfire_choices":[{"data":"Neutralize","floor":6.0,"key":"SMITH"},{"data":"Cloak And Dagger","floor":8.0,"key":"SMITH"},{"data":"Terror","floor":15.0,"key":"SMITH"},{"floor":23.0,"key":"REST"},{"data":"Blade Dance","floor":25.0,"key":"SMITH"},{"data":"Dash","floor":30.0,"key":"SMITH"},{"data":"Accuracy","floor":32.0,"key":"SMITH"},{"floor":40,"key":"REST"}],"circlet_count":0,"master_deck":["AscendersBane","Strike_G","Strike_G","Strike_G","Strike_G","Defend_G","Defend_G","Defend_G","Defend_G","Defend_G","Survivor","Neutralize+1","Cloak And Dagger+1","PiercingWail","Dagger Spray","Terror+1","Escape Plan","Dash+1","Bullet Time","Blade Dance+1","Backstab","Wraith Form v2","Escape Plan","Finisher+1","Accuracy+1","A Thousand Cuts","Blur+1","Accuracy","Bandage Up"],"relics":["Ring of the Snake","Boot","Shuriken","Bottled Lightning","Mango","Odd Mushroom","Golden Idol","Philosopher\u0027s Stone","Omamori","Kunai","Pantograph","Cursed Key"],"acts_visited":["Exordium","TheCity","TheBeyond"],"potions_floor_usage":[33,33],"damage_taken":[{"damage":0.0,"enemies":"Jaw Worm","floor":1.0,"turns":6.0},{"damage":1.0,"enemies":"2 Louse","floor":2.0,"turns":4.0},{"damage":0.0,"enemies":"Small Slimes","floor":3.0,"turns":3.0},{"damage":7.0,"enemies":"Exordium Thugs","floor":4.0,"turns":8.0},{"damage":0.0,"enemies":"Looter","floor":5.0,"turns":4.0},{"damage":28.0,"enemies":"3 Sentries","floor":7.0,"turns":10.0},{"damage":0.0,"enemies":"Blue Slaver","floor":10.0,"turns":4.0},{"damage":4.0,"enemies":"Exordium Thugs","floor":11.0,"turns":5.0},{"damage":4.0,"enemies":"Lagavulin","floor":12.0,"turns":5.0},{"damage":13.0,"enemies":"The Mushroom Lair","floor":13.0,"turns":4.0},{"damage":6.0,"enemies":"Hexaghost","floor":16.0,"turns":10.0},{"damage":3.0,"enemies":"3 Byrds","floor":18.0,"turns":5.0},{"damage":20.0,"enemies":"Shell Parasite","floor":19.0,"turns":5.0},{"damage":31.0,"enemies":"Snake Plant","floor":21.0,"turns":5.0},{"damage":17.0,"enemies":"3 Cultists","floor":22.0,"turns":5.0},{"damage":4.0,"enemies":"Centurion and Healer","floor":24.0,"turns":5.0},{"damage":22.0,"enemies":"Slavers","floor":27.0,"turns":7.0},{"damage":1.0,"enemies":"Cultist and Chosen","floor":28.0,"turns":5.0},{"damage":7.0,"enemies":"Snake Plant","floor":29.0,"turns":3.0},{"damage":32,"enemies":"Collector","floor":33,"turns":8},{"damage":31,"enemies":"3 Darklings","floor":35,"turns":4},{"damage":0,"enemies":"Orb Walker","floor":36,"turns":2},{"damage":34,"enemies":"3 Darklings","floor":39,"turns":7},{"damage":34,"enemies":"Nemesis","floor":41,"turns":6}],"seed_played":"8582288518323270500","potions_obtained":[{"floor":2.0,"key":"CunningPotion"},{"floor":7.0,"key":"Block Potion"},{"floor":10.0,"key":"Block Potion"},{"floor":13.0,"key":"FairyPotion"},{"floor":18.0,"key":"Regen Potion"},{"floor":27.0,"key":"AttackPotion"},{"floor":29.0,"key":"Weak Potion"},{"floor":35,"key":"Dexterity Potion"}],"is_trial":false,"path_per_floor":["M","M","M","M","M","R","E","R","T","M","M","E","?","?","R","B",null,"M","M","?","M","M","R","M","R","T","E","M","M","R","$","R","B",null,"M","M","$","?","M","R","E"],"character_chosen":"THE_SILENT","items_purchased":["Pantograph","Accuracy","Accuracy"],"campfire_rested":2,"item_purchase_floors":[31,31,37],"current_hp_per_floor":[59,58,58,51,51,51,23,23,23,23,19,29,16,16,16,10,63,60,40,40,9,6,30,26,26,26,4,3,24,24,24,24,17,64,33,33,33,33,3,27,0,0],"gold":154,"neow_bonus":"RANDOM_COMMON_RELIC","is_daily":false,"chose_seed":false,"campfire_upgraded":6,"win_rate":0.0,"timestamp":1608426571,"path_taken":["M","M","M","M","M","R","E","R","T","M","M","E","?","?","R","BOSS","M","M","?","M","M","R","M","R","T","E","M","M","R","?","R","BOSS","M","M","$","?","M","R","E"],"items_purchased_type":["Relic","Card","Card"],"build_version":"2020-12-13","purchased_purges":2,"victory":false,"max_hp_per_floor":[66,66,66,66,66,66,66,66,66,66,66,80,80,80,80,80,80,80,80,80,80,80,80,80,80,80,80,80,80,80,80,80,80,80,80,80,80,80,80,80,80,80],"card_choices":[{"not_picked":["Underhanded Strike","Outmaneuver"],"picked":"Cloak And Dagger","floor":1.0},{"not_picked":["Bouncing Flask","Dodge and Roll","Slice"],"picked":"SKIP","floor":2.0},{"not_picked":["Poisoned Stab","Endless Agony"],"picked":"PiercingWail","floor":3.0},{"not_picked":["Bouncing Flask","Dagger Throw"],"picked":"Dagger Spray","floor":4.0},{"not_picked":["Caltrops","Corpse Explosion"],"picked":"Terror","floor":5.0},{"not_picked":["Poisoned Stab","Acrobatics"],"picked":"Escape Plan","floor":7.0},{"not_picked":["Expertise","Leg Sweep","Poisoned Stab"],"picked":"SKIP","floor":10.0},{"not_picked":["Bane","Predator","Acrobatics"],"picked":"SKIP","floor":11.0},{"not_picked":["Prepared","Calculated Gamble"],"picked":"Dash","floor":12.0},{"not_picked":["Night Terror","Malaise"],"picked":"Bullet Time","floor":16.0},{"not_picked":["Deflect+1","Poisoned Stab","Well Laid Plans"],"picked":"SKIP","floor":18.0},{"not_picked":["Dagger Throw","Heel Hook+1","Predator"],"picked":"SKIP","floor":19.0},{"not_picked":["Dagger Throw","Cloak And Dagger"],"picked":"Backstab","floor":21.0},{"not_picked":["Cloak And Dagger","Underhanded Strike","Dodge and Roll"],"picked":"SKIP","floor":22.0},{"not_picked":["Deflect","Flying Knee","Sucker Punch"],"picked":"SKIP","floor":24.0},{"not_picked":["Noxious Fumes","Dagger Throw"],"picked":"Wraith Form v2","floor":27.0},{"not_picked":["PiercingWail","Bouncing Flask"],"picked":"Escape Plan","floor":28.0},{"not_picked":["Underhanded Strike","Expertise"],"picked":"Finisher+1","floor":29.0},{"not_picked":["Grand Finale","Wraith Form v2"],"picked":"A Thousand Cuts","floor":33},{"not_picked":["Deadly Poison","Outmaneuver"],"picked":"Blur+1","floor":35},{"not_picked":["Bane","Dash","Dodge and Roll+1"],"picked":"SKIP","floor":36},{"not_picked":["Forethought","Purity"],"picked":"Bandage Up","floor":38},{"not_picked":["Outmaneuver","Predator","Flying Knee+1"],"picked":"SKIP","floor":39}],"player_experience":1334271,"relics_obtained":[{"floor":7.0,"key":"Shuriken"},{"floor":9.0,"key":"Bottled Lightning"},{"floor":12.0,"key":"Mango"},{"floor":13.0,"key":"Odd Mushroom"},{"floor":26.0,"key":"Omamori"},{"floor":27.0,"key":"Kunai"}],"event_choices":[{"damage_healed":0.0,"max_hp_gain":0.0,"max_hp_loss":0.0,"gold_gain":0.0,"event_name":"Mushrooms","player_choice":"Fought Mushrooms","floor":13.0,"gold_loss":0.0,"damage_taken":0.0},{"damage_healed":0.0,"max_hp_gain":0.0,"max_hp_loss":0.0,"gold_gain":0.0,"event_name":"Golden Idol","player_choice":"Take Wound","floor":14.0,"gold_loss":0.0,"damage_taken":0.0,"relics_obtained":["Golden Idol"],"cards_obtained":["Injury"]},{"damage_healed":0.0,"max_hp_gain":0.0,"max_hp_loss":0.0,"gold_gain":0.0,"event_name":"The Library","player_choice":"Read","floor":20.0,"gold_loss":0.0,"damage_taken":0.0,"cards_obtained":["Blade Dance"]},{"damage_healed":0,"gold_gain":0,"player_choice":"Memory 1","damage_taken":0,"max_hp_gain":0,"max_hp_loss":0,"event_name":"SensoryStone","floor":38,"gold_loss":0}],"is_beta":false,"boss_relics":[{"not_picked":["Fusion Hammer","Runic Dome"],"picked":"Philosopher\u0027s Stone"},{"not_picked":["Sozu","Coffee Dripper"],"picked":"Cursed Key"}],"items_purged_floors":[31,37],"is_endless":false,"potions_floor_spawned":[2,7,10,11,13,16,18,21,27,29,35],"killed_by":"Nemesis","ascension_level":16}}