{"host":"ryuep8ewa00k39z9","time":1608485618,"event":{"mods":["AchievementEnabler","BaseMod","Best Route Mod","Colored Map","Colored Powertips","Displayed Cursed Tome","Highlight Path","Minty Spire (QoL Compilation)","Quick Restart","SuperFastMode"],"gold_per_floor":[110,126,145,145,220,220,253,403,403,11,11,26,26,83,83,161,161,176,176,192,208,221,247,267,267,267,293,36,36,56,86,86,157,157,168,168,168,7,27,55,55,0,27,54,72,83,95,95,95,95],"floor_reached":51,"playtime":1859,"items_purged":["Doubt","Decay"],"score":1490,"play_id":"d25a23b0-ac10-4c21-bfe8-a8ee79c86daa","local_time":"20201220113338","is_ascension_mode":true,"campfire_choices":[{"data":"Bash","floor":6.0,"key":"SMITH"},{"data":"Double Tap","floor":11.0,"key":"SMITH"},{"data":"Dropkick","floor":13.0,"key":"SMITH"},{"data":"Twin Strike","floor":15.0,"key":"SMITH"},{"floor":25.0,"key":"REST"},{"data":"Corruption","floor":29.0,"key":"SMITH"},{"floor":32.0,"key":"RECALL"},{"data":"Panache","floor":41.0,"key":"SMITH"},{"data":"Double Tap","floor":49,"key":"SMITH"}],"circlet_count":0,"master_deck":["AscendersBane","Strike_R","Strike_R","Strike_R","Strike_R","Defend_R","Defend_R","Defend_R","Defend_R","Bash+1","Twin Strike+1","Dropkick+1","Double Tap+1","Carnage+1","Pommel Strike+1","Blood for Blood+1","Immolate+1","Rampage+1","Corruption+1","Double Tap+1","Pommel Strike+1","Reaper+1","Panache+1","Mind Blast+1","Discovery","Whirlwind+1","Reaper+1","Parasite","Sever Soul+1","Dropkick+1","Double Tap+1"],"relics":["Burning Blood","NeowsBlessing","HornCleat","Molten Egg 2","Anchor","Oddly Smooth Stone","Cursed Key","Toy Ornithopter","Sundial","Akabeko","DollysMirror","Du-Vu Doll","Snecko Eye","Boot","Red Mask","Happy Flower","InkBottle"],"acts_visited":["Exordium","TheCity","TheBeyond"],"potions_floor_usage":[50,50],"damage_taken":[{"damage":0.0,"enemies":"Cultist","floor":1.0,"turns":1.0},{"damage":0.0,"enemies":"Jaw Worm","floor":2.0,"turns":1.0},{"damage":0.0,"enemies":"Small Slimes","floor":3.0,"turns":1.0},{"damage":5.0,"enemies":"Gremlin Nob","floor":7.0,"turns":3.0},{"damage":0.0,"enemies":"3 Louse","floor":12.0,"turns":4.0},{"damage":20.0,"enemies":"3 Sentries","floor":14.0,"turns":7.0},{"damage":36.0,"enemies":"Slime Boss","floor":16.0,"turns":8.0},{"damage":0.0,"enemies":"Chosen","floor":18.0,"turns":3.0},{"damage":0.0,"enemies":"Spheric Guardian","floor":20.0,"turns":3.0},{"damage":4.0,"enemies":"Snake Plant","floor":21.0,"turns":3.0},{"damage":30.0,"enemies":"3 Cultists","floor":22.0,"turns":5.0},{"damage":14.0,"enemies":"Book of Stabbing","floor":23.0,"turns":3.0},{"damage":4.0,"enemies":"Snecko","floor":24.0,"turns":3.0},{"damage":0.0,"enemies":"Gremlin Leader","floor":27.0,"turns":3.0},{"damage":0.0,"enemies":"Sentry and Sphere","floor":30.0,"turns":2.0},{"damage":0.0,"enemies":"Slavers","floor":31.0,"turns":1.0},{"damage":70.0,"enemies":"Automaton","floor":33.0,"turns":7.0},{"damage":0.0,"enemies":"3 Darklings","floor":35.0,"turns":3.0},{"damage":0.0,"enemies":"3 Shapes","floor":39.0,"turns":2.0},{"damage":18.0,"enemies":"Reptomancer","floor":40.0,"turns":3.0},{"damage":31.0,"enemies":"Nemesis","floor":44.0,"turns":3.0},{"damage":2.0,"enemies":"Transient","floor":45.0,"turns":6.0},{"damage":21,"enemies":"Sphere and 2 Shapes","floor":46,"turns":3},{"damage":4,"enemies":"4 Shapes","floor":47,"turns":1},{"damage":82,"enemies":"Time Eater","floor":50,"turns":6}],"seed_played":"-4279283941959074965","potions_obtained":[{"floor":3.0,"key":"LiquidMemories"},{"floor":14.0,"key":"GamblersBrew"},{"floor":16.0,"key":"Regen Potion"},{"floor":18.0,"key":"ColorlessPotion"},{"floor":33.0,"key":"BlessingOfTheForge"},{"floor":39.0,"key":"Regen Potion"},{"floor":44.0,"key":"AttackPotion"},{"floor":47,"key":"DuplicationPotion"}],"is_trial":false,"path_per_floor":["M","M","M","?","?","R","E","?","T","$","R","M","R","?","R","B",null,"M","?","M","M","M","E","M","R","T","E","$","R","M","E","R","B",null,"M","?","?","$","M","E","R","?","T","E","M","M","M","$","R","B",null],"character_chosen":"IRONCLAD","items_purchased":["Anchor","Double Tap","Carnage+1","DollysMirror","Whirlwind+1","Reaper+1"],"campfire_rested":1,"item_purchase_floors":[10,10,10,28,38,38],"current_hp_per_floor":[74,75,75,68,57,57,58,58,58,58,58,64,64,50,50,20,61,67,61,67,69,54,46,48,70,70,75,75,75,75,75,75,11,59,75,65,65,65,71,59,59,59,59,34,57,60,62,62,62,20],"gold":95,"neow_bonus":"THREE_ENEMY_KILL","is_daily":false,"chose_seed":false,"campfire_upgraded":7,"win_rate":0.0,"timestamp":1608485618,"path_taken":["M","?","?","?","?","R","E","?","T","$","R","M","R","?","R","BOSS","M","?","M","M","?","E","M","R","T","E","?","R","M","E","R","BOSS","M","?","?","$","M","E","R","?","T","E","?","M","?","?","R","BOSS"],"items_purchased_type":["Relic","Card","Card","Relic","Card","Card"],"build_version":"2020-12-13","purchased_purges":2,"victory":true,"max_hp_per_floor":[75,75,75,75,75,75,75,75,75,75,75,75,75,75,75,75,75,75,75,75,75,75,75,75,75,75,75,75,75,75,75,75,75,75,75,75,71,71,71,71,71,71,71,71,71,71,71,71,71,71],"card_choices":[{"not_picked":["Feel No Pain","Sword Boomerang"],"picked":"Twin Strike","floor":1.0},{"not_picked":["Clash","Sword Boomerang","Cleave"],"picked":"SKIP","floor":2.0},{"not_picked":["Clash","Sword Boomerang","Cleave"],"picked":"SKIP","floor":2.0},{"not_picked":["Dual Wield","Shrug It Off"],"picked":"Dropkick","floor":3.0},{"not_picked":["Perfected Strike","Feel No Pain","Clash"],"picked":"SKIP","floor":7.0},{"not_picked":["Wild Strike+1","Shrug It Off"],"picked":"Pommel Strike+1","floor":12.0},{"not_picked":["Armaments","Rage"],"picked":"Blood for Blood+1","floor":14.0},{"not_picked":["Feed+1","Demon Form"],"picked":"Immolate+1","floor":16.0},{"not_picked":["Cleave+1","Thunderclap+1"],"picked":"Rampage+1","floor":18.0},{"not_picked":["Body Slam+1","Warcry","Sword Boomerang+1"],"picked":"SKIP","floor":20.0},{"not_picked":["Wild Strike+1","Perfected Strike+1","Reckless Charge+1"],"picked":"SKIP","floor":21.0},{"not_picked":["Warcry","Anger+1","Clash+1"],"picked":"SKIP","floor":22.0},{"not_picked":["Intimidate","Dark Embrace","Sword Boomerang+1"],"picked":"SKIP","floor":23.0},{"not_picked":["Armaments","Perfected Strike+1","Cleave+1"],"picked":"SKIP","floor":24.0},{"not_picked":["Headbutt+1","Wild Strike+1"],"picked":"Corruption","floor":27.0},{"not_picked":["Heavy Blade+1","Evolve"],"picked":"Pommel Strike+1","floor":30.0},{"not_picked":["Clash+1","Juggernaut","Seeing Red"],"picked":"SKIP","floor":31.0},{"not_picked":["Double Tap","Offering"],"picked":"Reaper+1","floor":33.0},{"not_picked":["Wild Strike+1","Seeing Red","Rage"],"picked":"SKIP","floor":35.0},{"not_picked":["Blind","Flash of Steel+1"],"picked":"Panache","floor":36.0},{"not_picked":["Madness","Magnetism"],"picked":"Mind Blast+1","floor":36.0},{"not_picked":["Flash of Steel+1","Purity"],"picked":"Discovery","floor":36.0},{"not_picked":["Shrug It Off","Warcry+1","Sword Boomerang+1"],"picked":"SKIP","floor":39.0},{"not_picked":["Evolve","Perfected Strike+1","Thunderclap+1"],"picked":"SKIP","floor":40.0},{"not_picked":["Anger+1","Perfected Strike+1"],"picked":"Sever Soul+1","floor":44.0},{"not_picked":["Wild Strike+1","Shockwave"],"picked":"Dropkick+1","floor":45.0},{"not_picked":["Perfected Strike+1","Armaments","Shockwave"],"picked":"SKIP","floor":46},{"not_picked":["Warcry+1","Intimidate"],"picked":"Double Tap","floor":47}],"player_experience":3365826,"relics_obtained":[{"floor":7.0,"key":"HornCleat"},{"floor":9.0,"key":"Molten Egg 2"},{"floor":14.0,"key":"Oddly Smooth Stone"},{"floor":23.0,"key":"Toy Ornithopter"},{"floor":26.0,"key":"Sundial"},{"floor":27.0,"key":"Akabeko"},{"floor":31.0,"key":"Du-Vu Doll"},{"floor":40.0,"key":"Boot"},{"floor":43.0,"key":"Happy Flower"},{"floor":44.0,"key":"InkBottle"}],"event_choices":[{"cards_removed":["Strike_R"],"damage_healed":0.0,"max_hp_gain":0.0,"max_hp_loss":0.0,"gold_gain":0.0,"event_name":"Golden Wing","player_choice":"Card Removal","floor":4.0,"gold_loss":0.0,"damage_taken":7.0},{"damage_healed":0.0,"max_hp_gain":0.0,"max_hp_loss":0.0,"gold_gain":75.0,"event_name":"World of Goop","player_choice":"Gather Gold","floor":5.0,"gold_loss":0.0,"damage_taken":11.0},{"damage_healed":0.0,"max_hp_gain":0.0,"max_hp_loss":0.0,"gold_gain":150.0,"event_name":"Liars Game","player_choice":"AGREE","floor":8.0,"gold_loss":0.0,"damage_taken":0.0,"cards_obtained":["Doubt"]},{"damage_healed":0.0,"max_hp_gain":0.0,"max_hp_loss":0.0,"gold_gain":0.0,"event_name":"Dead Adventurer","player_choice":"Searched \u00272\u0027 times","floor":14.0,"gold_loss":0.0,"damage_taken":0.0},{"damage_healed":0.0,"max_hp_gain":0.0,"max_hp_loss":0.0,"gold_gain":0.0,"event_name":"Knowing Skull","player_choice":"","floor":19.0,"potions_obtained":[],"gold_loss":0.0,"damage_taken":6.0,"cards_obtained":[]},{"damage_healed":0.0,"max_hp_gain":0.0,"max_hp_loss":0.0,"gold_gain":0.0,"event_name":"SensoryStone","player_choice":"Memory 3","floor":36.0,"gold_loss":0.0,"damage_taken":10.0},{"damage_healed":0.0,"max_hp_gain":0.0,"max_hp_loss":4.0,"gold_gain":0.0,"event_name":"Winding Halls","player_choice":"Max HP","floor":37.0,"gold_loss":0.0,"damage_taken":0.0},{"damage_healed":0.0,"max_hp_gain":0.0,"max_hp_loss":0.0,"gold_gain":0.0,"event_name":"Tomb of Lord Red Mask","player_choice":"Paid","floor":42.0,"gold_loss":55.0,"damage_taken":0.0,"relics_obtained":["Red Mask"]}],"is_beta":false,"boss_relics":[{"not_picked":["Tiny House","Busted Crown"],"picked":"Cursed Key"},{"not_picked":["Runic Pyramid","Runic Cube"],"picked":"Snecko Eye"}],"items_purged_floors":[10,28],"is_endless":false,"potions_floor_spawned":[3,14,16,18,20,33,39,40,44,47],"ascension_level":17}}