{"host":"h2kd9fh9k05klpg6","time":1608424130,"event":{"mods":["AchievementEnabler","Act Like it!","BaseMod","Better Third Choice","BetterRewards","Minty Spire (QoL Compilation)","Permanent Neow","Quick Restart","Replay The Spire","StSLib"],"gold_per_floor":[110,53,53,53,71,71,246,246,246,246,21,37,57,80,80,80,80],"floor_reached":16,"playtime":468,"items_purged":["Doubt"],"score":90,"play_id":"77321ff4-96ba-4408-ab53-4f8c3c53ec1b","local_time":"20201219192850","is_ascension_mode":false,"campfire_choices":[{"floor":6,"key":"REST"},{"data":"Bash","floor":10,"key":"SMITH"},{"data":"Flex","floor":15,"key":"SMITH"}],"circlet_count":0,"master_deck":["Strike_R","Strike_R","Strike_R","Strike_R","Strike_R+1","Defend_R","Defend_R+1","Defend_R","Bash+1","Headbutt","Flame Barrier+1","Feed","Battle Trance","Warcry","Flex+1"],"relics":["Electric Blood","Golden Idol"],"acts_visited":["Exordium"],"potions_floor_usage":[16],"damage_taken":[{"damage":3,"enemies":"Cultist","floor":1,"turns":2},{"damage":8,"enemies":"Small Slimes","floor":5,"turns":3},{"damage":2,"enemies":"2 Louse","floor":12,"turns":2},{"damage":5,"enemies":"Large Slime","floor":13,"turns":3},{"damage":3,"enemies":"Looter","floor":14,"turns":2},{"damage":2,"enemies":"Fading Forest","floor":16,"turns":1}],"seed_played":"8752235657023045860","potions_obtained":[{"floor":5,"key":"FearPotion"},{"floor":13,"key":"Adrenaline Potion"}],"is_trial":false,"path_per_floor":["M","$","?","?","M","R","?","?","T","R","$","M","M","M","R","B"],"character_chosen":"IRONCLAD","items_purchased":["Flame Barrier+1","Feed"],"campfire_rested":1,"item_purchase_floors":[2,11],"current_hp_per_floor":[77,77,70,54,46,70,70,70,70,70,70,71,69,69,69,67,67],"gold":80,"neow_bonus":"BOSS_RELIC","is_daily":false,"chose_seed":false,"campfire_upgraded":2,"win_rate":0.0,"timestamp":1608424130,"path_taken":["M","$","?","?","M","R","?","?","T","R","?","M","?","M","R","BOSS"],"items_purchased_type":["Card","Card"],"build_version":"2020-12-13","purchased_purges":1,"victory":false,"max_hp_per_floor":[80,80,80,80,80,80,80,74,74,74,74,77,80,83,83,83,83],"card_choices":[{"not_picked":["Rupture","Run Through"],"picked":"Headbutt","floor":1},{"not_picked":["Clothesline","Rage","Spot Weakness"],"picked":"SKIP","floor":5},{"not_picked":["Sever Soul","Heavy Blade"],"picked":"Battle Trance","floor":12},{"not_picked":["ReplayTheSpireMod:Corrosion Curse","Carnage"],"picked":"Warcry","floor":13},{"not_picked":["Twin Strike","Rampage"],"picked":"Flex","floor":14}],"player_experience":448756,"relics_obtained":[],"event_choices":[{"cards_removed":["Defend_R"],"damage_healed":0,"gold_gain":0,"player_choice":"Card Removal","damage_taken":7,"max_hp_gain":0,"max_hp_loss":0,"event_name":"Golden Wing","floor":3,"gold_loss":0},{"damage_healed":70,"gold_gain":0,"player_choice":"Upgrade","damage_taken":16,"max_hp_gain":0,"max_hp_loss":80,"event_name":"betterThird:BetterShining","floor":4,"gold_loss":0,"cards_upgraded":["Strike_R","Defend_R"]},{"damage_healed":0,"gold_gain":175,"player_choice":"AGREE","damage_taken":71,"max_hp_gain":0,"max_hp_loss":0,"event_name":"betterThird:BetterSerpent","floor":7,"gold_loss":0},{"damage_healed":0,"gold_gain":0,"player_choice":"Lose Max HP","damage_taken":0,"relics_obtained":["Golden Idol"],"max_hp_gain":0,"max_hp_loss":6,"event_name":"Golden Idol","floor":8,"gold_loss":0}],"is_beta":false,"boss_relics":[],"items_purged_floors":[11],"is_endless":false,"potions_floor_spawned":[5,13],"killed_by":"Fading Forest","ascension_level":0}}