{"host":"3olzf542l24t7rz7","time":1608455502,"event":{"mods":["Aspiration","BaseMod","BetterRewards","Colored Map","Colored Powertips","Conspire","Duelist Mod","Halation","Hubris","Infinite Spire","Minty Spire (QoL Compilation)","Replay The Spire","Shop Mod","StSLib","vexMod"],"gold_per_floor":[109,109,120,120,132,132,132,165,165,184,197,215,246,263,263,359,359,373,383,410,86,86,86,86,86,110,125,150,170,201,217,217,318,318,333,333,352,367,380,396,396,413,492,492,504,504,554,452,452,452],"floor_reached":51,"playtime":2471,"items_purged":["Strike_R","Strike_R"],"score":933,"play_id":"09f38eee-3099-411b-88c9-2b41b0408194","local_time":"20201220041142","is_ascension_mode":false,"campfire_choices":[{"data":"Rage","floor":6.0,"key":"SMITH"},{"data":"1","floor":15.0,"key":"LIFT"},{"data":"2","floor":23.0,"key":"LIFT"},{"data":"3","floor":25.0,"key":"LIFT"},{"floor":32.0,"key":"REST"},{"floor":41,"key":"REST"},{"floor":49,"key":"REST"}],"circlet_count":0,"master_deck":["Strike_R+1","Strike_R","Defend_R","Defend_R","Defend_R","Bash","Rage+1","Flash of Steel","True Grit+1","Cleave","hubris:CleavingFinish","Armaments","Infernal Blade+1","Dropkick","Berserk","Seeing Red+1","Replay:Sssssssssshield","Limit Break","Ghostly Armor+1","Feed","Twin Strike+1","Run Through+1","Pummel+1","Flex","Flex+1"],"relics":["Burning Blood","StoneCalendar","vexMod:FocusSash","King of Hearts","aspiration:BabyByrd","Oddly Smooth Stone","Girya","ReplayTheSpireMod:Ninjato","infinitespire:Burning Sword","Regal Pillow","Gremlin Food","Smiling Mask","ReplayTheSpireMod:Lightbulb","halation:PromiseList","Runic Pyramid","Durian"],"acts_visited":["Exordium","TheCity","TheBeyond"],"potions_floor_usage":[38,50,50,50],"damage_taken":[{"damage":2.0,"enemies":"conspire:RoseBush","floor":1.0,"turns":3.0},{"damage":0.0,"enemies":"Jaw Worm","floor":3.0,"turns":3.0},{"damage":0.0,"enemies":"Cultist","floor":5.0,"turns":3.0},{"damage":40.0,"enemies":"Gremlin Nob","floor":8.0,"turns":5.0},{"damage":4.0,"enemies":"Gremlin Gang","floor":10.0,"turns":4.0},{"damage":0.0,"enemies":"Red Slaver","floor":11.0,"turns":3.0},{"damage":1.0,"enemies":"Exordium Wildlife","floor":12.0,"turns":3.0},{"damage":7.0,"enemies":"3 Sentries","floor":13.0,"turns":5.0},{"damage":4.0,"enemies":"Looter","floor":14.0,"turns":3.0},{"damage":36.0,"enemies":"The Guardian","floor":16.0,"turns":10.0},{"damage":6.0,"enemies":"Chosen","floor":18.0,"turns":4.0},{"damage":20.0,"enemies":"conspire:FuzzyDice","floor":19.0,"turns":5.0},{"damage":0.0,"enemies":"Snake Plant","floor":27.0,"turns":2.0},{"damage":28.0,"enemies":"Centurion and Healer","floor":29.0,"turns":4.0},{"damage":17.0,"enemies":"Replay:Snechameleon","floor":30.0,"turns":4.0},{"damage":12.0,"enemies":"3 Cultists","floor":31.0,"turns":4.0},{"damage":48.0,"enemies":"Champ","floor":33.0,"turns":7.0},{"damage":0.0,"enemies":"Orb Walker","floor":35.0,"turns":4.0},{"damage":17.0,"enemies":"3 Darklings","floor":37.0,"turns":3.0},{"damage":56,"enemies":"Writhing Mass","floor":38,"turns":3},{"damage":6,"enemies":"Transient","floor":39,"turns":5},{"damage":0,"enemies":"Spire Growth","floor":40,"turns":2},{"damage":5,"enemies":"4 Shapes","floor":42,"turns":3},{"damage":3,"enemies":"Sphere and 2 Shapes","floor":45,"turns":2},{"damage":4,"enemies":"2 Orb Walkers","floor":47,"turns":3},{"damage":72,"enemies":"Awakened One","floor":50,"turns":7}],"seed_played":"-4143511834160674406","potions_obtained":[{"floor":1.0,"key":"Flashbang"},{"floor":5.0,"key":"SkillPotion"},{"floor":12.0,"key":"Adrenaline Potion"},{"floor":13.0,"key":"ColorlessPotion"},{"floor":16.0,"key":"FearPotion"},{"floor":19.0,"key":"Swift Potion"},{"floor":29.0,"key":"Ancient Potion"},{"floor":30.0,"key":"Reflective Coating"},{"floor":31.0,"key":"FearPotion"},{"floor":35.0,"key":"ColorlessPotion"},{"floor":40,"key":"Elixir"},{"floor":45,"key":"BloodPotion"}],"is_trial":false,"path_per_floor":["M","?","M","?","M","R","?","E","T","M","M","M","E","M","R","B",null,"M","M","T","$","?","R","?","R","T","M","T","M","E","M","R","B",null,"M","?","M","M","M","M","R","M","T","?","M","?","?","$","R","B",null],"character_chosen":"IRONCLAD","items_purchased":["Flash of Steel","True Grit+1","Gremlin Food","Replay:Sssssssssshield","Explosive Potion"],"campfire_rested":3,"item_purchase_floors":[0,0,21,21,48],"current_hp_per_floor":[80,80,80,80,80,80,80,46,46,48,54,59,58,60,60,30,80,80,66,66,66,74,74,74,74,74,80,80,58,47,41,80,38,80,80,80,69,19,19,25,64,68,68,68,74,74,84,84,90,42],"gold":452,"neow_bonus":"","is_daily":false,"chose_seed":false,"campfire_upgraded":1,"win_rate":0.0,"timestamp":1608455502,"path_taken":["M","?","M","?","?","R","?","E","T","M","M","?","E","M","R","BOSS","M","?","?","?","?","R","?","R","T","?","?","M","E","M","R","BOSS","M","?","M","?","M","M","R","M","T","?","M","?","?","$","R","BOSS"],"items_purchased_type":["Card","Card","Relic","Card","Potion"],"build_version":"2020-12-13","purchased_purges":2,"victory":true,"max_hp_per_floor":[80,80,80,80,80,80,80,80,80,80,80,80,80,80,80,80,80,80,80,80,80,80,80,80,80,80,80,80,80,80,80,80,80,80,80,80,80,80,80,80,80,83,83,79,82,82,90,90,90,90],"card_choices":[{"not_picked":["Ghostly Armor","Shockwave"],"picked":"Cleave","floor":1.0},{"not_picked":["Perfected Strike","hubris:ReadiedAction","Clash"],"picked":"SKIP","floor":3.0},{"not_picked":["Clash","ReplayTheSpireMod:Limb From Limb","hubris:ReadiedAction"],"picked":"SKIP","floor":5.0},{"not_picked":["hubris:SharpeningStone","Impervious"],"picked":"hubris:CleavingFinish","floor":8.0},{"not_picked":["Body Slam","Burning Pact","Anger"],"picked":"SKIP","floor":10.0},{"not_picked":["True Grit","Battle Trance"],"picked":"Armaments","floor":11.0},{"not_picked":["Burning Pact","Second Wind"],"picked":"Infernal Blade","floor":12.0},{"not_picked":["Havoc","Sever Soul"],"picked":"Dropkick","floor":13.0},{"not_picked":["Thunderclap","infinitespire:OneForAll","Bloodletting"],"picked":"SKIP","floor":14.0},{"not_picked":["conspire:HitWhereItHurts","Reaper"],"picked":"Berserk","floor":16.0},{"not_picked":["Shrug It Off","Havoc+1","Body Slam"],"picked":"SKIP","floor":18.0},{"not_picked":["Thunderclap","Pommel Strike"],"picked":"Seeing Red+1","floor":19.0},{"not_picked":["Replay:Undeath\u0027s Touch","True Grit","infinitespire:OneForAll"],"picked":"SKIP","floor":27.0},{"not_picked":["Battle Trance","Reckless Charge","Thunderclap"],"picked":"SKIP","floor":29.0},{"not_picked":["Rampage+1","Body Slam+1"],"picked":"Limit Break","floor":30.0},{"not_picked":["Havoc","Combust"],"picked":"Ghostly Armor+1","floor":31.0},{"not_picked":["Corruption","Limit Break"],"picked":"Feed","floor":33.0},{"not_picked":["ReplayTheSpireMod:Muscle Training+1","ReplayTheSpireMod:Strike From Hell+1"],"picked":"Twin Strike+1","floor":35.0},{"not_picked":["True Grit+1","Combust+1"],"picked":"Run Through+1","floor":37.0},{"not_picked":["Shrug It Off+1","ReplayTheSpireMod:Strike From Hell+1"],"picked":"Pummel+1","floor":38},{"not_picked":["Perfected Strike","Havoc+1"],"picked":"Flex","floor":39},{"not_picked":["Headbutt","Armaments"],"picked":"Flex","floor":40},{"not_picked":["Pommel Strike","Armaments+1","ReplayTheSpireMod:Limb From Limb+1"],"picked":"SKIP","floor":42},{"not_picked":["Rampage","ReplayTheSpireMod:Stacked","Havoc"],"picked":"SKIP","floor":45}],"player_experience":376314,"relics_obtained":[{"floor":2.0,"key":"King of Hearts"},{"floor":8.0,"key":"Oddly Smooth Stone"},{"floor":9.0,"key":"Girya"},{"floor":13.0,"key":"ReplayTheSpireMod:Ninjato"},{"floor":20.0,"key":"Regal Pillow"},{"floor":26.0,"key":"Smiling Mask"},{"floor":28.0,"key":"ReplayTheSpireMod:Lightbulb"},{"floor":30.0,"key":"halation:PromiseList"},{"floor":47,"key":"Durian"}],"event_choices":[{"damage_healed":0.0,"max_hp_gain":0.0,"max_hp_loss":0.0,"gold_gain":0.0,"event_name":"Transmorgrifier","player_choice":"Ignored","floor":7.0,"gold_loss":0.0,"damage_taken":0.0},{"cards_removed":["Strike_R"],"damage_healed":0.0,"max_hp_gain":0.0,"max_hp_loss":0.0,"gold_gain":0.0,"event_name":"Bonfire Elementals","player_choice":"Offered Basic","floor":36.0,"gold_loss":0.0,"damage_taken":0.0},{"damage_healed":0,"gold_gain":0,"player_choice":"Max HP","damage_taken":0,"max_hp_gain":0,"max_hp_loss":4,"event_name":"Winding Halls","floor":44,"gold_loss":0},{"damage_healed":0,"gold_gain":0,"player_choice":"Fight","damage_taken":0,"max_hp_gain":0,"max_hp_loss":0,"event_name":"Mysterious Sphere","floor":47,"gold_loss":0}],"is_beta":false,"boss_relics":[{"not_picked":["vexMod:DeviousBotling","Pandora\u0027s Box"],"picked":"infinitespire:Burning Sword"},{"not_picked":["halation:ForbiddenBikini","vexMod:CursedCompass"],"picked":"Runic Pyramid"}],"items_purged_floors":[21,48],"is_endless":false,"potions_floor_spawned":[1,5,12,13,16,19,29,30,31,35,40,45],"ascension_level":0}}