{"host":"373g0ui1bgeshz9m","time":1608500156,"event":{"mods":["Act Like it!","Aspiration","BaseMod","Beaked The Cultist","Better Third Choice","Colored Map","Conspire","Downfall","Halation","Hermit","Hubris","Infinite Spire","Jorbs\u0027s Wanderer Trilogy","Minty Spire (QoL Compilation)","Pale of the Ancients","Permanent Neow","Quick Restart","Replay The Spire","Shade Mod","Shop Mod","Spikes Relics","StSLib","The Animator","The Bladedancer","The Bug Knight","The Construct","The Cursed","The Factory","The Florist","The Judge","The Jungle","The Necromancer","The Sage","The Wild Card","Trackpad","vexMod"],"gold_per_floor":[99,129,129,162,182,182,252,286,301,332,332,432,432,442,461,461,461],"floor_reached":16,"playtime":733,"items_purged":[],"score":187,"play_id":"34ff1b21-6fc2-4408-b826-7aa3f20d1c2f","local_time":"20201220163556","is_ascension_mode":true,"campfire_choices":[{"floor":1.0,"key":"RECALL"}],"circlet_count":0,"master_deck":["Slimebound:Strike_Slimebound","Slimebound:Strike_Slimebound","Slimebound:Tackle","Slimebound:Defend_Slimebound","Slimebound:Defend_Slimebound","Slimebound:Defend_Slimebound","Slimebound:Split","Slimebound:CorrosiveSpit","Slimebound:SamplingLick","Slimebound:DisruptingSlam","Slimebound:RollThrough","hubris:Fate+1","Slimebound:SplitMire","Slimebound:RejuvenatingLick","Slimebound:HauntingLick","Slimebound:SelfFormingGoo","Slimebound:Schlurp","Slimebound:SamplingLick","Slimebound:SamplingLick"],"relics":["Slimebound:AbsorbEndCombat","downfall:HeartsMalice","aspiration:StickyExplosives_weak","trackpad:Mousetrap","conspire:DeflatedDodgeball","ReplayFunnel","infinitespire:Satchel"],"acts_visited":["Exordium"],"potions_floor_usage":[16],"damage_taken":[{"damage":0.0,"enemies":"Lagavulin","floor":2.0,"turns":1.0},{"damage":0.0,"enemies":"2 Louse","floor":3.0,"turns":1.0},{"damage":0.0,"enemies":"3 Sentries","floor":4.0,"turns":1.0},{"damage":6.0,"enemies":"Jaw Worm","floor":5.0,"turns":3.0},{"damage":8.0,"enemies":"Replay:BlueRogue","floor":8.0,"turns":7.0},{"damage":4.0,"enemies":"Small Slimes","floor":9.0,"turns":3.0},{"damage":15.0,"enemies":"HollowMod:MossKnight","floor":10.0,"turns":4.0},{"damage":18.0,"enemies":"downfall:Heads","floor":12.0,"turns":2.0},{"damage":12,"enemies":"Red Slaver","floor":14,"turns":2},{"damage":0,"enemies":"Gremlin Gang","floor":15,"turns":1},{"damage":63,"enemies":"downfall:Defect","floor":16,"turns":5}],"seed_played":"8014479337703504003","potions_obtained":[{"floor":8.0,"key":"Regen Potion"},{"floor":10.0,"key":"Fire Potion"},{"floor":14,"key":"BlessingOfTheForge"},{"floor":15,"key":"CultistPotion"}],"is_trial":false,"path_per_floor":["R","E","M","E","M","?","T","E","M","E","?","?","?","M","M","B"],"character_chosen":"SLIMEBOUND","items_purchased":[],"campfire_rested":0,"item_purchase_floors":[],"current_hp_per_floor":[60,60,60,60,58,43,43,59,59,57,57,53,53,53,53,0,0],"gold":461,"neow_bonus":"THREE_ENEMY_KILL","is_daily":false,"chose_seed":false,"campfire_upgraded":0,"win_rate":0.0,"timestamp":1608500156,"path_taken":["R","E","M","E","M","?","T","E","M","E","?","?","?","M","M","BOSS"],"items_purchased_type":[],"build_version":"2020-12-13","purchased_purges":0,"victory":false,"max_hp_per_floor":[60,60,60,60,60,60,60,60,60,60,60,60,60,60,60,60,60],"card_choices":[{"not_picked":["Slimebound:GrowthPunch","Slimebound:Teamwork"],"picked":"Slimebound:SamplingLick","floor":2.0},{"not_picked":["Slimebound:ItLooksTasty","Slimebound:LeechingTouch","Slimebound:SplitLeeching"],"picked":"SKIP","floor":3.0},{"not_picked":["Slimebound:Grow","Slimebound:SplitAcid"],"picked":"Slimebound:DisruptingSlam","floor":4.0},{"not_picked":["Slimebound:FinishingTackle","Slimebound:GoopSpray"],"picked":"Slimebound:RollThrough","floor":5.0},{"not_picked":["infinitespire:Execution","infinitespire:DeathsTouch"],"picked":"hubris:Fate","floor":6.0},{"not_picked":["Slimebound:SplitBruiser","Slimebound:GrowthPunch","Slimebound:ForwardTackle"],"picked":"SKIP","floor":8.0},{"not_picked":["Slimebound:SplitLeeching","Slimebound:FinishingTackle"],"picked":"Slimebound:SplitMire","floor":9.0},{"not_picked":["Slimebound:HauntingLick","Slimebound:ComboTackle"],"picked":"Slimebound:RejuvenatingLick","floor":10.0},{"not_picked":["Slimebound:SplitMire","Slimebound:FormOfPuddle"],"picked":"Slimebound:Schlurp","floor":12.0},{"not_picked":["Slimebound:SplitLeeching","Slimebound:RollThrough"],"picked":"Slimebound:SamplingLick","floor":14},{"not_picked":["Slimebound:ComboTackle","Slimebound:SlimeBrawl"],"picked":"Slimebound:SamplingLick","floor":15}],"player_experience":121330,"relics_obtained":[{"floor":2.0,"key":"aspiration:StickyExplosives_weak"},{"floor":4.0,"key":"trackpad:Mousetrap"},{"floor":7.0,"key":"conspire:DeflatedDodgeball"},{"floor":8.0,"key":"ReplayFunnel"},{"floor":10.0,"key":"infinitespire:Satchel"}],"event_choices":[],"is_beta":false,"boss_relics":[],"items_purged_floors":[],"is_endless":false,"potions_floor_spawned":[8,10,14,15],"killed_by":"downfall:Defect","ascension_level":1}}