{"host":"f5n4tidiz2n5sooh","time":1608454765,"event":{"mods":["BaseMod","Bestiary","Colored Map","Minty Spire (QoL Compilation)","Relic Stats","StSLib"],"gold_per_floor":[118,118,130,146,159,159,193,193,193,224,241,241,316,331,331,331,331],"floor_reached":16,"playtime":485,"items_purged":[],"score":249,"play_id":"09d1a87b-acf4-4745-84d5-cf22618ab4aa","local_time":"20201220025925","is_ascension_mode":true,"campfire_choices":[{"data":"Feed","floor":6,"key":"SMITH"},{"data":"Shockwave","floor":8,"key":"SMITH"},{"data":"Pommel Strike","floor":12,"key":"SMITH"},{"data":"Pommel Strike","floor":15,"key":"SMITH"}],"circlet_count":0,"master_deck":["AscendersBane","Strike_R","Strike_R","Strike_R","Strike_R","Defend_R","Defend_R","Defend_R","Defend_R","Bash","Shockwave+1","Feed+1","Headbutt","Disarm","Pommel Strike+1","Brutality","Dark Embrace","Flame Barrier","Pommel Strike+1"],"relics":["Burning Blood","NeowsBlessing","Orichalcum","Bronze Scales","Bottled Lightning"],"acts_visited":["Exordium"],"potions_floor_usage":[5,7,16],"damage_taken":[{"damage":0,"enemies":"Small Slimes","floor":1,"turns":1},{"damage":0,"enemies":"Jaw Worm","floor":3,"turns":1},{"damage":0,"enemies":"2 Louse","floor":4,"turns":1},{"damage":11,"enemies":"Exordium Wildlife","floor":5,"turns":5},{"damage":37,"enemies":"3 Sentries","floor":7,"turns":9},{"damage":24,"enemies":"Lagavulin","floor":10,"turns":6},{"damage":6,"enemies":"Lots of Slimes","floor":11,"turns":4},{"damage":5,"enemies":"Red Slaver","floor":14,"turns":3},{"damage":34,"enemies":"Slime Boss","floor":16,"turns":6}],"seed_played":"-8733746196404080753","potions_obtained":[{"floor":1,"key":"Explosive Potion"},{"floor":4,"key":"SpeedPotion"},{"floor":5,"key":"Explosive Potion"}],"is_trial":false,"path_per_floor":["M","?","M","M","M","R","E","R","T","E","M","R","?","M","R","B"],"character_chosen":"IRONCLAD","items_purchased":[],"campfire_rested":0,"item_purchase_floors":[],"current_hp_per_floor":[74,74,78,81,79,79,52,52,52,34,38,38,27,32,32,0,0],"gold":331,"neow_bonus":"THREE_ENEMY_KILL","is_daily":false,"chose_seed":false,"campfire_upgraded":4,"win_rate":0.0,"timestamp":1608454765,"path_taken":["M","?","M","M","M","R","E","R","T","E","M","R","?","M","R","BOSS"],"items_purchased_type":[],"build_version":"2020-12-13","purchased_purges":0,"victory":false,"max_hp_per_floor":[75,75,78,81,84,84,88,88,88,88,92,92,92,96,96,96,96],"relic_stats":{"counters":[9,36],"Bronze Scales":[35],"Orichalcum":[90],"obtain_stats":[{"NeowsBlessing":0,"Bronze Scales":9,"Bottled Lightning":10,"Orichalcum":7,"Burning Blood":0},{"NeowsBlessing":0,"Bronze Scales":5,"Bottled Lightning":6,"Orichalcum":5,"Burning Blood":0},{"NeowsBlessing":0,"Bronze Scales":17,"Bottled Lightning":23,"Orichalcum":17,"Burning Blood":0}],"Burning Blood":37},"card_choices":[{"not_picked":["Entrench","Headbutt"],"picked":"Shockwave","floor":1},{"not_picked":["Sentinel","Wild Strike"],"picked":"Headbutt","floor":3},{"not_picked":["Perfected Strike","Havoc"],"picked":"Disarm","floor":4},{"not_picked":["Thunderclap","Ghostly Armor"],"picked":"Pommel Strike","floor":5},{"not_picked":["Body Slam","Double Tap"],"picked":"Brutality","floor":7},{"not_picked":["Heavy Blade","Ghostly Armor"],"picked":"Dark Embrace","floor":10},{"not_picked":["Body Slam","Iron Wave"],"picked":"Flame Barrier","floor":11},{"not_picked":["Headbutt","Searing Blow"],"picked":"Pommel Strike","floor":14}],"player_experience":1905089,"relics_obtained":[{"floor":7,"key":"Orichalcum"},{"floor":9,"key":"Bronze Scales"},{"floor":10,"key":"Bottled Lightning"}],"event_choices":[{"damage_healed":0,"gold_gain":0,"cards_transformed":["Strike_R"],"player_choice":"Change","damage_taken":0,"max_hp_gain":0,"max_hp_loss":0,"event_name":"Living Wall","floor":2,"gold_loss":0,"cards_obtained":["Feed"]},{"damage_healed":0,"gold_gain":75,"player_choice":"Gather Gold","damage_taken":11,"max_hp_gain":0,"max_hp_loss":0,"event_name":"World of Goop","floor":13,"gold_loss":0}],"is_beta":false,"boss_relics":[],"items_purged_floors":[],"is_endless":false,"potions_floor_spawned":[1,4,5],"killed_by":"Slime Boss","ascension_level":20}}