{"host":"TheHustler","time":1608465025,"event":{"mods":["BaseMod","Block Reminder","Colored Map","Colored Powertips","Minty Spire (QoL Compilation)","Quick Restart","StSLib","SuperFastMode","Unceasing Turn Reminder"],"gold_per_floor":[114,114,133,133,152,152,32,32,57,57,57,95,95,114,114,239,239,258,258,277,50,149,187,187,187,187,10,10,10,29,48,48,173,173,173,173],"floor_reached":35,"playtime":1217,"items_purged":["Choke","Strike_G"],"score":446,"play_id":"a7d5b563-6a09-4d76-8034-b343ff62ebb9","local_time":"20201220125025","daily_mods":["Specialized","Flight","Terminal"],"is_ascension_mode":false,"campfire_choices":[{"data":"Concentrate","floor":6,"key":"SMITH"},{"data":"Setup","floor":8,"key":"SMITH"},{"data":"Backflip","floor":10,"key":"SMITH"},{"data":"Well Laid Plans","floor":13,"key":"SMITH"},{"data":"Infinite Blades","floor":15,"key":"SMITH"},{"data":"Reflex","floor":24,"key":"SMITH"},{"data":"Prepared","floor":25,"key":"SMITH"},{"data":"Venomology","floor":28,"key":"SMITH"},{"data":"Outmaneuver","floor":32,"key":"SMITH"}],"circlet_count":0,"master_deck":["Strike_G","Strike_G","Strike_G","Strike_G","Defend_G","Defend_G","Defend_G","Defend_G","Defend_G","Survivor","Neutralize","Choke","Choke","Choke","Choke","Setup+1","Concentrate+1","Outmaneuver+1","Backflip+1","Well Laid Plans+1","Infinite Blades+1","Venomology+1","CurseOfTheBell","Prepared+1","Backflip+1","Reflex+1","Tactician+1","Dark Shackles+1","Infinite Blades","Phantasmal Killer+1"],"relics":["Ring of the Snake","Golden Idol","Ancient Tea Set","Potion Belt","Bronze Scales","Calling Bell","Blood Vial","Singing Bowl","FossilizedHelix","Lee\u0027s Waffle","Toxic Egg 2","Matryoshka","Busted Crown"],"acts_visited":["Exordium","TheCity","TheBeyond"],"potions_floor_usage":[23,23,23,33,33,33,33,33,33],"damage_taken":[{"damage":0,"enemies":"Small Slimes","floor":1,"turns":3},{"damage":0,"enemies":"2 Louse","floor":3,"turns":3},{"damage":3,"enemies":"Jaw Worm","floor":5,"turns":2},{"damage":5,"enemies":"Gremlin Nob","floor":12,"turns":4},{"damage":0,"enemies":"Gremlin Gang","floor":14,"turns":4},{"damage":24,"enemies":"The Guardian","floor":16,"turns":11},{"damage":5,"enemies":"Spheric Guardian","floor":18,"turns":5},{"damage":2,"enemies":"Shell Parasite","floor":20,"turns":6},{"damage":35,"enemies":"Book of Stabbing","floor":23,"turns":5},{"damage":0,"enemies":"Snake Plant","floor":30,"turns":3},{"damage":0,"enemies":"Centurion and Healer","floor":31,"turns":6},{"damage":0,"enemies":"Automaton","floor":33,"turns":9},{"damage":54,"enemies":"3 Darklings","floor":35,"turns":6}],"seed_played":"4005297234989847306","potions_obtained":[{"floor":1,"key":"Energy Potion"},{"floor":5,"key":"BlessingOfTheForge"},{"floor":30,"key":"LiquidMemories"},{"floor":33,"key":"BlessingOfTheForge"}],"is_trial":false,"path_per_floor":["M","?","M","?","M","R","$","R","T","R","$","E","R","M","R","B",null,"M","?","M","$","?","E","R","R","T","$","R","?","M","M","R","B",null,"M"],"character_chosen":"THE_SILENT","items_purchased":["Backflip","Reflex","Lee\u0027s Waffle","Tactician+1"],"campfire_rested":0,"item_purchase_floors":[7,21,21,27],"current_hp_per_floor":[68,51,51,39,36,36,36,36,36,36,36,31,31,31,31,7,52,47,47,49,57,56,23,23,23,23,23,23,23,27,31,31,33,50,0,0],"gold":173,"neow_bonus":"","is_daily":true,"chose_seed":false,"campfire_upgraded":9,"win_rate":0.0,"timestamp":1608465025,"path_taken":["M","?","M","?","?","R","$","R","T","R","$","E","R","?","R","BOSS","M","?","?","$","?","E","R","R","T","$","R","?","M","M","R","BOSS","M"],"items_purchased_type":["Card","Card","Relic","Card"],"build_version":"2020-12-18","purchased_purges":2,"victory":false,"max_hp_per_floor":[68,67,66,65,64,63,62,61,60,59,58,57,56,55,54,53,52,51,50,51,57,56,57,56,55,54,53,52,51,52,53,52,51,50,50,50],"card_choices":[{"not_picked":["Finisher","Dodge and Roll"],"picked":"Setup","floor":1},{"not_picked":["Expertise","Dodge and Roll"],"picked":"Concentrate","floor":3},{"not_picked":["Bane","Sucker Punch"],"picked":"Outmaneuver","floor":5},{"not_picked":["Bane","Quick Slash"],"picked":"Well Laid Plans","floor":12},{"not_picked":["Dagger Spray","Blur"],"picked":"Infinite Blades","floor":14},{"not_picked":["Malaise","Doppelganger"],"picked":"Venomology","floor":16},{"not_picked":["Bane+1","Poisoned Stab+1"],"picked":"Prepared","floor":18},{"not_picked":["Finisher","Deflect","Backflip"],"picked":"Singing Bowl","floor":20},{"not_picked":["Well Laid Plans","Envenom","Catalyst+1"],"picked":"Singing Bowl","floor":23},{"not_picked":["Flying Knee","Flechettes","Backstab"],"picked":"Singing Bowl","floor":30},{"not_picked":["Concentrate+1","Deadly Poison+1","Terror+1"],"picked":"Singing Bowl","floor":31},{"not_picked":["Venomology+1","Envenom"],"picked":"Phantasmal Killer+1","floor":33}],"player_experience":604227,"relics_obtained":[{"floor":9,"key":"Potion Belt"},{"floor":12,"key":"Bronze Scales"},{"floor":17,"key":"Blood Vial"},{"floor":17,"key":"Singing Bowl"},{"floor":17,"key":"FossilizedHelix"},{"floor":23,"key":"Toxic Egg 2"},{"floor":26,"key":"Matryoshka"}],"event_choices":[{"damage_healed":0,"gold_gain":0,"player_choice":"Take Damage","damage_taken":17,"relics_obtained":["Golden Idol"],"max_hp_gain":0,"max_hp_loss":0,"event_name":"Golden Idol","floor":2,"gold_loss":0},{"damage_healed":0,"gold_gain":0,"player_choice":"Success","damage_taken":12,"relics_obtained":["Ancient Tea Set"],"max_hp_gain":0,"max_hp_loss":0,"event_name":"Scrap Ooze","floor":4,"gold_loss":0},{"damage_healed":0,"gold_gain":0,"player_choice":"Copied","damage_taken":0,"max_hp_gain":0,"max_hp_loss":0,"event_name":"Duplicator","floor":19,"gold_loss":0,"cards_obtained":["Backflip"]},{"damage_healed":0,"gold_gain":99,"player_choice":"Stole From Cult","damage_taken":0,"max_hp_gain":0,"max_hp_loss":0,"event_name":"Nest","floor":22,"gold_loss":0},{"damage_healed":0,"gold_gain":0,"player_choice":"2 cards matched","damage_taken":0,"max_hp_gain":0,"max_hp_loss":0,"event_name":"Match and Keep!","floor":29,"gold_loss":0,"cards_obtained":["Dark Shackles","Infinite Blades"]}],"is_beta":true,"boss_relics":[{"not_picked":["Coffee Dripper","Velvet Choker"],"picked":"Calling Bell"},{"not_picked":["Sozu","SlaversCollar"],"picked":"Busted Crown"}],"items_purged_floors":[7,27],"is_endless":false,"potions_floor_spawned":[1,5,30,33],"killed_by":"3 Darklings","ascension_level":0}}