{"host":"07tcb8n8jdavk3gs","time":1608446485,"event":{"mods":["BaseMod","Colored Map","Hermit","Marisa????????","Minty Spire (QoL Compilation)","StSLib","The Animator","The Cursed","The Servant 0.9.4"],"gold_per_floor":[111,111,127,164,200,200,200],"floor_reached":6,"playtime":378,"items_purged":[],"score":67,"play_id":"744ea4a1-041a-46fa-8c01-0542920d67cc","local_time":"20201220004125","is_ascension_mode":true,"campfire_choices":[],"circlet_count":0,"master_deck":["AscendersBane","animator:Strike_GATE","animator:Defend_GATE","animator:Strike","animator:Strike","animator:Strike","animator:Defend","animator:Defend","animator:Defend","animator:TukaLunaMarceau","animator:Kuribayashi","animator:Witch","animator:GuildGirl","animator:NarberalGamma","animator:TukaLunaMarceau"],"relics":["animator:LivingPicture","animator:TheMissingPiece","NeowsBlessing","animator:HallowedScabbard"],"acts_visited":["Exordium"],"potions_floor_usage":[],"damage_taken":[{"damage":0,"enemies":"Cultist","floor":1,"turns":1},{"damage":0,"enemies":"Jaw Worm","floor":3,"turns":1},{"damage":0,"enemies":"2 Louse","floor":4,"turns":1},{"damage":34,"enemies":"Lots of Slimes","floor":5,"turns":5},{"damage":37,"enemies":"3 Sentries","floor":6,"turns":4}],"seed_played":"8289970739996901372","potions_obtained":[{"floor":1,"key":"SneckoOil"}],"is_trial":false,"path_per_floor":["M","?","M","M","M","E"],"character_chosen":"THE_ANIMATOR","items_purchased":[],"campfire_rested":0,"item_purchase_floors":[],"current_hp_per_floor":[54,54,54,54,29,0,0],"gold":200,"neow_bonus":"THREE_ENEMY_KILL","is_daily":false,"chose_seed":false,"campfire_upgraded":0,"win_rate":0.0,"timestamp":1608446485,"path_taken":["M","?","M","?","?","E"],"items_purchased_type":[],"build_version":"2020-12-13","purchased_purges":0,"victory":false,"max_hp_per_floor":[60,60,60,60,60,60,60],"card_choices":[{"not_picked":["animator:Elsword","animator:Entoma"],"picked":"animator:Witch","floor":1},{"not_picked":["animator:Elsword","animator:Sebas"],"picked":"animator:GuildGirl","floor":3},{"not_picked":["animator:Rena","animator:PandorasActor"],"picked":"animator:NarberalGamma","floor":4},{"not_picked":["animator:LeleiLaLalena","animator:Kuribayashi"],"picked":"animator:TukaLunaMarceau","floor":5}],"player_experience":889847,"relics_obtained":[],"event_choices":[{"damage_healed":0,"gold_gain":0,"player_choice":"Gave Potion","damage_taken":0,"relics_obtained":["animator:HallowedScabbard"],"max_hp_gain":0,"max_hp_loss":0,"event_name":"WeMeetAgain","floor":2,"gold_loss":0}],"is_beta":false,"boss_relics":[],"items_purged_floors":[],"is_endless":false,"potions_floor_spawned":[1],"killed_by":"3 Sentries","ascension_level":15}}