{"host":"yts3k7tnnujxb1o4","time":1608498176,"event":{"mods":["2.2 Compatiblity","AchievementEnabler","BaseMod","Bestiary","Better Altar","Better Match","Better Note","Better Sensory Stone","Better Skull","Better Third Choice","BetterRewards","Colored Map","Colored Powertips","DeckTracker","Displayed Cursed Tome","Emptier Cage","Filter the Spire","Minty Spire (QoL Compilation)","Quick Restart","RNG Fix","Rare Cards Sparkle","Relic Sorter","Relic Stats","Spicy Shops","StSLib","Synergy Search","The Blue Laboratory"],"gold_per_floor":[115,89,89,101,30,30,60,60,137,137,157,157,177,212,212,212,212],"floor_reached":16,"playtime":738,"items_purged":["Strike_B"],"score":174,"play_id":"ba8b3a72-3528-49ab-8508-ca0501b88fe1","local_time":"20201220210256","is_ascension_mode":true,"campfire_choices":[{"floor":6,"key":"REST"},{"floor":8,"key":"REST"},{"data":"Zap","floor":10,"key":"SMITH"},{"data":"Dualcast","floor":12,"key":"SMITH"},{"data":"Recycle","floor":15,"key":"SMITH"}],"circlet_count":0,"master_deck":["Strike_B","Strike_B","Defend_B+1","Defend_B","Defend_B+1","Defend_B","Zap+1","Dualcast+1","Scrape","Flash of Steel","Loop","Turbo","Gash","Self Repair","Reprogram","Hologram","Sunder","Recycle+1"],"relics":["Cracked Core","Pen Nib","Bag of Marbles","betterThird:SlimedRelic","Lantern","The Courier","War Paint"],"acts_visited":["Exordium"],"potions_floor_usage":[14,16],"damage_taken":[{"damage":1,"enemies":"Small Slimes","floor":1,"turns":3},{"damage":7,"enemies":"2 Louse","floor":4,"turns":3},{"damage":27,"enemies":"Gremlin Nob","floor":7,"turns":4},{"damage":0,"enemies":"Cultist","floor":11,"turns":3},{"damage":9,"enemies":"2 Fungi Beasts","floor":13,"turns":3},{"damage":8,"enemies":"3 Sentries","floor":14,"turns":6},{"damage":46,"enemies":"The Guardian","floor":16,"turns":7}],"seed_played":"-4008899661104308066","potions_obtained":[{"floor":1,"key":"blueLaboratory:BottleOfVodka"},{"floor":7,"key":"LiquidMemories"}],"is_trial":false,"path_per_floor":["M","?","?","M","$","R","E","R","T","R","M","R","M","E","R","B"],"character_chosen":"DEFECT","items_purchased":["Scrape","Pen Nib","Bag of Marbles","Flash of Steel","Loop","Self Repair"],"campfire_rested":2,"item_purchase_floors":[0,0,0,0,0,5],"current_hp_per_floor":[36,25,25,18,18,40,20,42,42,42,49,49,47,46,46,0,0],"gold":212,"neow_bonus":"","is_daily":false,"chose_seed":false,"campfire_upgraded":3,"win_rate":0.0,"timestamp":1608498176,"path_taken":["M","?","?","?","$","R","E","R","T","R","M","R","M","E","R","BOSS"],"items_purchased_type":["Card","Relic","Relic","Card","Card","Card"],"build_version":"2020-12-13","purchased_purges":1,"victory":false,"max_hp_per_floor":[75,75,75,75,75,75,75,75,75,75,75,75,75,75,75,75,75],"relic_stats":{"counters":[55,220],"Pen Nib":[4],"War Paint":["Defend_B","Defend_B"],"obtain_stats":[{"Darkstone Periapt":40,"Ice Cream":29,"Regal Pillow":24,"Lantern":7,"Calipers":2,"Singing Bowl":20,"Vajra":38,"StoneCalendar":37,"Incense Burner":9,"Whetstone":0,"Ancient Tea Set":43,"Nunchaku":0,"Lizard Tail":40,"Shovel":19,"Ninja Scroll":25,"Philosopher\u0027s Stone":34,"MealTicket":44,"Fusion Hammer":17,"Red Mask":19,"Kunai":26,"Toxic Egg 2":0,"Ring of the Snake":0,"Girya":44,"Pear":47,"Happy Flower":21,"Blue Candle":9,"Pen Nib":20,"PreservedInsect":21,"The Courier":9,"Omamori":32,"War Paint":14,"Runic Dome":34,"Bottled Flame":26,"Busted Crown":17,"Shuriken":48,"Bronze Scales":20,"betterThird:SlimedRelic":2,"Bag of Marbles":0,"FossilizedHelix":23,"Toy Ornithopter":43},{"Darkstone Periapt":22,"Ice Cream":37,"Regal Pillow":36,"Lantern":51,"Calipers":1,"Singing Bowl":34,"Vajra":41,"StoneCalendar":19,"Incense Burner":3,"Whetstone":0,"Ancient Tea Set":43,"Nunchaku":0,"Lizard Tail":42,"Shovel":34,"Ninja Scroll":12,"Philosopher\u0027s Stone":39,"MealTicket":44,"Fusion Hammer":33,"Red Mask":8,"Kunai":36,"Toxic Egg 2":25,"Ring of the Snake":0,"Girya":23,"Pear":46,"Happy Flower":34,"Blue Candle":29,"Pen Nib":8,"PreservedInsect":34,"The Courier":51,"Omamori":38,"War Paint":5,"Runic Dome":17,"Bottled Flame":12,"Busted Crown":6,"Shuriken":47,"Bronze Scales":8,"betterThird:SlimedRelic":49,"Bag of Marbles":48,"FossilizedHelix":11,"Toy Ornithopter":22},{"Darkstone Periapt":77,"Ice Cream":133,"Regal Pillow":131,"Lantern":201,"Calipers":2,"Singing Bowl":123,"Vajra":157,"StoneCalendar":64,"Incense Burner":5,"Whetstone":0,"Ancient Tea Set":166,"Nunchaku":0,"Lizard Tail":162,"Shovel":123,"Ninja Scroll":39,"Philosopher\u0027s Stone":147,"MealTicket":170,"Fusion Hammer":121,"Red Mask":23,"Kunai":131,"Toxic Egg 2":95,"Ring of the Snake":0,"Girya":80,"Pear":177,"Happy Flower":123,"Blue Candle":105,"Pen Nib":23,"PreservedInsect":123,"The Courier":201,"Omamori":137,"War Paint":8,"Runic Dome":58,"Bottled Flame":39,"Busted Crown":16,"Shuriken":183,"Bronze Scales":23,"betterThird:SlimedRelic":194,"Bag of Marbles":191,"FossilizedHelix":32,"Toy Ornithopter":77}]},"card_choices":[{"not_picked":["Coolheaded","Ball Lightning"],"picked":"Turbo","floor":1},{"not_picked":["Go for the Eyes","Compile Driver"],"picked":"Gash","floor":4},{"not_picked":["Leap","Tempest"],"picked":"Reprogram","floor":7},{"not_picked":["Rebound","Stack"],"picked":"Hologram","floor":11},{"not_picked":["Stack","Redo"],"picked":"Sunder","floor":13},{"not_picked":["Ball Lightning","Skim"],"picked":"Recycle","floor":14}],"player_experience":188509,"relics_obtained":[{"floor":7,"key":"Lantern"},{"floor":9,"key":"The Courier"},{"floor":14,"key":"War Paint"}],"event_choices":[{"damage_healed":0,"gold_gain":0,"player_choice":"Slimed","damage_taken":11,"max_hp_gain":0,"max_hp_loss":0,"event_name":"betterThird:BetterGoop","floor":2,"gold_loss":26},{"cards_removed":["Strike_B"],"damage_healed":0,"gold_gain":0,"player_choice":"Purged","damage_taken":0,"max_hp_gain":0,"max_hp_loss":0,"event_name":"Purifier","floor":3,"gold_loss":0}],"is_beta":false,"boss_relics":[],"items_purged_floors":[0],"is_endless":false,"potions_floor_spawned":[1,7],"killed_by":"The Guardian","ascension_level":2}}