{"host":"08z5bj28eube4vug","time":1608426931,"event":{"mods":["2.2 Compatiblity","Abigail Mod","Act Like it!","BaseMod","Beaked The Cultist","Bestiary","Friendly Minions","Gensokyo","GungeonMod","Hallownest","Kiyohime????","Koishi","Lobotomy","Marisa????????","Minty Spire (QoL Compilation)","Prisma Mod","Remilia??????","Replay The Spire","StSLib","Td1madao Mod","The Alterego","The Bug Knight","The Jungle","The Sage","The Senshi","The Servant 0.9.4","Waifu the Spire","WarShipGirlsR/????R mod","Yuri Mod"],"gold_per_floor":[120,295,295,313,325,356,356,386,386,187,204,204,204,204,204,300,300,318,318,59,70,70,70,99,99,125,125,156,156,185,37,37,139,139,153,153,1152,476,488,488,513,513,513,568,595,346,359,389,389,389],"floor_reached":51,"playtime":4293,"items_purged":["Normality","Normality"],"score":982,"play_id":"ad7e3a6b-b895-40a9-8808-0ad268ca5c24","local_time":"20201220041531","is_ascension_mode":true,"campfire_choices":[{"data":"alterego_mod:Mirror","floor":7,"key":"SMITH"},{"data":"alterego_mod:BrynhildrsRune","floor":12,"key":"SMITH"},{"data":"alterego_mod:BiFurious","floor":15,"key":"SMITH"},{"data":"alterego_mod:SideboobHour","floor":23,"key":"SMITH"},{"data":"alterego_mod:Bounce","floor":25,"key":"SMITH"},{"data":"alterego_mod:PainIsPleasure","floor":32,"key":"SMITH"},{"data":"alterego_mod:Nekomimi","floor":40,"key":"SMITH"},{"data":"alterego_mod:Palingenesis+1","floor":42,"key":"SMITH"},{"data":"alterego_mod:Weigh","floor":49,"key":"SMITH"}],"circlet_count":0,"master_deck":["alterego_mod:Strike","alterego_mod:Strike","alterego_mod:Strike","alterego_mod:Strike","alterego_mod:Defend+1","alterego_mod:Defend+1","alterego_mod:Defend+1","alterego_mod:Defend+1","alterego_mod:Impale+1","alterego_mod:BigMeatyClaws+1","alterego_mod:BrynhildrsRune+1","alterego_mod:Bounce+1","alterego_mod:Bunnysuit","alterego_mod:BiFurious+1","alterego_mod:Mirror+1","alterego_mod:SakuraFive","alterego_mod:Palingenesis+2","Dramatic Entrance","alterego_mod:Bounce","alterego_mod:SideboobHour+1","Pride","alterego_mod:Lingerie+1","alterego_mod:AlterEgo","Amnesia","alterego_mod:Nekomimi+1","ReplayTheSpireMod:Splinters","alterego_mod:PainIsPleasure+1","alterego_mod:Weigh+1","alterego_mod:Cooking+1","alterego_mod:Pet+1","alterego_mod:Bunnysuit+1","alterego_mod:Mirror+1","alterego_mod:Birthday+1","alterego_mod:Cushion+1","alterego_mod:Birthday+1","alterego_mod:BiFurious+1","alterego_mod:Bounce+1"],"relics":["alterego_mod:MasochisticConstitution","Spirit Poop","DemoMod:MonsterBlood","Mango","Blood Vial","Replay:Grab Bag","beaked:SacredNecklace","Cursed Key","Ring of Chaos","theSenshi:MoonKaleidoScopeRelic","GreatHeart","Replay:Bottled Steam","Prayer Wheel","Ancient Tea Set","sagemod:Singing_Vial","DemoMod:JetPack","Replay:Bottled Eggs","Lee\u0027s Waffle","ChewingGum","Toxic Egg 2","StoneCalendar","Pen Nib","Ice Cream","ClockworkSouvenir","Replay:Bottled Flurry"],"acts_visited":["Exordium","TheCity","TheBeyond"],"potions_floor_usage":[6,16,24,30,33,35,39,47,47,50],"damage_taken":[{"damage":3,"enemies":"Jaw Worm","floor":1,"turns":3},{"damage":0,"enemies":"Cultist","floor":4,"turns":2},{"damage":4,"enemies":"Small Slimes","floor":5,"turns":2},{"damage":21,"enemies":"Lagavulin","floor":6,"turns":6},{"damage":29,"enemies":"Gremlin Nob","floor":8,"turns":4},{"damage":5,"enemies":"Looter","floor":11,"turns":3},{"damage":25,"enemies":"The Guardian","floor":16,"turns":8},{"damage":10,"enemies":"2 Thieves","floor":18,"turns":3},{"damage":15,"enemies":"Chosen and Byrds","floor":21,"turns":4},{"damage":23,"enemies":"Book of Stabbing","floor":24,"turns":4},{"damage":26,"enemies":"HollowMod:Nosk","floor":28,"turns":6},{"damage":25,"enemies":"Gremlin Leader","floor":30,"turns":6},{"damage":23,"enemies":"Champ","floor":33,"turns":9},{"damage":35,"enemies":"3 Shapes","floor":35,"turns":4},{"damage":20,"enemies":"3 Darklings","floor":39,"turns":5},{"damage":30,"enemies":"Giant Head","floor":41,"turns":8},{"damage":32,"enemies":"2 Orb Walkers","floor":44,"turns":4},{"damage":17,"enemies":"HollowMod:StalkingDevout","floor":45,"turns":5},{"damage":24,"enemies":"4 Shapes","floor":47,"turns":4},{"damage":18,"enemies":"Nemesis","floor":48,"turns":5},{"damage":71,"enemies":"Awakened One","floor":50,"turns":8}],"seed_played":"6102805940183811837","potions_obtained":[{"floor":1,"key":"AttackPotion"},{"floor":5,"key":"Adrenaline Potion"},{"floor":11,"key":"Ancient Potion"},{"floor":16,"key":"Dexterity Potion"},{"floor":18,"key":"Weak Potion"},{"floor":24,"key":"Energy Potion"},{"floor":33,"key":"FearPotion"},{"floor":44,"key":"Strength Potion"},{"floor":45,"key":"Adrenaline Potion"},{"floor":47,"key":"BlessingOfTheForge"}],"is_trial":false,"path_per_floor":["M","?","?","M","M","E","R","E","T","$","M","R","?","?","R","B",null,"M","?","$","M","?","R","E","R","T","?","E","T","E","$","R","B",null,"M","?","?","$","M","R","E","R","T","?","E","$","M","E","R","B",null],"character_chosen":"The_Alterego","items_purchased":["alterego_mod:Palingenesis+1","Dramatic Entrance","Replay:Bottled Steam","Lee\u0027s Waffle","Toxic Egg 2","StoneCalendar","Adrenaline Potion","ClockworkSouvenir"],"campfire_rested":0,"item_purchase_floors":[10,10,20,31,38,38,38,46],"current_hp_per_floor":[68,68,68,68,65,52,52,38,38,38,36,36,36,36,36,21,97,95,95,95,97,97,97,77,77,77,77,61,61,39,109,109,89,110,76,76,76,76,93,93,79,79,79,83,115,115,99,111,111,53],"gold":389,"neow_bonus":"UPGRADE_CARD","is_daily":false,"chose_seed":false,"campfire_upgraded":9,"win_rate":0.0,"timestamp":1608426931,"path_taken":["M","?","?","M","?","E","R","E","T","$","M","R","?","?","R","BOSS","M","?","$","M","?","R","E","R","T","?","E","?","E","?","R","BOSS","M","?","?","?","M","R","E","R","T","?","E","$","M","E","R","BOSS"],"items_purchased_type":["Card","Card","Relic","Relic","Relic","Relic","Potion","Relic"],"build_version":"2020-12-13","purchased_purges":2,"victory":true,"max_hp_per_floor":[71,71,71,71,72,80,80,95,95,95,96,96,96,96,96,97,97,98,98,98,99,99,99,100,100,100,100,101,101,102,109,109,110,110,111,111,111,111,112,112,113,113,113,114,115,115,116,117,117,118],"card_choices":[{"not_picked":["alterego_mod:PerceptionDisorder","alterego_mod:HighServant"],"picked":"alterego_mod:Bounce","floor":1},{"not_picked":["alterego_mod:BeGentle","alterego_mod:BustOut"],"picked":"alterego_mod:Bunnysuit","floor":4},{"not_picked":["alterego_mod:Cycle","alterego_mod:MagicResistance"],"picked":"alterego_mod:BiFurious","floor":5},{"not_picked":["alterego_mod:Undulate","alterego_mod:Schoolgirl"],"picked":"alterego_mod:Mirror","floor":6},{"not_picked":["alterego_mod:PresenceConcealment","alterego_mod:Undulate"],"picked":"alterego_mod:SakuraFive","floor":8},{"not_picked":["alterego_mod:GoddessCore","alterego_mod:Belts"],"picked":"alterego_mod:Bounce","floor":11},{"not_picked":["alterego_mod:Vow","alterego_mod:Palingenesis"],"picked":"alterego_mod:SideboobHour","floor":16},{"not_picked":["alterego_mod:Skirt","alterego_mod:DiscoLights+1","alterego_mod:Maid"],"picked":"SKIP","floor":18},{"not_picked":["alterego_mod:DiscoLights+1","alterego_mod:Cooking+1"],"picked":"alterego_mod:Lingerie+1","floor":21},{"not_picked":["alterego_mod:Clones","alterego_mod:BusterCard","alterego_mod:Skirt+1"],"picked":"SKIP","floor":24},{"not_picked":["alterego_mod:Bounce","alterego_mod:Crossover"],"picked":"alterego_mod:Nekomimi","floor":28},{"not_picked":["alterego_mod:SakuraLabyrinth+1","alterego_mod:Clap"],"picked":"alterego_mod:PainIsPleasure","floor":30},{"not_picked":["alterego_mod:SideboobHour","alterego_mod:ClassAdvantage"],"picked":"alterego_mod:Weigh","floor":33},{"not_picked":["alterego_mod:BeGentle","alterego_mod:Birthday"],"picked":"alterego_mod:Belle","floor":35},{"not_picked":["alterego_mod:Cycle+1","alterego_mod:DeftHands+1"],"picked":"alterego_mod:Cooking+1","floor":35},{"not_picked":["alterego_mod:Table+1","alterego_mod:HighServant+1"],"picked":"alterego_mod:Pet+1","floor":39},{"not_picked":["alterego_mod:SakuraPetals+1","alterego_mod:Rip"],"picked":"alterego_mod:Bunnysuit+1","floor":39},{"not_picked":["alterego_mod:Skirt+1","alterego_mod:Weigh"],"picked":"alterego_mod:Mirror+1","floor":41},{"not_picked":["alterego_mod:Clap+1","alterego_mod:Bunnysuit+1"],"picked":"alterego_mod:Birthday+1","floor":44},{"not_picked":["alterego_mod:MagicResistance+1","alterego_mod:Bunnysuit+1"],"picked":"alterego_mod:Cushion+1","floor":45},{"not_picked":["alterego_mod:Punishment+1","alterego_mod:VirginLaserPalladion"],"picked":"alterego_mod:Birthday+1","floor":47},{"not_picked":["alterego_mod:Support","alterego_mod:Punishment"],"picked":"alterego_mod:BiFurious+1","floor":47},{"not_picked":["alterego_mod:Rip","alterego_mod:PerceptionDisorder+1"],"picked":"alterego_mod:Bounce+1","floor":48}],"player_experience":698583,"relics_obtained":[{"floor":6,"key":"DemoMod:MonsterBlood"},{"floor":8,"key":"Mango"},{"floor":9,"key":"Blood Vial"},{"floor":24,"key":"Prayer Wheel"},{"floor":26,"key":"Ancient Tea Set"},{"floor":28,"key":"sagemod:Singing_Vial"},{"floor":29,"key":"DemoMod:JetPack"},{"floor":30,"key":"Replay:Bottled Eggs"},{"floor":41,"key":"Pen Nib"},{"floor":44,"key":"Ice Cream"},{"floor":48,"key":"Replay:Bottled Flurry"}],"event_choices":[{"damage_healed":0,"gold_gain":175,"player_choice":"AGREE","damage_taken":0,"max_hp_gain":0,"max_hp_loss":0,"event_name":"Liars Game","floor":2,"gold_loss":0,"cards_obtained":["Doubt"]},{"cards_removed":["Doubt"],"damage_healed":0,"gold_gain":0,"player_choice":"Offered Curse","damage_taken":0,"relics_obtained":["Spirit Poop"],"max_hp_gain":0,"max_hp_loss":0,"event_name":"Bonfire Elementals","floor":3,"gold_loss":0},{"damage_healed":0,"gold_gain":0,"player_choice":"Ignored","damage_taken":0,"max_hp_gain":0,"max_hp_loss":0,"event_name":"Golden Wing","floor":13,"gold_loss":0},{"damage_healed":0,"gold_gain":0,"player_choice":"Forge","damage_taken":0,"max_hp_gain":0,"max_hp_loss":0,"event_name":"Accursed Blacksmith","floor":14,"gold_loss":0,"cards_upgraded":["alterego_mod:Impale"]},{"damage_healed":0,"gold_gain":0,"player_choice":"Read","damage_taken":0,"max_hp_gain":0,"max_hp_loss":0,"event_name":"The Library","floor":22,"gold_loss":0,"cards_obtained":["alterego_mod:AlterEgo"]},{"damage_healed":0,"gold_gain":0,"player_choice":"Ignored","damage_taken":0,"max_hp_gain":0,"max_hp_loss":0,"event_name":"Ghosts","floor":27,"gold_loss":0},{"damage_healed":0,"gold_gain":999,"player_choice":"Gold","damage_taken":0,"max_hp_gain":0,"max_hp_loss":0,"event_name":"MindBloom","floor":37,"gold_loss":0,"cards_obtained":["Normality","Normality"]},{"damage_healed":0,"gold_gain":0,"player_choice":"Fight","damage_taken":0,"max_hp_gain":0,"max_hp_loss":0,"event_name":"Mysterious Sphere","floor":44,"gold_loss":0}],"is_beta":false,"boss_relics":[{"not_picked":["Tiny House","Replay:Drink Me"],"picked":"Replay:Grab Bag"},{"not_picked":["Painkiller Herb","Ectoplasm"],"picked":"beaked:SacredNecklace"},{"not_picked":["Velvet Choker","ReplayTheSpireMod:Onyx Gauntlets"],"picked":"Cursed Key"},{"not_picked":["Calling Bell","SacredBark"],"picked":"Ring of Chaos"},{"not_picked":["SlaversCollar","Snecko Heart"],"picked":"theSenshi:MoonKaleidoScopeRelic"},{"not_picked":["Replay:Ancient Bell","Replay:Bronze Core"],"picked":"ChewingGum"}],"items_purged_floors":[38,46],"is_endless":false,"potions_floor_spawned":[1,5,11,16,18,24,33,44,45,47],"ascension_level":1}}