{"host":"5jasvlzwxjppxwo9","time":1608490615,"event":{"mods":["AchievementEnabler","BaseMod","Minty Spire (QoL Compilation)","StSLib"],"gold_per_floor":[116,127,140,20,20,54,54,67,94,94,110,110,110,125,125,220,220,240,67,77,87,87,87,119,119,119,119,119,151,25,25,25,127,127,147,165,165,165,176,176,176,176],"floor_reached":41,"playtime":3797,"items_purged":["Defend_B","Defend_B"],"score":450,"play_id":"13437091-9687-4e26-9803-63775ce15c13","local_time":"20201220185655","is_ascension_mode":true,"campfire_choices":[{"floor":12,"key":"REST"},{"data":"Streamline","floor":15,"key":"SMITH"},{"floor":23,"key":"REST"},{"floor":25,"key":"REST"},{"data":"Conserve Battery","floor":28,"key":"SMITH"},{"floor":32,"key":"REST"},{"floor":40,"key":"REST"}],"circlet_count":0,"master_deck":["Strike_B","Strike_B","Strike_B","Strike_B","Defend_B+1","Defend_B+1","Zap","Dualcast","Ball Lightning","Sweeping Beam","Gash","Conserve Battery+1","Leap","Leap","Streamline+1","All For One","Static Discharge+1","Self Repair+1","Coolheaded","Turbo","RitualDagger","Gash+1","Melter","Thunder Strike","Auto Shields+1","Madness","Madness","Gash+1"],"relics":["Cracked Core","Anchor","Happy Flower","Potion Belt","Frozen Egg 2","Busted Crown","Tiny Chest","Kunai","DataDisk","Juzu Bracelet","Black Star","Symbiotic Virus"],"acts_visited":["TheCity","TheBeyond"],"potions_floor_usage":[24,29,29,29,29,33,39,41],"damage_taken":[{"damage":5,"enemies":"Jaw Worm","floor":1,"turns":4},{"damage":0,"enemies":"2 Louse","floor":2,"turns":2},{"damage":1,"enemies":"Cultist","floor":3,"turns":3},{"damage":14,"enemies":"Lagavulin","floor":6,"turns":5},{"damage":0,"enemies":"3 Louse","floor":8,"turns":3},{"damage":0,"enemies":"Large Slime","floor":11,"turns":5},{"damage":0,"enemies":"Gremlin Gang","floor":14,"turns":3},{"damage":18,"enemies":"Slime Boss","floor":16,"turns":8},{"damage":5,"enemies":"2 Thieves","floor":18,"turns":4},{"damage":15,"enemies":"Shell Parasite","floor":20,"turns":4},{"damage":30,"enemies":"Shelled Parasite and Fungi","floor":21,"turns":5},{"damage":28,"enemies":"Book of Stabbing","floor":24,"turns":4},{"damage":26,"enemies":"Slavers","floor":29,"turns":5},{"damage":70,"enemies":"Automaton","floor":33,"turns":9},{"damage":21,"enemies":"3 Shapes","floor":35,"turns":4},{"damage":35,"enemies":"3 Darklings","floor":36,"turns":5},{"damage":28,"enemies":"Transient","floor":39,"turns":5},{"damage":41,"enemies":"Nemesis","floor":41,"turns":5}],"seed_played":"-396401350770521276","potions_obtained":[{"floor":6,"key":"GamblersBrew"},{"floor":11,"key":"AttackPotion"},{"floor":16,"key":"LiquidMemories"},{"floor":20,"key":"LiquidBronze"},{"floor":24,"key":"Fruit Juice"},{"floor":29,"key":"PowerPotion"},{"floor":35,"key":"Dexterity Potion"},{"floor":39,"key":"SteroidPotion"}],"is_trial":false,"path_per_floor":["M","M","M","$","?","E","$","M","T","?","M","R","T","M","R","B",null,"M","$","M","M","$","R","E","R","T","?","R","E","$","?","R","B",null,"M","M","?","T","M","R","E"],"character_chosen":"DEFECT","items_purchased":["Conserve Battery","Self Repair+1","Melter","SkillPotion"],"campfire_rested":5,"item_purchase_floors":[4,19,30,30],"current_hp_per_floor":[70,70,69,69,69,55,55,55,55,40,40,62,62,62,62,44,75,70,70,65,45,45,67,49,71,71,65,65,54,54,54,78,18,80,69,44,34,34,16,40,0,0],"gold":176,"neow_bonus":"RANDOM_COMMON_RELIC","is_daily":false,"chose_seed":false,"campfire_upgraded":2,"win_rate":0.0,"timestamp":1608490615,"path_taken":["M","M","M","$","?","E","$","M","T","?","M","R","?","M","R","BOSS","M","$","M","?","$","R","E","R","T","?","R","E","$","?","R","BOSS","M","M","?","?","M","R","E"],"items_purchased_type":["Card","Card","Card","Potion"],"build_version":"2020-12-13","purchased_purges":2,"victory":false,"max_hp_per_floor":[75,75,75,75,75,75,75,75,75,75,75,75,75,75,75,75,75,75,75,75,75,75,75,75,75,75,75,75,80,80,80,80,80,80,80,80,80,80,80,80,80,80],"card_choices":[{"not_picked":["Hologram","Cold Snap"],"picked":"Ball Lightning","floor":1},{"not_picked":["Redo","Steam"],"picked":"Sweeping Beam","floor":2},{"not_picked":["Rebound","Turbo"],"picked":"Gash","floor":3},{"not_picked":["Conserve Battery","Sweeping Beam"],"picked":"Leap","floor":6},{"not_picked":["Coolheaded","Ball Lightning"],"picked":"Leap","floor":8},{"not_picked":["Sweeping Beam","Fission","Coolheaded"],"picked":"SKIP","floor":11},{"not_picked":["Barrage","Ball Lightning"],"picked":"Streamline","floor":14},{"not_picked":["Machine Learning+1","Fission"],"picked":"All For One","floor":16},{"not_picked":[],"picked":"Static Discharge+1","floor":18},{"not_picked":[],"picked":"Coolheaded","floor":20},{"not_picked":[],"picked":"Turbo","floor":21},{"not_picked":["Capacitor+1"],"picked":"SKIP","floor":24},{"not_picked":[],"picked":"Gash+1","floor":29},{"not_picked":[],"picked":"Thunder Strike","floor":33},{"not_picked":["Beam Cell"],"picked":"SKIP","floor":35},{"not_picked":[],"picked":"Auto Shields+1","floor":36},{"not_picked":[],"picked":"Gash+1","floor":39}],"player_experience":201906,"relics_obtained":[{"floor":6,"key":"Happy Flower"},{"floor":9,"key":"Potion Belt"},{"floor":13,"key":"Frozen Egg 2"},{"floor":24,"key":"Tiny Chest"},{"floor":26,"key":"Kunai"},{"floor":29,"key":"DataDisk"},{"floor":38,"key":"Symbiotic Virus"}],"event_choices":[{"damage_healed":0,"gold_gain":0,"player_choice":"Ignored","damage_taken":0,"max_hp_gain":0,"max_hp_loss":0,"event_name":"Liars Game","floor":5,"gold_loss":0},{"damage_healed":0,"gold_gain":0,"player_choice":"Entered Light","damage_taken":15,"max_hp_gain":0,"max_hp_loss":0,"event_name":"Shining Light","floor":10,"gold_loss":0,"cards_upgraded":["Defend_B","Defend_B"]},{"damage_healed":0,"gold_gain":0,"player_choice":"Joined the Cult","damage_taken":6,"max_hp_gain":0,"max_hp_loss":0,"event_name":"Nest","floor":27,"gold_loss":0,"cards_obtained":["RitualDagger"]},{"damage_healed":0,"gold_gain":0,"player_choice":"Gave Potion","damage_taken":0,"relics_obtained":["Juzu Bracelet"],"max_hp_gain":0,"max_hp_loss":0,"event_name":"WeMeetAgain","floor":31,"gold_loss":0},{"damage_healed":0,"gold_gain":0,"player_choice":"Embrace Madness","damage_taken":10,"max_hp_gain":0,"max_hp_loss":0,"event_name":"Winding Halls","floor":37,"gold_loss":0,"cards_obtained":["Madness","Madness"]}],"is_beta":false,"boss_relics":[{"not_picked":["Runic Pyramid","Runic Dome"],"picked":"Busted Crown"},{"not_picked":["SlaversCollar","Velvet Choker"],"picked":"Black Star"}],"items_purged_floors":[4,19],"is_endless":false,"potions_floor_spawned":[6,11,16,20,24,29,35,39],"killed_by":"Nemesis","ascension_level":1}}