{"host":"n4oa921u88t6jog9","time":1608434842,"event":{"mods":["AchievementEnabler","BaseMod","DeckTracker","Keyboard Shortcuts","Minty Spire (QoL Compilation)","Quick Restart","StSLib","SuperFastMode"],"gold_per_floor":[109,109,128,26,26,56,67,99,124,139,169,169,187,201,201,278,278,295,277,50,50,66,66,66,116,116,116,116],"floor_reached":27,"playtime":1080,"items_purged":["Strike_G"],"score":434,"play_id":"a2aadd76-555d-4d33-baa9-08675ffdf9aa","local_time":"20201220122722","is_ascension_mode":true,"campfire_choices":[{"data":"Well Laid Plans","floor":12,"key":"SMITH"},{"data":"Acrobatics","floor":15,"key":"SMITH"},{"data":"Tactician","floor":23,"key":"SMITH"}],"circlet_count":0,"master_deck":["AscendersBane","Strike_G","Defend_G","Defend_G","Defend_G","Defend_G","Defend_G","Survivor","Neutralize+1","Deadly Poison","Well Laid Plans+1","Acrobatics+1","Tactician+1","Reflex","Flechettes","Prepared","Blur","Concentrate","Cloak And Dagger","Poisoned Stab","Burst","Deadly Poison+1","PiercingWail","Envenom","Backflip"],"relics":["Ring of the Snake","NeowsBlessing","Strawberry","Snake Skull","Vajra","Odd Mushroom","Coffee Dripper","Medical Kit","Peace Pipe"],"acts_visited":["Exordium","TheCity"],"potions_floor_usage":[11,16,16,27],"damage_taken":[{"damage":0.0,"enemies":"Cultist","floor":1.0,"turns":1.0},{"damage":0.0,"enemies":"Jaw Worm","floor":3.0,"turns":1.0},{"damage":0.0,"enemies":"3 Sentries","floor":6.0,"turns":1.0},{"damage":6.0,"enemies":"2 Louse","floor":7.0,"turns":4.0},{"damage":12.0,"enemies":"Gremlin Nob","floor":8.0,"turns":4.0},{"damage":6.0,"enemies":"Exordium Wildlife","floor":10.0,"turns":6.0},{"damage":6,"enemies":"The Mushroom Lair","floor":11,"turns":4},{"damage":8,"enemies":"Looter","floor":13,"turns":3},{"damage":1,"enemies":"Red Slaver","floor":14,"turns":5},{"damage":23,"enemies":"Slime Boss","floor":16,"turns":10},{"damage":27,"enemies":"Spheric Guardian","floor":18,"turns":6},{"damage":23,"enemies":"2 Thieves","floor":19,"turns":4},{"damage":4,"enemies":"Shelled Parasite and Fungi","floor":22,"turns":5},{"damage":0,"enemies":"Snake Plant","floor":27,"turns":3}],"seed_played":"-2939974702898825284","potions_obtained":[{"floor":1.0,"key":"EssenceOfSteel"},{"floor":7.0,"key":"Strength Potion"},{"floor":10.0,"key":"PowerPotion"},{"floor":13,"key":"CultistPotion"},{"floor":14,"key":"GamblersBrew"},{"floor":19,"key":"LiquidMemories"},{"floor":22,"key":"FearPotion"}],"is_trial":false,"path_per_floor":["M","?","M","$","?","E","M","E","T","M","?","R","M","M","R","B",null,"M","M","$","?","M","R","$","?","T","M"],"character_chosen":"THE_SILENT","items_purchased":[],"campfire_rested":0,"item_purchase_floors":[],"current_hp_per_floor":[],"gold":116,"neow_bonus":"THREE_ENEMY_KILL","is_daily":false,"chose_seed":false,"campfire_upgraded":3,"win_rate":0.0,"timestamp":1608434842,"path_taken":[],"items_purchased_type":["Card","Card","Relic"],"build_version":"2020-12-13","purchased_purges":1,"victory":false,"max_hp_per_floor":[],"card_choices":[],"player_experience":356460,"relics_obtained":[],"event_choices":[],"is_beta":false,"boss_relics":[],"items_purged_floors":[],"is_endless":false,"potions_floor_spawned":[],"killed_by":"Snake Plant","ascension_level":15}}