{"host":"j0xplkvqphkjqyt2","time":1608431916,"event":{"mods":["ATMod(阿瑾Mod)","Act Like it!","BaseMod","Library of Ruina","Library of Ruina Extra","Lobotomy","LobotomyExtend","Minty Spire (QoL Compilation)","MostiFishMod","Replay The Spire","RumiaBox-露米娅的神秘盒子","Spicy Shops","StSLib","TestMod","Waifu the Spire","【遗物卡牌】REMEMod"],"gold_per_floor":[114,114,133,58,71,102,102,119,168,168,168,186,221,42,42,137,137,147,147,62,161,177,206,206,219,245,245,67,88,30,61,61,161,161,176,186,11,32,50,50,85,85,85,91,105,505,538,450,450,256,256,256,256,11,40,74],"floor_reached":57,"playtime":1430,"items_purged":["LightAttack","LightDefense","Regret","LightAttack","LightAttack"],"score":2088,"play_id":"7e7f53b1-46c9-41b7-aa70-cc122db026e1","local_time":"20201220103836","is_ascension_mode":true,"campfire_choices":[{"data":"AT_FamilyPortrait","floor":7,"key":"SMITH"},{"data":"SkyClearingCut","floor":15,"key":"SMITH"},{"data":"LeRegole","floor":24,"key":"SMITH"},{"data":"UncannyStrike","floor":32,"key":"SMITH"},{"floor":40,"key":"RECALL"},{"data":"ForTheFamily","floor":49,"key":"SMITH"},{"data":"AGoldenOpportunity","floor":53,"key":"SMITH"}],"circlet_count":0,"master_deck":["Dodge","LightDefense","LightDefense","ChargeAndCover","FocusedStrikes","AT_FamilyPortrait+1","MostiFishMod:NewArrival","Multislash+1","SkyClearingCut+1","LeRegole+1","AGoldenOpportunity+1","BlazingStrike","Deflect_lor+1","SturdyDefense+1","RatsGuideToSurvival+1","Deflect_lor","GoinFirst+1","UncannyStrike+1","Reload+1","SmokingPipe+1","DefenseOrder+1","ForTheFamily+1","FlashingStrike+1","FleetEdge+1","ReplayTheSpireMod:IOU","ReplayTheSpireMod:IOU","ReplayTheSpireMod:IOU","ReplayTheSpireMod:IOU","MostiFishMod:Kaleido+1","TendonChords+1"],"relics":["PageOfLibrarian","DaveBox","REME_ComplimentaryCards","AT_ATBox","Civilization","testmod-Nyarlathotep","Baka","Question Card","LetterFromLob","Replay:Ringing Soul","AT_RedTearstoneRing","ArrowTower","ImportantClient","Painkiller Herb","testmod-Acrobat","Letter Opener","AT_BellDemon","AT_RedNoBalance","Pocketwatch","Blue Doll","Ancient Tea Set","AT_TimeSand","SlaversCollar","Gremlin Food","Regal Pillow","BargainBundle","Bronze Scales","ReplayTheSpireMod:Lightbulb","Bottled Lightning","PageOfSpiderBud","PageOfSnowWhitesApple","Replay:Wax Seal","AT_BellowingDragoncrestRing","Kunai","AT_SilvercatRing","Frozen Egg 2","Anchor","PageOfSingingMachine","Technique","AT_MibuBalloonWealth","Shuriken"],"acts_visited":["Exordium","TheCity","TheBeyond","TheEnding"],"potions_floor_usage":[6,6,56],"damage_taken":[{"damage":10.0,"enemies":"Small Slimes","floor":1.0,"turns":4.0},{"damage":23.0,"enemies":"2 Louse","floor":3.0,"turns":3.0},{"damage":0.0,"enemies":"Cultist","floor":5.0,"turns":2.0},{"damage":0,"enemies":"Lagavulin","floor":6,"turns":3},{"damage":9,"enemies":"Exordium Wildlife","floor":8,"turns":2},{"damage":6,"enemies":"Large Slime","floor":12,"turns":3},{"damage":5,"enemies":"3 Sentries","floor":13,"turns":4},{"damage":1,"enemies":"Slime Boss","floor":16,"turns":5},{"damage":0,"enemies":"Shell Parasite","floor":18,"turns":2},{"damage":0,"enemies":"Spheric Guardian","floor":22,"turns":2},{"damage":0,"enemies":"Replay:Snechameleon","floor":23,"turns":3},{"damage":0,"enemies":"Centurion and Healer","floor":25,"turns":2},{"damage":0,"enemies":"Chosen and Byrds","floor":29,"turns":1},{"damage":0,"enemies":"REME_1_Revenger","floor":31,"turns":2},{"damage":0,"enemies":"Collector","floor":33,"turns":2},{"damage":0,"enemies":"3 Shapes","floor":35,"turns":2},{"damage":0,"enemies":"Orb Walker","floor":36,"turns":1},{"damage":0,"enemies":"Jaw Worm Horde","floor":38,"turns":2},{"damage":8,"enemies":"4 Shapes","floor":39,"turns":1},{"damage":16,"enemies":"R_Hoarder","floor":41,"turns":2},{"damage":1,"enemies":"3 Darklings","floor":45,"turns":2},{"damage":0,"enemies":"Reptomancer","floor":47,"turns":1},{"damage":0,"enemies":"Maw","floor":48,"turns":1},{"damage":1,"enemies":"Awakened One","floor":50,"turns":2},{"damage":0,"enemies":"Shield and Spear","floor":55,"turns":1},{"damage":17,"enemies":"The Heart","floor":56,"turns":3}],"seed_played":"-5624656176074438059","potions_obtained":[{"floor":3.0,"key":"EssenceOfSteel"},{"floor":5.0,"key":"Reflective Coating"},{"floor":8,"key":"SmokeBomb"},{"floor":16,"key":"DuplicationPotion"}],"is_trial":false,"path_per_floor":["M","?","M","$","M","E","R","M","T","?","?","M","E","$","R","B",null,"?","?","?","?","?","E","T","?","T","?","T","?","T","E","T","B",null,"?","?","T","?","?","T","E","?","T","T","?","?","E","?","T","B",null,null,"T","T","E","B",null],"character_chosen":"Librarian","items_purchased":["ArrowTower","AT_SilverBalance","Pocketwatch","BargainBundle","ForTheFamily","DuplicationPotion","Replay:Wax Seal","AT_BellowingDragoncrestRing","MostiFishMod:Kaleido","PageOfSingingMachine","Technique"],"campfire_rested":0,"item_purchase_floors":[14,28,30,37,37,37,44,44,44,54,54],"current_hp_per_floor":[26,31,12,12,17,26,26,28,28,28,28,36,57,57,57,92,109,125,128,128,128,148,169,169,192,192,192,195,124,124,150,150,174,251,281,312,315,349,376,376,399,399,399,402,446,446,491,540,540,593,593,639,639,639,692,729],"gold":74,"neow_bonus":"THREE_CARDS","is_daily":false,"chose_seed":false,"campfire_upgraded":6,"win_rate":0.0,"timestamp":1608431916,"path_taken":["M","?","M","$","M","E","R","M","T","?","?","?","E","$","R","BOSS","?","?","?","?","?","E","T","?","T","?","T","?","T","E","T","BOSS","?","?","T","?","?","T","E","?","T","T","?","?","E","?","T","BOSS","T","T","E","BOSS"],"items_purchased_type":["Relic","Relic","Relic","Relic","Card","Potion","Relic","Relic","Card","Relic","Relic"],"build_version":"2020-12-13","purchased_purges":5,"victory":true,"max_hp_per_floor":[31,36,50,50,55,64,64,75,75,75,75,91,106,106,106,115,115,131,134,134,134,157,178,178,201,201,201,204,226,226,252,252,276,276,322,353,356,390,425,425,464,464,464,467,509,509,554,603,603,654,654,654,654,654,707,761],"card_choices":[{"not_picked":["DevastatingThrash","BackAttack"],"picked":"Multislash","floor":0.0},{"not_picked":["ForcefulGesture","InkOver","SpearedSweep","NightInTheBackstreets","GuardingStance","Rampage_lor","HiddenBlade","HandleRequest"],"picked":"SkyClearingCut","floor":1.0},{"not_picked":["Parry","Outburst","Guardian_lor","ClassAndRespect","AutonomousRush","Leap_lor","Faith","DarkCloud","ProselytesBlade"],"picked":"LeRegole","floor":3.0},{"not_picked":["SomberProcuration","FeatherShield","Brawl","GutHarvesting","UpbeatPerformance","QuickAttack","BizarreAttack","MindPrepared","FleetEdge"],"picked":"AGoldenOpportunity","floor":5.0},{"not_picked":["SpearedSweep","DeepDrag","Standoff","SunsetBlade","DriedUp","DesperateStruggle","FaintMemories","Eradication","EnergyCycle"],"picked":"BlazingStrike","floor":6},{"not_picked":["Thrust","Standoff","LawAndOrder","TendonChords","ClassAndRespect","GuidanceOfTheGears","MultiHit","KeepItFresh","Parry"],"picked":"Deflect_lor","floor":8},{"not_picked":["Unlock1","Outburst","Decapitation","DefenseOrder","HandleRequest","CutIn","StartinOutLightly","EndlessBattle","Thrust"],"picked":"SturdyDefense","floor":12},{"not_picked":["Deflect_lor","PreemptiveStrike","Track","Preparation","UnforgettableMelody","HighSpeedStabbing","Outburst","Leap_lor","DefenseOrder"],"picked":"RatsGuideToSurvival","floor":13},{"not_picked":["ChargeUp","Castigation","RepressedFlesh"],"picked":"Deflect_lor","floor":16},{"not_picked":["HandlingWork","Reload","ScatteringSlash","Parry","HandleRequest","KeepItFresh+1","GuardingStance","Gigigig","RulesOfTheBackstreets","DefenseOrder"],"picked":"SKIP","floor":18},{"not_picked":["PreemptiveStrike","ClassAndRespect","Standoff","HighKick","SmokingPipe","FierceCharge","Multislash","Decapitation","FleetFootsteps"],"picked":"UncannyStrike","floor":22},{"not_picked":["SweepTheBackstreets","MultiHit","Slice_lor","SpearedSweep","MultiBlock+1","Reload","StrongStrike+1","SmokingPipe","RushDown"],"picked":"FlashingStrike","floor":23},{"not_picked":["HandleRequest","TendonChords","EndlessBattle","CleanUp","DirtyBlow","Bvapour+1","TrimTheIngredients","Diversion","AutonomousRush+1"],"picked":"Reload+1","floor":25},{"not_picked":["FleetFootsteps","ToWhereThePrescriptPoints","MultiHit","SmokingPipe","MultiBlock","KeepItFresh","UnavoidableGaze","Struggle","IronWall","ClassAndRespect"],"picked":"SKIP","floor":29},{"not_picked":["Unlock1","Leap_lor","HiddenBlade","AbsorbImpact+1","FocusFire","CleanUp","QuickAttack","Rewind","SetFire"],"picked":"Reload+1","floor":31},{"not_picked":["FleetFootsteps+1","Outburst+1","SummaryJudgment","QuickAttack","Bvapour","WillBeTasty+1","SenseQuarry","NightInTheBackstreets+1","FrontalAssault+1"],"picked":"SmokingPipe+1","floor":35},{"not_picked":["Crush+1","Pound","SharpSwipe+1","Thrust","NonstopAssault+1","Multislash","FaintMemories","DarkCloud+1","Juggling+1"],"picked":"DefenseOrder+1","floor":36},{"not_picked":["TendonChords+1","Punishment","FeelinGood+1","UpbeatPerformance","GuidanceOfTheGears","ClassAndRespect+1","PreemptiveStrike+1","Wallop_lor","WrathOfTorment+1"],"picked":"FlashingStrike+1","floor":38},{"not_picked":["FleshFillet","Reload","MindPrepared+1","DefenseOrder","Rewind","SweepTheBackstreets+1","AbsorbImpact","Faith+1","StrongStrike","Mutilate"],"picked":"SKIP","floor":39},{"not_picked":["HeavyPeaks","GuidanceOfTheGears+1","BackstreetsDash+1","Bvapour+1","UnavoidableGaze+1","Guardian_lor+1","NightInTheBackstreets+1","NonstopAssault+1","Faith"],"picked":"FleetEdge+1","floor":41},{"not_picked":["Thrust+1","MultiHit+1","BizarreAttack","DevastatingThrash+1","BindingChains+1","Pound+1","PreemptiveStrike+1","GaleKick","Wallop_lor","ShockRound"],"picked":"SKIP","floor":45},{"not_picked":["HandleRequest+1","StayCalm","HiddenBlade+1","HardRehearsal","Ripple","Pound+1","KeepItFresh+1","SmokingPipe","Deflect_lor","IronWall"],"picked":"SKIP","floor":47},{"not_picked":["EnergyShield","EnergyBeam","TheRedNotes+1","ExtremeEdge+1","DesperateStruggle+1","WrathOfTorment+1","BackAttack","Guardian_lor","UpbeatPerformance"],"picked":"TendonChords+1","floor":48},{"not_picked":["WillOfThePrescript","Reload+1","SpearedSweep","EnergyCycle+1","GuidanceOfTheGears+1","SenseQuarry","GuardingStance+1","IronWall+1","RulesOfTheBackstreets","FleetEdge+1"],"picked":"SKIP","floor":55}],"player_experience":108807,"relics_obtained":[{"floor":1.0,"key":"Baka"},{"floor":1.0,"key":"Question Card"},{"floor":1.0,"key":"LetterFromLob"},{"floor":6,"key":"Replay:Ringing Soul"},{"floor":13,"key":"AT_RedTearstoneRing"},{"floor":16,"key":"ImportantClient"},{"floor":23,"key":"Letter Opener"},{"floor":26,"key":"AT_BellDemon"},{"floor":31,"key":"Blue Doll"},{"floor":31,"key":"Ancient Tea Set"},{"floor":33,"key":"AT_TimeSand"},{"floor":35,"key":"Gremlin Food"},{"floor":36,"key":"Regal Pillow"},{"floor":38,"key":"Bronze Scales"},{"floor":39,"key":"ReplayTheSpireMod:Lightbulb"},{"floor":41,"key":"Bottled Lightning"},{"floor":41,"key":"PageOfSpiderBud"},{"floor":43,"key":"PageOfSnowWhitesApple"},{"floor":45,"key":"Kunai"},{"floor":47,"key":"AT_SilvercatRing"},{"floor":47,"key":"Frozen Egg 2"},{"floor":48,"key":"Anchor"},{"floor":55,"key":"AT_MibuBalloonWealth"},{"floor":55,"key":"Shuriken"}],"event_choices":[{"damage_healed":0.0,"max_hp_gain":5.0,"max_hp_loss":0.0,"gold_gain":0.0,"event_name":"Big Fish","player_choice":"Donut","floor":2.0,"gold_loss":0.0,"damage_taken":0.0},{"damage_healed":0,"gold_gain":0,"player_choice":"Forge","damage_taken":0,"max_hp_gain":0,"max_hp_loss":0,"event_name":"Accursed Blacksmith","floor":11,"gold_loss":0,"cards_upgraded":["Deflect_lor"]},{"damage_healed":0,"gold_gain":0,"player_choice":"Read","damage_taken":0,"max_hp_gain":0,"max_hp_loss":0,"event_name":"The Library","floor":19,"gold_loss":0,"cards_obtained":["GoinFirst"]},{"damage_healed":0,"gold_gain":0,"player_choice":"Obtained Relic","damage_taken":0,"relics_obtained":["testmod-Acrobat"],"max_hp_gain":0,"max_hp_loss":0,"event_name":"Addict","floor":20,"gold_loss":85},{"damage_healed":0,"gold_gain":99,"player_choice":"Stole From Cult","damage_taken":0,"max_hp_gain":0,"max_hp_loss":0,"event_name":"Nest","floor":21,"gold_loss":0},{"cards_removed":["LightDefense"],"damage_healed":0,"gold_gain":0,"player_choice":"Removed Skill","damage_taken":0,"max_hp_gain":0,"max_hp_loss":0,"event_name":"Falling","floor":42,"gold_loss":0},{"damage_healed":0,"gold_gain":400,"player_choice":"Sell","damage_taken":0,"max_hp_gain":0,"max_hp_loss":0,"event_name":"恩洛斯的盘子","floor":46,"relics_lost":["testmod-TestBox"],"gold_loss":0}],"is_beta":false,"boss_relics":[{"not_picked":["SynthV:MejaisSoulstealer","Coffee Dripper"],"picked":"Painkiller Herb"},{"not_picked":["testmod-StringDisintegrator","GuanYuAspect"],"picked":"SlaversCollar"}],"items_purged_floors":[4,14,28,37,37],"is_endless":false,"potions_floor_spawned":[3,5,8,16,22,38,48],"ascension_level":5}}