{"host":"eq1m0q9u0q68wvol","time":1608434412,"event":{"mods":["Act Like it!","BaseMod","Colored Powertips","Gensokyo","Marisa（霧雨　魔理沙）","Minty Spire (QoL Compilation)","StSLib","The Servant 0.9.4","[IsaacMod]以撒尖塔"],"gold_per_floor":[119,132,132,147,147,176,176,186,212,212,212,225,243,256,256,256,256],"floor_reached":16,"playtime":818,"items_purged":[],"score":104,"play_id":"a780f5be-bc72-41a5-b986-1ebfccf5c19b","local_time":"20201220112012","is_ascension_mode":false,"campfire_choices":[{"data":"Eruption","floor":10,"key":"SMITH"},{"data":"Vigilance","floor":15,"key":"SMITH"}],"circlet_count":0,"master_deck":["Strike_P","Strike_P","Strike_P","Strike_P","Defend_P","Defend_P","Defend_P","Defend_P","Eruption+1","Vigilance+1","EpicFetus","Nirvana"],"relics":["PureWater","HushsDoor","Damocles","Lantern","Nunchaku","Damaru","PillsDrop","Unceasing Top","Potion Belt","PreservedInsect","PunchingBag","TungstenRod","Bronze Scales","Torii"],"acts_visited":["Exordium"],"potions_floor_usage":[2,4,16],"damage_taken":[{"damage":7,"enemies":"Small Slimes","floor":1,"turns":4},{"damage":0,"enemies":"2 Louse","floor":2,"turns":1},{"damage":1,"enemies":"Jaw Worm","floor":4,"turns":5},{"damage":31,"enemies":"Gremlin Nob","floor":6,"turns":3},{"damage":0,"enemies":"Red Slaver","floor":8,"turns":1},{"damage":0,"enemies":"Large Slime","floor":12,"turns":2},{"damage":0,"enemies":"2 Fungi Beasts","floor":13,"turns":4},{"damage":0,"enemies":"Blue Slaver","floor":14,"turns":2},{"damage":2,"enemies":"The Guardian","floor":16,"turns":7}],"seed_played":"4250033192803819366","potions_obtained":[{"floor":1,"key":"ColorlessPotion"},{"floor":2,"key":"Swift Potion"},{"floor":12,"key":"GamblersBrew"},{"floor":14,"key":"CultistPotion"}],"is_trial":false,"path_per_floor":["M","M","?","M","?","E","?","M","T","R","T","M","M","M","R","B"],"character_chosen":"WATCHER","items_purchased":[],"campfire_rested":0,"item_purchase_floors":[],"current_hp_per_floor":[72,72,72,71,71,40,40,40,40,40,40,40,40,40,40,0,0],"gold":256,"neow_bonus":"TEN_PERCENT_HP_BONUS","is_daily":false,"chose_seed":false,"campfire_upgraded":2,"win_rate":0.0,"timestamp":1608434412,"path_taken":["M","M","?","?","?","E","?","M","T","R","?","M","M","M","R","BOSS"],"items_purchased_type":[],"build_version":"2020-12-13","purchased_purges":0,"victory":false,"max_hp_per_floor":[79,79,79,79,79,79,79,79,79,79,79,79,79,79,79,79,79],"card_choices":[{"not_picked":[],"picked":"EpicFetus","floor":0},{"not_picked":["BowlingBash","FlurryOfBlows","SashWhip"],"picked":"SKIP","floor":1},{"not_picked":["BattleHymn","CarveReality"],"picked":"Nirvana","floor":2},{"not_picked":["Establishment","BowlingBash","CrushJoints"],"picked":"SKIP","floor":4},{"not_picked":["FollowUp","SignatureMove"],"picked":"Bomb","floor":6},{"not_picked":["DeceiveReality","ForeignInfluence","Halt"],"picked":"SKIP","floor":8},{"not_picked":["BowlingBash","Nirvana","LikeWater"],"picked":"SKIP","floor":12},{"not_picked":["WindmillStrike","SandsOfTime","EmptyBody"],"picked":"SKIP","floor":13},{"not_picked":["ThirdEye","Collect","Tantrum"],"picked":"SKIP","floor":14}],"player_experience":304476,"relics_obtained":[{"floor":1,"key":"Lantern"},{"floor":2,"key":"Nunchaku"},{"floor":4,"key":"Damaru"},{"floor":6,"key":"PillsDrop"},{"floor":6,"key":"Unceasing Top"},{"floor":8,"key":"Potion Belt"},{"floor":9,"key":"PreservedInsect"},{"floor":11,"key":"PunchingBag"},{"floor":12,"key":"TungstenRod"},{"floor":13,"key":"Bronze Scales"},{"floor":14,"key":"Torii"}],"event_choices":[{"damage_healed":0,"gold_gain":0,"player_choice":"Ignored","damage_taken":0,"max_hp_gain":0,"max_hp_loss":0,"event_name":"Golden Wing","floor":3,"gold_loss":0},{"damage_healed":0,"gold_gain":0,"player_choice":"Leave","damage_taken":0,"max_hp_gain":0,"max_hp_loss":0,"event_name":"The Cleric","floor":5,"gold_loss":0},{"damage_healed":0,"gold_gain":0,"player_choice":"Ignored","damage_taken":0,"max_hp_gain":0,"max_hp_loss":0,"event_name":"Golden Idol","floor":7,"gold_loss":0}],"is_beta":false,"boss_relics":[],"items_purged_floors":[],"is_endless":false,"potions_floor_spawned":[1,2,12,14],"killed_by":"The Guardian","ascension_level":0}}