{"host":"ix2a18c4ohfsrslv","time":1608437205,"event":{"mods":["BaseMod","Better Third Choice","Challenge The Spire","Downfall","Marisa????????","Minty Spire (QoL Compilation)","Replay The Spire","StSLib","The Blue Laboratory"],"gold_per_floor":[119,119,95,106,26,52,86,86,86,117,117,131,131,144,144,240,240,259,50,50,69,69,97,97,110,164,164,176,101,101,115,115,217,217,233,283,293,78,98,117,130,130,130,187,197,197,252,269,269,269,269],"floor_reached":50,"playtime":6724,"items_purged":["Defend_R","Strike_R"],"score":532,"play_id":"9eda6a18-3ef9-4e1a-ad4b-eab7cf950aa4","local_time":"20201219200645","is_ascension_mode":false,"campfire_choices":[{"data":"Feel No Pain","floor":8,"key":"SMITH"},{"data":"True Grit","floor":11,"key":"SMITH"},{"data":"ReplayTheSpireMod:Strike From Hell","floor":13,"key":"SMITH"},{"data":"True Grit","floor":15,"key":"SMITH"},{"data":"True Grit","floor":24,"key":"SMITH"},{"floor":27,"key":"REST"},{"data":"Inflame","floor":30,"key":"SMITH"},{"data":"Clash","floor":32,"key":"SMITH"},{"data":"Finesse","floor":42,"key":"SMITH"},{"data":"Reckless Charge","floor":46,"key":"SMITH"},{"data":"Feel No Pain","floor":49,"key":"SMITH"}],"circlet_count":0,"master_deck":["Strike_R","Strike_R","Strike_R","Strike_R","Bash+1","Sword Boomerang","True Grit+1","Thunderclap","Feel No Pain+1","True Grit+1","True Grit+1","Inflame+1","ReplayTheSpireMod:Strike From Hell+1","Reaper","True Grit+1","Finesse+1","Reckless Charge+1","Clash+1","Feel No Pain+1","Dark Embrace+1","Disarm+1"],"relics":["Black Blood","NeowsBlessing","WingedGreaves","Mirror","Gambling Chip","ReplayTheSpireMod:Ninjato","Empty Cage","BargainBundle","Shuriken","Nunchaku","Replay:Rubber Ducky","Charon\u0027s Ashes","Gremlin Horn","ReplayTheSpireMod:Shallot","CatCart"],"acts_visited":["Exordium","TheCity","TheBeyond"],"potions_floor_usage":[10,16,16,23,23,23,25,33,33,39,40,47,47,50,50,50],"damage_taken":[{"damage":0,"enemies":"Small Slimes","floor":1,"turns":1},{"damage":0,"enemies":"Cultist","floor":4,"turns":1},{"damage":0,"enemies":"Gremlin Nob","floor":6,"turns":1},{"damage":16,"enemies":"Replay:BlueRogue","floor":7,"turns":8},{"damage":33,"enemies":"Gremlin Nob","floor":10,"turns":6},{"damage":0,"enemies":"2 Louse","floor":12,"turns":4},{"damage":5,"enemies":"Blue Slaver","floor":14,"turns":5},{"damage":33,"enemies":"Slime Boss","floor":16,"turns":12},{"damage":37,"enemies":"Spheric Guardian","floor":18,"turns":6},{"damage":10,"enemies":"Chosen","floor":21,"turns":4},{"damage":36,"enemies":"Gremlin Leader","floor":23,"turns":6},{"damage":15,"enemies":"Shelled Parasite and Fungi","floor":25,"turns":6},{"damage":19,"enemies":"Snecko","floor":28,"turns":5},{"damage":0,"enemies":"Cultist and Chosen","floor":31,"turns":6},{"damage":36,"enemies":"Collector","floor":33,"turns":9},{"damage":12,"enemies":"3 Darklings","floor":35,"turns":5},{"damage":13,"enemies":"Mind Bloom Boss Battle","floor":36,"turns":8},{"damage":10,"enemies":"3 Shapes","floor":37,"turns":4},{"damage":0,"enemies":"Maw","floor":39,"turns":7},{"damage":25,"enemies":"Transient","floor":40,"turns":5},{"damage":18,"enemies":"Jaw Worm Horde","floor":41,"turns":6},{"damage":0,"enemies":"Sphere and 2 Shapes","floor":45,"turns":4},{"damage":3,"enemies":"Orin","floor":47,"turns":6},{"damage":2,"enemies":"Maw","floor":48,"turns":10},{"damage":102,"enemies":"Donu and Deca","floor":50,"turns":14}],"seed_played":"8260479839410653752","potions_obtained":[{"floor":1,"key":"blueLaboratory:BubblePotion"},{"floor":6,"key":"SteroidPotion"},{"floor":12,"key":"blueLaboratory:FruitPreserves"},{"floor":23,"key":"Flashbang"},{"floor":25,"key":"Adrenaline Potion"},{"floor":28,"key":"blueLaboratory:IronCompound"},{"floor":33,"key":"FearPotion"},{"floor":37,"key":"Fruit Juice"},{"floor":41,"key":"SkillPotion"},{"floor":44,"key":"blueLaboratory:RecallPotion"},{"floor":47,"key":"LifebloodPotion"},{"floor":48,"key":"ColorlessPotion"}],"is_trial":false,"path_per_floor":["M","?","$","M","$","E","E","R","T","E","R","M","R","M","R","B",null,"M","$","?","M","?","E","R","M","T","R","M","?","R","M","R","B",null,"M","?","M","$","M","M","M","R","T","?","M","R","?","M","R","B"],"character_chosen":"IRONCLAD","items_purchased":["True Grit","Feel No Pain","True Grit","BargainBundle","Finesse","blueLaboratory:FruitPunch","Explosive Potion","champ:CounterPotion","Feel No Pain","blueLaboratory:HorrorPotion"],"campfire_rested":1,"item_purchase_floors":[3,5,5,19,19,19,19,19,38,38],"current_hp_per_floor":[80,80,80,80,80,80,70,70,70,43,43,49,49,50,50,38,80,55,55,55,61,61,45,45,36,36,60,51,51,51,74,74,52,82,82,82,82,82,87,81,75,75,75,75,87,87,87,87,87,0,0],"gold":269,"neow_bonus":"THREE_ENEMY_KILL","is_daily":false,"chose_seed":false,"campfire_upgraded":10,"win_rate":0.0,"timestamp":1608437205,"path_taken":["M","?","$","M","$","E","E","R","T","E","R","?","R","M","R","BOSS","M","$","?","M","?","E","R","?","T","R","M","?","R","M","R","BOSS","M","?","M","$","M","M","M","R","T","?","?","R","?","M","R","BOSS"],"items_purchased_type":["Card","Card","Card","Relic","Card","Potion","Potion","Potion","Card","Potion"],"build_version":"2020-12-13","purchased_purges":2,"victory":false,"max_hp_per_floor":[80,80,80,80,80,80,80,80,80,80,80,80,80,80,80,80,80,80,80,80,80,80,82,82,82,82,82,82,82,82,82,82,82,82,82,82,82,82,87,87,87,87,87,87,87,87,87,87,87,87,87],"card_choices":[{"not_picked":["Power Through","Body Slam"],"picked":"Sword Boomerang","floor":1},{"not_picked":["Iron Wave","Massacre"],"picked":"Thunderclap","floor":4},{"not_picked":["Blood for Blood","Life Link"],"picked":"True Grit","floor":6},{"not_picked":["Sword Boomerang","ReplayTheSpireMod:Muscle Training"],"picked":"Inflame","floor":7},{"not_picked":["Intimidate","Replay:Many Hands"],"picked":"ReplayTheSpireMod:Strike From Hell","floor":10},{"not_picked":["Thunderclap","ReplayTheSpireMod:LeadingStrike","Clothesline"],"picked":"SKIP","floor":12},{"not_picked":["Anger","Clash","Warcry"],"picked":"SKIP","floor":14},{"not_picked":["Replay:Many Hands","Bludgeon"],"picked":"Reaper","floor":16},{"not_picked":["Sword Boomerang","Replay:Undeath\u0027s Touch+1"],"picked":"True Grit+1","floor":18},{"not_picked":["Perfected Strike","Headbutt","Feel No Pain"],"picked":"SKIP","floor":21},{"not_picked":["Pommel Strike","Perfected Strike+1","Cleave"],"picked":"SKIP","floor":23},{"not_picked":["Whirlwind","Infernal Blade"],"picked":"Clash","floor":25},{"not_picked":["Cleave+1","Replay:Undeath\u0027s Touch","Body Slam"],"picked":"SKIP","floor":28},{"not_picked":["Headbutt","Anger+1","Replay:Undeath\u0027s Touch+1"],"picked":"SKIP","floor":31},{"not_picked":["Carnage","Twin Strike+1","Armaments"],"picked":"SKIP","floor":35},{"not_picked":["Perfected Strike","Rupture","Run Through+1"],"picked":"SKIP","floor":37},{"not_picked":["Sword Boomerang","Replay:Undeath\u0027s Touch+1"],"picked":"Dark Embrace+1","floor":39},{"not_picked":["ReplayReversal","Infernal Blade","Bloodletting"],"picked":"SKIP","floor":40},{"not_picked":["Anger+1","Headbutt","Armaments"],"picked":"SKIP","floor":41},{"not_picked":["Clothesline+1","Brutality"],"picked":"Disarm+1","floor":44},{"not_picked":["Clash","Pommel Strike+1","Warcry+1"],"picked":"SKIP","floor":45},{"not_picked":["Iron Wave+1","Fire Breathing+1","Armaments+1"],"picked":"SKIP","floor":48}],"player_experience":63273,"relics_obtained":[{"floor":6,"key":"WingedGreaves"},{"floor":7,"key":"Mirror"},{"floor":9,"key":"Gambling Chip"},{"floor":10,"key":"ReplayTheSpireMod:Ninjato"},{"floor":23,"key":"Nunchaku"},{"floor":26,"key":"Replay:Rubber Ducky"},{"floor":36,"key":"Charon\u0027s Ashes"},{"floor":43,"key":"Gremlin Horn"},{"floor":44,"key":"ReplayTheSpireMod:Shallot"},{"floor":47,"key":"CatCart"}],"event_choices":[{"damage_healed":0,"gold_gain":0,"player_choice":"Upgraded","damage_taken":0,"max_hp_gain":0,"max_hp_loss":0,"event_name":"Upgrade Shrine","floor":2,"gold_loss":0,"cards_upgraded":["Bash"]},{"damage_healed":0,"gold_gain":0,"player_choice":"Stole Relic","damage_taken":0,"relics_obtained":["Shuriken"],"max_hp_gain":0,"max_hp_loss":0,"event_name":"Addict","floor":20,"gold_loss":0,"cards_obtained":["Shame"]},{"damage_healed":0,"gold_gain":0,"cards_transformed":["Defend_R"],"player_choice":"Transformed","damage_taken":0,"max_hp_gain":0,"max_hp_loss":0,"event_name":"Transmorgrifier","floor":22,"gold_loss":0,"cards_obtained":["Reckless Charge"]},{"cards_removed":["Shame"],"damage_healed":0,"gold_gain":0,"player_choice":"Gave Gold","damage_taken":0,"max_hp_gain":0,"max_hp_loss":0,"event_name":"Beggar","floor":29,"gold_loss":75},{"damage_healed":0,"gold_gain":0,"player_choice":"Fight","damage_taken":0,"max_hp_gain":0,"max_hp_loss":0,"event_name":"MindBloom","floor":36,"gold_loss":0},{"damage_healed":0,"gold_gain":0,"player_choice":"Fight","damage_taken":0,"max_hp_gain":0,"max_hp_loss":0,"event_name":"OrinTheCat","floor":47,"gold_loss":0}],"is_beta":false,"boss_relics":[{"not_picked":["Runic Pyramid","Snecko Eye"],"picked":"Empty Cage"},{"not_picked":["Fusion Hammer","Black Star"],"picked":"Black Blood"}],"items_purged_floors":[19,38],"is_endless":false,"potions_floor_spawned":[1,6,12,23,25,28,33,37,41,45,47,48],"killed_by":"Donu and Deca","ascension_level":0}}