{"host":"7l2t4psy44vpcd9q","time":1608478966,"event":{"mods":["AchievementEnabler","BaseMod","DeckTracker","Minty Spire (QoL Compilation)","SuperFastMode"],"gold_per_floor":[112,112,131,206,206,206,237,134,134,184,203,229,229,239,239,313,313,326,186,205,205,205],"floor_reached":21,"playtime":683,"items_purged":["Defend_B","Strike_B"],"score":413,"play_id":"239b5c45-8399-48df-82fa-42888c39ead1","local_time":"20201221004246","is_ascension_mode":true,"campfire_choices":[{"data":"Sunder","floor":6,"key":"SMITH"},{"floor":13,"key":"REST"},{"data":"Coolheaded","floor":15,"key":"SMITH"}],"circlet_count":0,"master_deck":["AscendersBane","Strike_B","Strike_B","Strike_B","Defend_B+1","Defend_B","Defend_B","Zap","Dualcast+1","Glacier","Sunder+1","Conserve Battery","Coolheaded+1","Sweeping Beam","Melter+1","Creative AI","Undo","Ball Lightning+1"],"relics":["Cracked Core","NeowsBlessing","Oddly Smooth Stone","Mango","Molten Egg 2","Inserter"],"acts_visited":["Exordium","TheCity"],"potions_floor_usage":[12,12,16],"damage_taken":[{"damage":0,"enemies":"2 Louse","floor":1,"turns":1},{"damage":0,"enemies":"Cultist","floor":3,"turns":1},{"damage":0,"enemies":"Lagavulin","floor":7,"turns":1},{"damage":0,"enemies":"Small Slimes","floor":11,"turns":3},{"damage":21,"enemies":"Gremlin Nob","floor":12,"turns":4},{"damage":0,"enemies":"Looter","floor":14,"turns":3},{"damage":53,"enemies":"Slime Boss","floor":16,"turns":13},{"damage":13,"enemies":"3 Byrds","floor":18,"turns":6},{"damage":40,"enemies":"Chosen","floor":20,"turns":11},{"damage":15,"enemies":"Shelled Parasite and Fungi","floor":21,"turns":2}],"seed_played":"3843062397789375620","potions_obtained":[{"floor":1,"key":"SmokeBomb"},{"floor":2,"key":"Weak Potion"},{"floor":7,"key":"Swift Potion"},{"floor":12,"key":"Regen Potion"},{"floor":20,"key":"DuplicationPotion"}],"is_trial":false,"path_per_floor":["M","?","M","?","?","R","E","$","T","?","M","E","R","M","R","B",null,"M","$","M","M"],"character_chosen":"DEFECT","items_purchased":["Conserve Battery","Undo"],"campfire_rested":1,"item_purchase_floors":[8,19],"current_hp_per_floor":[64,64,64,53,32,32,32,32,46,46,46,25,50,50,50,12,67,54,54,14,0,0],"gold":205,"neow_bonus":"THREE_ENEMY_KILL","is_daily":false,"chose_seed":false,"campfire_upgraded":2,"win_rate":0.0,"timestamp":1608478966,"path_taken":["M","?","?","?","?","R","E","$","T","?","M","E","R","M","R","BOSS","M","$","?","M"],"items_purchased_type":["Card","Card"],"build_version":"2020-12-13","purchased_purges":2,"victory":false,"max_hp_per_floor":[71,71,71,71,71,71,71,71,85,85,85,85,85,85,85,85,85,85,85,85,85,85],"card_choices":[{"not_picked":["Hologram","Steam"],"picked":"Glacier","floor":1},{"not_picked":["Melter","Storm"],"picked":"Sunder","floor":3},{"not_picked":["Compile Driver","Redo","Force Field"],"picked":"SKIP","floor":7},{"not_picked":["Chaos","Turbo"],"picked":"Coolheaded","floor":11},{"not_picked":["Undo","White Noise"],"picked":"Sweeping Beam","floor":12},{"not_picked":["Aggregate","Streamline+1"],"picked":"Melter+1","floor":14},{"not_picked":["Rainbow","Electrodynamics"],"picked":"Creative AI","floor":16},{"not_picked":["Doom and Gloom+1","Lockon+1","Storm+1"],"picked":"SKIP","floor":18},{"not_picked":["Capacitor","Redo+1"],"picked":"Ball Lightning+1","floor":20}],"player_experience":1113044,"relics_obtained":[{"floor":7,"key":"Oddly Smooth Stone"},{"floor":9,"key":"Mango"},{"floor":12,"key":"Molten Egg 2"}],"event_choices":[{"damage_healed":0,"gold_gain":0,"player_choice":"Got Potions","damage_taken":0,"max_hp_gain":0,"max_hp_loss":0,"event_name":"Lab","floor":2,"gold_loss":0},{"damage_healed":0,"gold_gain":75,"player_choice":"Gather Gold","damage_taken":11,"max_hp_gain":0,"max_hp_loss":0,"event_name":"World of Goop","floor":4,"gold_loss":0},{"damage_healed":0,"gold_gain":0,"player_choice":"Entered Light","damage_taken":21,"max_hp_gain":0,"max_hp_loss":0,"event_name":"Shining Light","floor":5,"gold_loss":0,"cards_upgraded":["Defend_B","Dualcast"]},{"damage_healed":0,"gold_gain":50,"player_choice":"Pray","damage_taken":0,"max_hp_gain":0,"max_hp_loss":0,"event_name":"Golden Shrine","floor":10,"gold_loss":0}],"is_beta":false,"boss_relics":[{"not_picked":["Ectoplasm","Philosopher\u0027s Stone"],"picked":"Inserter"}],"items_purged_floors":[8,19],"is_endless":false,"potions_floor_spawned":[1,7,12,20],"killed_by":"Shelled Parasite and Fungi","ascension_level":19}}