{"host":"vd5put2n5b3t1prw","time":1608442072,"event":{"mods":["2.2 Compatiblity","AchievementEnabler","BaseMod","Better Altar","Better Match","Better Note","Better Sensory Stone","Better Silent Start","Better Skull","Better Third Choice","Better Vampires","Better-Laid Plans","BetterRewards","Block Reminder","Card Forge","Colored Map","Custom Start","Downfall","Emptier Cage","Marked Mod","Minty Spire (QoL Compilation)","Quick Restart","Random Character Button","Relic Stats","Reorder Act Four","Spicy Shops","StSLib","Transform Curses","Waifu the Spire"],"gold_per_floor":[117,5,23,23,34,59,73,73,73,73,105,122,122,148,148,250,250,263,263,16,35,35,65,93,368,368,368,383,417,176,176,176,275,275,285,22,42,92,118,144,154,154,154,25,53,53,99,131,131,131,131,59,59,94,94],"floor_reached":56,"playtime":6876,"items_purged":["Strike_P","Strike_P","Strike_P"],"score":2461,"play_id":"35998ba6-1a84-4864-9f1f-d5989e50e36b","local_time":"20201219232752","is_ascension_mode":true,"campfire_choices":[{"data":"MarkedMod:PinPointDefense","floor":10,"key":"SMITH"},{"data":"MarkedMod:PinPointDefense","floor":13,"key":"SMITH"},{"data":"Sadistic Nature","floor":15,"key":"SMITH"},{"floor":27,"key":"RECALL"},{"data":"PathToVictory","floor":32,"key":"SMITH"},{"data":"PathToVictory","floor":42,"key":"SMITH"},{"data":"Alpha","floor":46,"key":"SMITH"},{"data":"Omniscience","floor":49,"key":"SMITH"},{"data":"MarkedMod:GracefulMovements","floor":53,"key":"SMITH"}],"circlet_count":0,"master_deck":["MarkedMod:PinPointDefense+1","PathToVictory+1","MarkedMod:PinPointDefense+1","PathToVictory+1","Evaluate+1","Sadistic Nature+1","CutThroughFate+1","InnerPeace+1","LikeWater+1","MarkedMod:GracefulMovements+1","ThirdEye+1","MarkedMod:GracefulMovements+1","PathToVictory+1","Evaluate+1","MarkedMod:PinPointDefense+1","DevaForm+1","ThirdEye+1","PathToVictory+1","MarkedMod:PinPointDefense+1","DevaForm+1","Evaluate+1","PathToVictory+1","Creative AI+1","hexamod:SixthSeal","MarkedMod:NorthStar+1","PathToVictory+1","Sanctity+1","MarkedMod:PinPointDefense+1","Alpha+1","Omniscience+1"],"relics":["PureWater","Hammer of Thor","Seething Fire","Anvil of the Gods","Blood Vial","DollysMirror","Membership Card","WingedGreaves","Frozen Egg 2","Singing Bowl","Gremlin Horn","White Beast Statue","Tiny Chest","Coffee Dripper","Mummified Hand","Frozen Eye","InkBottle","Ancient Tea Set","Nunchaku","War Paint","Strawberry","MarkedMod:AcupunctureKit","OrangePellets","PreservedInsect","SlaversCollar","Chemical X","Letter Opener","TungstenRod","Omamori","Akabeko","Bottled Tornado","Happy Flower","CaptainsWheel","Ornamental Fan","Incense Burner","ClockworkSouvenir","Mercury Hourglass"],"acts_visited":["Exordium","TheCity","TheBeyond","TheEnding"],"potions_floor_usage":[16,18,23,29,45,50],"damage_taken":[{"damage":5,"enemies":"Small Slimes","floor":1,"turns":4},{"damage":0,"enemies":"Cultist","floor":3,"turns":4},{"damage":0,"enemies":"Jaw Worm","floor":5,"turns":3},{"damage":7,"enemies":"Gremlin Nob","floor":6,"turns":4},{"damage":1,"enemies":"3 Louse","floor":7,"turns":3},{"damage":8,"enemies":"Lagavulin","floor":11,"turns":5},{"damage":0,"enemies":"Gremlin Gang","floor":12,"turns":3},{"damage":1,"enemies":"The Guardian","floor":16,"turns":5},{"damage":1,"enemies":"2 Thieves","floor":18,"turns":4},{"damage":0,"enemies":"Spheric Guardian","floor":21,"turns":6},{"damage":0,"enemies":"Gremlin Leader","floor":23,"turns":5},{"damage":2,"enemies":"Slavers","floor":24,"turns":5},{"damage":0,"enemies":"Snecko","floor":28,"turns":2},{"damage":0,"enemies":"Book of Stabbing","floor":29,"turns":4},{"damage":0,"enemies":"Automaton","floor":33,"turns":5},{"damage":0,"enemies":"Orb Walker","floor":35,"turns":4},{"damage":14,"enemies":"3 Shapes","floor":37,"turns":5},{"damage":0,"enemies":"Mind Bloom Boss Battle","floor":38,"turns":3},{"damage":0,"enemies":"Giant Head","floor":40,"turns":4},{"damage":1,"enemies":"Sphere and 2 Shapes","floor":41,"turns":4},{"damage":0,"enemies":"Reptomancer","floor":45,"turns":1},{"damage":8,"enemies":"2 Orb Walkers","floor":47,"turns":5},{"damage":0,"enemies":"Nemesis","floor":48,"turns":4},{"damage":25,"enemies":"Awakened One","floor":50,"turns":5},{"damage":1,"enemies":"Shield and Spear","floor":54,"turns":3},{"damage":0,"enemies":"The Heart","floor":55,"turns":5}],"seed_played":"-8496253634821363253","potions_obtained":[{"floor":3,"key":"hexamod:EctoCoolerPotion"},{"floor":5,"key":"FairyPotion"},{"floor":11,"key":"SmokeBomb"},{"floor":16,"key":"EssenceOfSteel"},{"floor":18,"key":"DistilledChaos"},{"floor":21,"key":"Regen Potion"},{"floor":23,"key":"sneckomod:MuddlingPotion"},{"floor":28,"key":"SkillPotion"},{"floor":29,"key":"Explosive Potion"},{"floor":35,"key":"Swift Potion"},{"floor":45,"key":"Energy Potion"}],"is_trial":false,"path_per_floor":["M","$","M","?","M","E","M","?","T","R","E","M","R","T","R","B",null,"M","?","$","M","T","E","E","?","T","R","M","E","$","?","R","B",null,"M","$","M","?","T","E","M","R","T","$","E","R","?","E","R","B",null,"$","R","E","B",null],"character_chosen":"WATCHER","items_purchased":["MarkedMod:PinPointDefense","PathToVictory","Blood Vial","MarkedMod:GracefulMovements","MarkedMod:PinPointDefense","DollysMirror","Evaluate","Membership Card","Sadistic Nature","CutThroughFate","MarkedMod:GracefulMovements","Frozen Egg 2","Mummified Hand","PathToVictory","MarkedMod:PinPointDefense+1","Frozen Eye","MarkedMod:AcupunctureKit","OrangePellets","PreservedInsect","PathToVictory","PathToVictory","Chemical X","Letter Opener","Bottled Tornado","Incense Burner","ClockworkSouvenir"],"campfire_rested":0,"item_purchase_floors":[0,0,0,0,0,0,0,0,0,0,2,2,20,20,20,20,30,30,30,30,36,36,36,44,52,52],"current_hp_per_floor":[62,62,64,57,59,54,57,57,57,57,51,53,53,53,53,54,69,70,70,70,74,74,76,76,76,76,76,78,87,87,87,87,87,87,89,89,75,79,79,81,84,84,84,84,86,86,82,84,84,76,90,90,90,93,95],"gold":94,"neow_bonus":"","is_daily":false,"chose_seed":false,"campfire_upgraded":8,"win_rate":0.0,"timestamp":1608442072,"path_taken":["M","$","M","?","M","E","M","?","T","R","E","?","R","?","R","BOSS","M","?","?","?","?","E","E","?","T","R","M","E","$","?","R","BOSS","M","$","M","?","?","E","?","R","T","$","E","R","?","E","R","BOSS","$","R","E","BOSS"],"items_purchased_type":["Card","Card","Relic","Card","Card","Relic","Card","Relic","Card","Card","Card","Relic","Relic","Card","Card","Relic","Relic","Relic","Relic","Card","Card","Relic","Relic","Relic","Relic","Relic"],"build_version":"2020-12-13","purchased_purges":3,"victory":true,"max_hp_per_floor":[72,72,72,72,72,72,74,74,74,74,74,74,74,74,74,74,74,74,74,74,76,76,76,78,78,78,78,78,87,87,87,87,87,87,89,89,89,91,91,91,93,93,93,93,93,93,95,95,95,95,95,95,95,97,97],"relic_stats":{"Singing Bowl":30,"Gremlin Horn":[19,19],"Happy Flower":[35],"counters":[78,325],"PreservedInsect":444,"Letter Opener":[232],"War Paint":["Evaluate","PathToVictory"],"Mercury Hourglass":[15],"Blood Vial":42,"OrangePellets":[1],"Nunchaku":[2],"Mummified Hand":[210],"Ornamental Fan":[0],"Tiny Chest":2,"Chemical X":[1],"obtain_stats":[{"Gremlin Horn":9,"Vajra":46,"Hammer of Thor":0,"Ginger":9,"Bottled Tornado":44,"Old Coin":44,"MarkedMod:AcupunctureKit":30,"Sozu":34,"Blood Vial":0,"Sundial":30,"DollysMirror":0,"Strawberry":29,"Toxic Egg 2":23,"Pear":36,"Happy Flower":40,"Oddly Smooth Stone":6,"Eternal Feather":54,"Pen Nib":0,"Letter Opener":10,"War Paint":26,"Question Card":40,"Akabeko":43,"SlaversCollar":17,"OrangePellets":42,"Anvil of the Gods":0,"Molten Egg 2":41,"Black Star":34,"StrikeDummy":47,"Meat on the Bone":0,"Pocketwatch":46,"Regal Pillow":47,"Singing Bowl":28,"Melange":0,"Mango":7,"Yang":54,"Incense Burner":52,"TeardropLocket":43,"Ancient Tea Set":23,"ClockworkSouvenir":52,"Frozen Eye":20,"Nunchaku":25,"Shovel":28,"TheAbacus":0,"Mummified Hand":26,"Pantograph":0,"Tiny Chest":14,"WingedGreaves":0,"Chemical X":36,"InkBottle":22,"NeowsBlessing":0,"Damaru":47,"Thread and Needle":26,"PreservedInsect":40,"Omamori":40,"Seething Fire":0,"Frozen Egg 2":2,"White Beast Statue":13,"Mercury Hourglass":54,"CaptainsWheel":47,"Ornamental Fan":48,"Orrery":4,"Coffee Dripper":17,"Bottled Lightning":9,"Membership Card":0,"PureWater":0,"TungstenRod":46,"Toy Ornithopter":54},{"Gremlin Horn":57,"Vajra":21,"Hammer of Thor":0,"Ginger":4,"Bottled Tornado":72,"Old Coin":21,"MarkedMod:AcupunctureKit":66,"Sozu":43,"Blood Vial":52,"Sundial":41,"DollysMirror":52,"Strawberry":66,"Toxic Egg 2":10,"Pear":16,"Happy Flower":19,"Oddly Smooth Stone":30,"Eternal Feather":51,"Pen Nib":26,"Letter Opener":5,"War Paint":64,"Question Card":19,"Akabeko":72,"SlaversCollar":9,"OrangePellets":47,"Anvil of the Gods":0,"Molten Egg 2":19,"Black Star":15,"StrikeDummy":22,"Meat on the Bone":26,"Pocketwatch":48,"Regal Pillow":49,"Singing Bowl":40,"Melange":26,"Mango":3,"Yang":25,"Incense Burner":76,"TeardropLocket":47,"Ancient Tea Set":63,"ClockworkSouvenir":76,"Frozen Eye":61,"Nunchaku":39,"Shovel":12,"TheAbacus":26,"Mummified Hand":11,"Pantograph":26,"Tiny Chest":59,"WingedGreaves":52,"Chemical X":68,"InkBottle":62,"NeowsBlessing":0,"Damaru":22,"Thread and Needle":39,"PreservedInsect":46,"Omamori":71,"Seething Fire":0,"Frozen Egg 2":53,"White Beast Statue":8,"Mercury Hourglass":77,"CaptainsWheel":74,"Ornamental Fan":75,"Orrery":28,"Coffee Dripper":60,"Bottled Lightning":31,"Membership Card":52,"PureWater":0,"TungstenRod":21,"Toy Ornithopter":25},{"Gremlin Horn":238,"Vajra":74,"Hammer of Thor":0,"Ginger":7,"Bottled Tornado":302,"Old Coin":74,"MarkedMod:AcupunctureKit":277,"Sozu":187,"Blood Vial":220,"Sundial":177,"DollysMirror":220,"Strawberry":277,"Toxic Egg 2":33,"Pear":58,"Happy Flower":67,"Oddly Smooth Stone":128,"Eternal Feather":216,"Pen Nib":103,"Letter Opener":10,"War Paint":271,"Question Card":67,"Akabeko":302,"SlaversCollar":29,"OrangePellets":201,"Anvil of the Gods":0,"Molten Egg 2":67,"Black Star":55,"StrikeDummy":79,"Meat on the Bone":103,"Pocketwatch":203,"Regal Pillow":206,"Singing Bowl":173,"Melange":103,"Mango":4,"Yang":96,"Incense Burner":317,"TeardropLocket":201,"Ancient Tea Set":266,"ClockworkSouvenir":317,"Frozen Eye":255,"Nunchaku":169,"Shovel":41,"TheAbacus":103,"Mummified Hand":37,"Pantograph":103,"Tiny Chest":246,"WingedGreaves":220,"Chemical X":286,"InkBottle":261,"NeowsBlessing":0,"Damaru":79,"Thread and Needle":169,"PreservedInsect":197,"Omamori":298,"Seething Fire":0,"Frozen Egg 2":224,"White Beast Statue":21,"Mercury Hourglass":320,"CaptainsWheel":308,"Ornamental Fan":312,"Orrery":115,"Coffee Dripper":251,"Bottled Lightning":137,"Membership Card":220,"PureWater":0,"TungstenRod":74,"Toy Ornithopter":96}],"InkBottle":[47],"TungstenRod":15},"card_choices":[{"not_picked":["SashWhip","SignatureMove","ClearTheMind"],"picked":"SKIP","floor":1},{"not_picked":["EmptyMind","MarkedMod:Acupuncture"],"picked":"ThirdEye","floor":3},{"not_picked":["WindmillStrike","MarkedMod:Acupuncture"],"picked":"MarkedMod:GracefulMovements+1","floor":5},{"not_picked":["Indignation","Wallop"],"picked":"PathToVictory","floor":6},{"not_picked":["FlurryOfBlows","Sanctity","EmptyMind"],"picked":"Singing Bowl","floor":7},{"not_picked":["Weave","MarkedMod:Acupuncture"],"picked":"Evaluate","floor":11},{"not_picked":["SandsOfTime","CutThroughFate"],"picked":"MarkedMod:PinPointDefense+1","floor":12},{"not_picked":["LessonLearned","Devotion+1"],"picked":"DevaForm+1","floor":16},{"not_picked":["Consecrate","FollowUp"],"picked":"ThirdEye","floor":18},{"not_picked":["Prostrate+1","MarkedMod:GentlePulse","Protect"],"picked":"Singing Bowl","floor":21},{"not_picked":["SashWhip","Adaptation+1"],"picked":"DevaForm+1","floor":23},{"not_picked":["MarkedMod:Acupuncture+1","WheelKick","Prostrate"],"picked":"Singing Bowl","floor":24},{"not_picked":["MarkedMod:FirstStrike","EmptyMind+1"],"picked":"Evaluate","floor":28},{"not_picked":["Protect","TalkToTheHand","JustLucky+1"],"picked":"Singing Bowl","floor":29},{"not_picked":["Alpha","Judgement"],"picked":"MarkedMod:NorthStar","floor":33},{"not_picked":["Consecrate","Protect+1","FearNoEvil+1"],"picked":"Singing Bowl","floor":35},{"not_picked":["EmptyFist+1","Fasting2+1"],"picked":"Sanctity+1","floor":37},{"not_picked":["Conclude","Weave","Meditate+1"],"picked":"Singing Bowl","floor":38},{"not_picked":["JustLucky+1","CutThroughFate+1"],"picked":"MarkedMod:PinPointDefense+1","floor":40},{"not_picked":["CrushJoints+1","JustLucky","ThirdEye"],"picked":"Singing Bowl","floor":41},{"not_picked":["BattleHymn+1","Nirvana+1"],"picked":"Alpha","floor":45},{"not_picked":["Protect","SignatureMove","Prostrate+1"],"picked":"Singing Bowl","floor":47},{"not_picked":["Indignation+1","Perseverance+1"],"picked":"Omniscience","floor":48},{"not_picked":["Evaluate","WaveOfTheHand","MarkedMod:OneThousandNeedles"],"picked":"Singing Bowl","floor":54}],"player_experience":267757,"relics_obtained":[{"floor":6,"key":"Singing Bowl"},{"floor":9,"key":"Gremlin Horn"},{"floor":11,"key":"White Beast Statue"},{"floor":14,"key":"Tiny Chest"},{"floor":22,"key":"InkBottle"},{"floor":23,"key":"Ancient Tea Set"},{"floor":24,"key":"Nunchaku"},{"floor":26,"key":"War Paint"},{"floor":29,"key":"Strawberry"},{"floor":38,"key":"TungstenRod"},{"floor":40,"key":"Omamori"},{"floor":43,"key":"Akabeko"},{"floor":45,"key":"Happy Flower"},{"floor":47,"key":"CaptainsWheel"},{"floor":48,"key":"Ornamental Fan"},{"floor":54,"key":"Mercury Hourglass"}],"event_choices":[{"cards_removed":["Strike_P"],"damage_healed":0,"gold_gain":0,"player_choice":"Card Removal","damage_taken":7,"max_hp_gain":0,"max_hp_loss":0,"event_name":"Golden Wing","floor":4,"gold_loss":0},{"damage_healed":0,"gold_gain":0,"player_choice":"Cursed","damage_taken":0,"max_hp_gain":0,"max_hp_loss":0,"event_name":"Wheel of Change","floor":8,"gold_loss":0,"cards_obtained":["Decay"]},{"damage_healed":0,"gold_gain":0,"player_choice":"Bought 0 Potions","damage_taken":0,"max_hp_gain":0,"max_hp_loss":0,"event_name":"The Woman in Blue","floor":19,"gold_loss":0},{"damage_healed":0,"gold_gain":275,"player_choice":"Desecrate","damage_taken":0,"max_hp_gain":0,"max_hp_loss":0,"event_name":"Golden Shrine","floor":25,"gold_loss":0,"cards_obtained":["Regret"]},{"cards_removed":["MarkedMod:PinPointDefense"],"damage_healed":0,"gold_gain":0,"player_choice":"Take \u0026 Give","damage_taken":0,"max_hp_gain":0,"max_hp_loss":0,"event_name":"betterNote:BetterNote","floor":31,"gold_loss":0,"cards_obtained":["Creative AI"]},{"damage_healed":0,"gold_gain":0,"player_choice":"Fight","damage_taken":0,"max_hp_gain":0,"max_hp_loss":0,"event_name":"MindBloom","floor":38,"gold_loss":0},{"damage_healed":0,"gold_gain":0,"player_choice":"Fight","damage_taken":0,"max_hp_gain":0,"max_hp_loss":0,"event_name":"Mysterious Sphere","floor":47,"gold_loss":0}],"is_beta":false,"boss_relics":[{"not_picked":["Runic Pyramid","Runic Dome"],"picked":"Coffee Dripper"},{"not_picked":["Calling Bell","Cursed Key"],"picked":"SlaversCollar"}],"items_purged_floors":[0,0,0],"is_endless":false,"potions_floor_spawned":[3,5,11,12,16,18,21,23,24,28,29,33,35,37,38,40,41,45,47,48,54],"ascension_level":8}}