{"host":"ky7z67tg8zpdk0g7","time":1608475432,"event":{"mods":["BaseMod","Beaked The Cultist","Better Third Choice","CapriCore","Displayed Cursed Tome","Energized Spire","Fireblade Mod","Hubris","Lobotomy","LobotomyExtend","Minty Spire (QoL Compilation)","Replay The Spire","SOS???????","Shop Mod","StSLib","Td1madao Mod","The Dragon Tamer","The Hierophant","The Immortal","The Marked","The Necromancer","TheBandit","TheWitcher"],"gold_per_floor":[110,125,125,141,160,160,160,177,246,258,258,293,293,293,293,395,395,410,410,410,423,116,144,144,144,144,162,176,176,211,15,15,118,118,128,147,147,147,159,159,159,159],"floor_reached":41,"playtime":1883,"items_purged":["Normality","theMarked:Strike"],"score":456,"play_id":"93569e84-7a16-49b3-9140-36db729239eb","local_time":"20201220214352","is_ascension_mode":false,"campfire_choices":[{"data":"theMarked:KeepCalmAndFightOn","floor":6,"key":"SMITH"},{"data":"theMarked:Seal","floor":11,"key":"SMITH"},{"data":"theMarked:EnhancedHearing","floor":13,"key":"SMITH"},{"data":"theMarked:SoldierOfQuellstein","floor":15,"key":"SMITH"},{"floor":24,"key":"REST"},{"data":"theMarked:Generate","floor":29,"key":"SMITH"},{"floor":40,"key":"REST"}],"circlet_count":0,"master_deck":["theMarked:Strike","theMarked:Strike","theMarked:Strike","theMarked:Strike","theMarked:Defend","theMarked:Defend","theMarked:Defend","theMarked:Defend","theMarked:SoldierOfQuellstein+1","theMarked:BanishingStrike+1","theMarked:RepellingDischarge+1","theMarked:TunnelVision","theMarked:KeepCalmAndFightOn+1","theMarked:ChainLightning","theMarked:Seal+1","theMarked:EnhancedHearing+1","theMarked:SoldierForm","theMarked:Overcharge+1","theMarked:EmpowerWeapon+1","theMarked:MagicAdept","theMarked:ResourceFulStrike+1","theMarked:KeepCalmAndFightOn+1","theMarked:Generate+1","theMarked:RogueSparks","theMarked:DeterminationOfTheMarked","theMarked:WardOff","theMarked:TakeOffHeels","ReplayTheSpireMod:Restless Dread","ReplayTheSpireMod:Restless Dread","hubris:Lust","theMarked:ComboAttacks+1","theMarked:Frustration+1","theMarked:DeterminationOfTheMarked+1"],"relics":["theMarked:ArtifactOfAir","LetterFromLob","Gaze_r","Mercury Hourglass","Blood Vial","hubris:RunicObelisk","theMarked:Winder","SnafuTest:BearRelic","Molten Egg 2","War Paint","Replay:Ancient Bell","theMarked:DemonDagger","beaked:ShinyBauble","Replay:Multitool"],"acts_visited":["Exordium","TheCity","TheBeyond"],"potions_floor_usage":[7,27,27],"damage_taken":[{"damage":1,"enemies":"Cultist","floor":1,"turns":3},{"damage":6,"enemies":"Jaw Worm","floor":2,"turns":3},{"damage":3,"enemies":"Small Slimes","floor":4,"turns":3},{"damage":0,"enemies":"Looter","floor":5,"turns":3},{"damage":17,"enemies":"Large Slime","floor":7,"turns":5},{"damage":21,"enemies":"Large Slime","floor":8,"turns":4},{"damage":1,"enemies":"Exordium Thugs","floor":10,"turns":3},{"damage":11,"enemies":"Gremlin Nob","floor":12,"turns":3},{"damage":7,"enemies":"Fading Forest","floor":16,"turns":11},{"damage":15,"enemies":"2 Thieves","floor":18,"turns":3},{"damage":0,"enemies":"3 Byrds","floor":21,"turns":3},{"damage":40,"enemies":"Book of Stabbing","floor":23,"turns":5},{"damage":2,"enemies":"Shelled Parasite and Fungi","floor":27,"turns":3},{"damage":5,"enemies":"Snake Plant","floor":28,"turns":4},{"damage":0,"enemies":"Gremlin Leader","floor":30,"turns":4},{"damage":52,"enemies":"Automaton","floor":33,"turns":8},{"damage":17,"enemies":"3 Darklings","floor":35,"turns":5},{"damage":16,"enemies":"Orb Walker","floor":36,"turns":4},{"damage":24,"enemies":"Spire Growth","floor":39,"turns":5}],"seed_played":"8223469702996212293","potions_obtained":[{"floor":2,"key":"AttackPotion"},{"floor":4,"key":"Doom Potion"},{"floor":12,"key":"Fire Potion"},{"floor":16,"key":"Energy Potion"},{"floor":28,"key":"SteroidPotion"},{"floor":30,"key":"Strength Potion"},{"floor":35,"key":"Reflective Coating"}],"is_trial":false,"path_per_floor":["M","M","?","M","M","R","M","M","T","M","R","E","R","?","R","B",null,"M","?","?","M","$","E","R","?","T","M","M","R","E","$","R","B",null,"M","M","?","?","M","R","E"],"character_chosen":"THE_DEFAULT","items_purchased":["theMarked:MagicAdept","theMarked:Winder","theMarked:DeterminationOfTheMarked","theMarked:WardOff"],"campfire_rested":2,"item_purchase_floors":[22,22,31,31],"current_hp_per_floor":[76,70,70,67,67,67,69,48,48,47,47,36,36,40,40,45,77,62,62,62,64,64,26,49,49,49,49,46,46,48,48,71,21,77,60,46,46,46,24,45,0,0],"gold":159,"neow_bonus":"TEN_PERCENT_HP_BONUS","is_daily":false,"chose_seed":false,"campfire_upgraded":5,"win_rate":0.0,"timestamp":1608475432,"path_taken":["M","?","?","M","M","R","M","M","T","M","R","E","R","?","R","BOSS","M","?","?","M","$","E","R","?","T","?","?","R","E","$","R","BOSS","M","M","?","?","M","R","E"],"items_purchased_type":["Card","Relic","Card","Card"],"build_version":"2020-12-13","purchased_purges":2,"victory":false,"max_hp_per_floor":[77,77,77,77,77,77,77,77,77,77,77,77,77,77,77,77,77,77,77,77,77,77,77,77,77,77,77,77,77,77,77,77,77,77,77,77,73,73,73,73,73,73],"card_choices":[{"not_picked":["theMarked:Seal","theMarked:TunnelVision"],"picked":"theMarked:BanishingStrike","floor":1},{"not_picked":["theMarked:TwofoldDefense","theMarked:WardOff"],"picked":"theMarked:RepellingDischarge","floor":2},{"not_picked":["theMarked:TwofoldDefense","theMarked:ElectricStrings"],"picked":"theMarked:TunnelVision","floor":4},{"not_picked":["theMarked:EmpowerWeapon","theMarked:Frustration"],"picked":"theMarked:KeepCalmAndFightOn","floor":5},{"not_picked":["theMarked:WastefulAttack","theMarked:ChannelForce"],"picked":"theMarked:ChainLightning","floor":8},{"not_picked":["theMarked:Parkour","theMarked:RepellingDischarge"],"picked":"theMarked:Seal","floor":10},{"not_picked":["theMarked:SwordAndMagic","theMarked:Panic"],"picked":"theMarked:EnhancedHearing","floor":12},{"not_picked":["theMarked:FavorableWinds","theMarked:Defy"],"picked":"theMarked:SoldierForm","floor":16},{"not_picked":["theMarked:Convert","theMarked:Panic"],"picked":"theMarked:Overcharge","floor":18},{"not_picked":["theMarked:ElectricStrings","theMarked:SuspiciousRaven"],"picked":"theMarked:EmpowerWeapon","floor":21},{"not_picked":["theMarked:SwordAndMagic","theMarked:EmpowerWeapon"],"picked":"theMarked:ResourceFulStrike+1","floor":23},{"not_picked":["theMarked:RepellingDischarge","theMarked:TurnInvisible"],"picked":"theMarked:KeepCalmAndFightOn+1","floor":27},{"not_picked":["theMarked:ResourceFulStrike+1","theMarked:CreepingChasm"],"picked":"theMarked:Generate","floor":28},{"not_picked":["theMarked:TakeCover+1","theMarked:Parkour+1"],"picked":"theMarked:RogueSparks","floor":30},{"not_picked":["theMarked:Levitate","theMarked:DispelDoubt+1"],"picked":"theMarked:TakeOffHeels","floor":33},{"not_picked":["Looming Evil","SnafuTest:CurseHeatDeath"],"picked":"ReplayTheSpireMod:Restless Dread","floor":34},{"not_picked":["Replay:Hysterical Blindness","Delirium"],"picked":"ReplayTheSpireMod:Restless Dread","floor":34},{"not_picked":["Hallucinations","hubris:Gluttony"],"picked":"hubris:Lust","floor":34},{"not_picked":["theMarked:HeightenedSenses","theMarked:ElectricStrings+1"],"picked":"theMarked:ComboAttacks+1","floor":35},{"not_picked":["theMarked:Opportunist","theMarked:ElectricStrings+1"],"picked":"theMarked:Frustration+1","floor":36},{"not_picked":["theMarked:HeightenedSenses","theMarked:LightningStrikesTwice+1"],"picked":"theMarked:DeterminationOfTheMarked+1","floor":39}],"player_experience":278043,"relics_obtained":[{"floor":1,"key":"LetterFromLob"},{"floor":9,"key":"Mercury Hourglass"},{"floor":12,"key":"Blood Vial"},{"floor":23,"key":"SnafuTest:BearRelic"},{"floor":26,"key":"Molten Egg 2"},{"floor":30,"key":"War Paint"}],"event_choices":[{"damage_healed":0,"gold_gain":0,"player_choice":"Ignored","damage_taken":0,"max_hp_gain":0,"max_hp_loss":0,"event_name":"N\u0027loth","floor":25,"gold_loss":0},{"damage_healed":0,"gold_gain":0,"player_choice":"Max HP","damage_taken":0,"max_hp_gain":0,"max_hp_loss":4,"event_name":"Winding Halls","floor":37,"gold_loss":0},{"damage_healed":0,"gold_gain":0,"player_choice":"Ignored","damage_taken":0,"max_hp_gain":0,"max_hp_loss":0,"event_name":"NoteForYourself","floor":38,"gold_loss":0}],"is_beta":false,"boss_relics":[{"not_picked":["hubris:HollowSoul","ChewingGum"],"picked":"hubris:RunicObelisk"},{"not_picked":["energizedSpire:OgreHead","energizedSpire:SpiderWeb"],"picked":"Replay:Ancient Bell"},{"not_picked":["Centennial Puzzle","Regal Pillow"],"picked":"theMarked:DemonDagger"},{"not_picked":["Snack Pack","hubris:DuctTape"],"picked":"beaked:ShinyBauble"},{"not_picked":["Replay:Kaleidoscope","Bird Faced Urn"],"picked":"Replay:Multitool"}],"items_purged_floors":[22,31],"is_endless":false,"potions_floor_spawned":[2,4,12,16,28,30,35],"killed_by":"Reptomancer","ascension_level":0}}