{"host":"egyxg9lnjq7g2hmw","time":1608451179,"event":{"mods":["AchievementEnabler","BaseMod","Block Reminder","Colored Map","Colored Powertips","Highlight Path","Minty Spire (QoL Compilation)","Rare Cards Sparkle","StSLib"],"gold_per_floor":[112,112,37,54,54,95,95,51,130,39,77,77,77,77],"floor_reached":13,"playtime":424,"items_purged":[],"score":178,"play_id":"2c097680-9341-4ab0-943c-ca723e93bc67","local_time":"20201219235939","is_ascension_mode":true,"campfire_choices":[{"floor":7.0,"key":"REST"},{"floor":12.0,"key":"REST"}],"circlet_count":0,"master_deck":["AscendersBane","Strike_G","Strike_G","Strike_G","Strike_G","Defend_G","Defend_G","Defend_G","Defend_G","Defend_G","Survivor","Neutralize","Dagger Spray","Underhanded Strike","Underhanded Strike","Eviscerate","Prepared","Tactician","Distraction"],"relics":["Ring of the Snake","Bronze Scales","Golden Idol","Lantern","InkBottle","Paper Crane"],"acts_visited":["Exordium"],"potions_floor_usage":[13],"damage_taken":[{"damage":0.0,"enemies":"Jaw Worm","floor":1.0,"turns":5.0},{"damage":1.0,"enemies":"Small Slimes","floor":4.0,"turns":3.0},{"damage":43.0,"enemies":"Lagavulin","floor":6.0,"turns":8.0},{"damage":17.0,"enemies":"3 Sentries","floor":11.0,"turns":6.0},{"damage":26,"enemies":"Lagavulin","floor":13,"turns":6}],"seed_played":"4209564366607979312","potions_obtained":[{"floor":4.0,"key":"Weak Potion"},{"floor":6.0,"key":"BlessingOfTheForge"},{"floor":11.0,"key":"Poison Potion"}],"is_trial":false,"path_per_floor":["M","?","?","M","?","E","R","$","T","$","E","R","E"],"character_chosen":"THE_SILENT","items_purchased":["Eviscerate","Prepared","Tactician"],"campfire_rested":2,"item_purchase_floors":[8,10,10],"current_hp_per_floor":[65,47,47,46,46,3,22,22,22,22,5,24,0,0],"gold":77,"neow_bonus":"TEN_PERCENT_HP_BONUS","is_daily":false,"chose_seed":false,"campfire_upgraded":0,"win_rate":0.0,"timestamp":1608451179,"path_taken":["M","?","?","M","?","E","R","$","T","$","E","R","E"],"items_purchased_type":["Card","Card","Card"],"build_version":"2020-12-13","purchased_purges":0,"victory":false,"max_hp_per_floor":[72,72,72,72,65,65,65,65,65,65,65,65,65,65],"card_choices":[{"not_picked":["PiercingWail","Concentrate"],"picked":"Dagger Spray","floor":1.0},{"not_picked":["Bane","Choke"],"picked":"Underhanded Strike","floor":4.0},{"not_picked":["Riddle With Holes","Dodge and Roll"],"picked":"Underhanded Strike","floor":6.0},{"not_picked":["Noxious Fumes","Glass Knife"],"picked":"Distraction","floor":11.0}],"player_experience":548485,"relics_obtained":[{"floor":6.0,"key":"Lantern"},{"floor":9.0,"key":"InkBottle"},{"floor":11.0,"key":"Paper Crane"}],"event_choices":[{"damage_healed":0.0,"max_hp_gain":0.0,"max_hp_loss":0.0,"gold_gain":0.0,"event_name":"Scrap Ooze","player_choice":"Success","floor":2.0,"gold_loss":0.0,"damage_taken":18.0,"relics_obtained":["Bronze Scales"]},{"cards_removed":["Strike_G"],"damage_healed":0.0,"max_hp_gain":0.0,"max_hp_loss":0.0,"gold_gain":0.0,"event_name":"The Cleric","player_choice":"Card Removal","floor":3.0,"gold_loss":75.0,"damage_taken":0.0},{"damage_healed":0.0,"max_hp_gain":0.0,"max_hp_loss":7.0,"gold_gain":0.0,"event_name":"Golden Idol","player_choice":"Lose Max HP","floor":5.0,"gold_loss":0.0,"damage_taken":0.0,"relics_obtained":["Golden Idol"]}],"is_beta":false,"boss_relics":[],"items_purged_floors":[],"is_endless":false,"potions_floor_spawned":[4,6,11],"killed_by":"Lagavulin","ascension_level":20}}