{"host":"9r4xop0yxveozoj0","time":1608492349,"event":{"mods":["2.2 Compatiblity","Act Like it!","BaseMod","Colored Map","Colored Powertips","Hallownest","Hubris","Infinite Spire","Minty Spire (QoL Compilation)","Permanent Neow","Replay The Spire","StSLib","The Bladedancer","The Blue Laboratory","The Jungle","The Marked"],"gold_per_floor":[111,131,145,164,183,183,216,216,240,240,255,274,301,316,316,420,420,440,459,475,475,475],"floor_reached":21,"playtime":1918,"items_purged":[],"score":197,"play_id":"6f5ef0f2-f6c0-4362-9c2e-d9ae6f7baee8","local_time":"20201220142549","is_ascension_mode":false,"campfire_choices":[{"floor":6,"key":"REST"},{"floor":8,"key":"REST"},{"floor":15,"key":"REST"}],"circlet_count":0,"master_deck":["Strike_R","Strike_R","Strike_R","Strike_R","Strike_R","Defend_R","Defend_R","Defend_R","Defend_R","Bash","Life Link","Thunderclap","Thunderclap","Twin Strike","Demon Form","Double Tap","Demonic Infusion"],"relics":["Burning Blood","Thread and Needle","Pet Ghost","Hallownest:DreamNailRelic","Pantograph","infinitespire:Cupcake"],"acts_visited":["Exordium","Hallownest:Greenpath"],"potions_floor_usage":[3,7,14,16],"damage_taken":[{"damage":4,"enemies":"2_ Uuma","floor":1,"turns":7},{"damage":0,"enemies":"Hallownest:2_MossCreeps","floor":2,"turns":7},{"damage":6,"enemies":"Hallownest:2_Tiktiks_and_1_Crawlid","floor":3,"turns":3},{"damage":27,"enemies":"Hallownest:2_Tiktiks_1_Baldur_1_Crawlid","floor":4,"turns":9},{"damage":7,"enemies":"Hallownest:monsterFoolEater","floor":5,"turns":3},{"damage":44,"enemies":"Hallownest:eliteCrystalGuardian","floor":7,"turns":6},{"damage":22,"enemies":"Hallownest:Guard_and_Warrior","floor":11,"turns":6},{"damage":15,"enemies":"Hallownest:1_Baldur_1_Crawlid_1_Warrior","floor":12,"turns":5},{"damage":6,"enemies":"Hallownest:eliteVengeflyKing","floor":13,"turns":5},{"damage":10,"enemies":"Hallownest:1_Ooma_and_2_Uuma","floor":14,"turns":4},{"damage":15,"enemies":"Hallownest:BossBrokenVessel","floor":16,"turns":8},{"damage":17,"enemies":"theJungle:5_Spyders","floor":18,"turns":6},{"damage":17,"enemies":"theJungle:MUSHROOMGANG","floor":19,"turns":6},{"damage":31,"enemies":"theJungle:JungleHuntersEncounter","floor":20,"turns":5},{"damage":23,"enemies":"theJungle:Snecko_Cultist_And_Trap","floor":21,"turns":3}],"seed_played":"-5087787307691679202","potions_obtained":[{"floor":2,"key":"FearPotion"},{"floor":5,"key":"blueLaboratory:FruitPunch"},{"floor":13,"key":"Energy Potion"},{"floor":14,"key":"blueLaboratory:FrostheartPotion"},{"floor":20,"key":"PowerPotion"}],"is_trial":false,"path_per_floor":["M","M","M","M","M","R","E","R","T","?","M","M","E","M","R","B",null,"M","M","M","M"],"character_chosen":"IRONCLAD","items_purchased":[],"campfire_rested":3,"item_purchase_floors":[],"current_hp_per_floor":[58,64,64,43,42,66,30,54,54,54,38,29,29,25,49,65,82,71,60,35,12,12],"gold":475,"neow_bonus":"ONE_RARE_RELIC","is_daily":false,"chose_seed":false,"campfire_upgraded":0,"win_rate":0.0,"timestamp":1608492349,"path_taken":["M","M","M","M","M","R","E","R","T","?","?","M","E","M","R","BOSS","M","M","M","M"],"items_purchased_type":[],"build_version":"2020-12-13","purchased_purges":0,"victory":false,"max_hp_per_floor":[80,80,80,80,80,80,82,82,82,82,82,82,82,82,82,82,82,82,82,82,82,82],"card_choices":[{"not_picked":["Clash","Heavy Blade"],"picked":"Life Link","floor":1},{"not_picked":["ReplayTheSpireMod:Strike From Hell","hubris:ReadiedAction"],"picked":"Thunderclap","floor":2},{"not_picked":["True Grit","Ghostly Armor","Clash"],"picked":"SKIP","floor":3},{"not_picked":["Entrench","Havoc"],"picked":"Thunderclap","floor":4},{"not_picked":["Armaments","Pummel"],"picked":"Twin Strike","floor":5},{"not_picked":["Pommel Strike","Armaments"],"picked":"Demon Form","floor":7},{"not_picked":["Bloodletting","Heavy Blade","Carnage"],"picked":"SKIP","floor":11},{"not_picked":["Pummel","Headbutt"],"picked":"Double Tap","floor":12},{"not_picked":["ReplayTheSpireMod:LeadingStrike","Perfected Strike","hubris:ReadiedAction"],"picked":"SKIP","floor":13},{"not_picked":["ReplayTheSpireMod:Limb From Limb","Run Through","ReplayTheSpireMod:LeadingStrike"],"picked":"SKIP","floor":14},{"not_picked":["Impervious","Fiend Fire"],"picked":"Demonic Infusion","floor":16},{"not_picked":["Ghostly Armor","Run Through","Power Through+1"],"picked":"SKIP","floor":18},{"not_picked":["ReplayTheSpireMod:Strike From Hell","Bloodletting","Dropkick"],"picked":"SKIP","floor":19},{"not_picked":["Rampage","Clash","Armaments"],"picked":"SKIP","floor":20}],"player_experience":156552,"relics_obtained":[{"floor":7,"key":"Pet Ghost"},{"floor":13,"key":"Pantograph"}],"event_choices":[],"is_beta":false,"boss_relics":[{"not_picked":["Snecko Eye","Replay:Bronze Core"],"picked":"infinitespire:Cupcake"}],"items_purged_floors":[],"is_endless":false,"potions_floor_spawned":[2,5,13,14,20],"killed_by":"theJungle:Snecko_Cultist_And_Trap","ascension_level":0}}