{"host":"ipcfr4ajj2jkxvg7","time":1608448106,"event":{"mods":["BaseMod","Colored Powertips","GifTheSpireLib","Marisa（F雨　魔理沙）","Minty Spire (QoL Compilation)","Quick Restart","Remilia（蕾米莉亚）","Replay The Spire","RumiaBox-露米娅的神秘盒子","StSLib"],"gold_per_floor":[18,34,134,13,31,57,76,94,94,94,120,136,168,180,180,280,280,295,295,117,130,146,146,146,180,204,204,219,233,258,269,269,368,368,388,388,107,122,122,152,162,191,216,232,82,94,104,136,136,136],"floor_reached":51,"playtime":1266,"items_purged":["Defend_MRS","Defend_MRS","Shame","Strike_MRS"],"score":1490,"play_id":"d1ebdadb-13f8-47f7-a1b2-6c85d3f602be","local_time":"20201220150826","is_ascension_mode":true,"campfire_choices":[{"floor":10.0,"key":"REST"},{"floor":15.0,"key":"REST"},{"data":"MilkyWay","floor":23.0,"key":"SMITH"},{"data":"PowerUp","floor":27.0,"key":"SMITH"},{"data":"PowerUp","floor":32.0,"key":"SMITH"},{"data":"EnergyFlow","floor":49.0,"key":"SMITH"}],"circlet_count":0,"master_deck":["AscendersBane","Strike_MRS","Strike_MRS","Strike_MRS","UpSweep","PowerUp+1","MilkyWay+1","PowerUp+1","AlicesGift","AlicesGift","DeepEcoloBomb","PropBag","EarthLightRay","PowerUp","MachineGunSpark","EarthLightRay","PowerUp","PowerUp+1","OrrerysSun","Bandage Up","MilkyWay+1","ManaConvection","PowerUp+1","EnergyFlow+1"],"relics":["MiniHakkero","AddBug","SecretRecord","SecretRecord","SecretRecord","SecretRecord","SecretRecord","SecretRecord","SecretRecord","SecretRecord","SecretRecord","SecretRecord","SecretRecord","SecretRecord","SecretRecord","SecretRecord","SecretRecord","SecretRecord","SecretRecord"],"acts_visited":["Exordium","TheCity","TheBeyond"],"potions_floor_usage":[50],"damage_taken":[{"damage":1.0,"enemies":"Cultist","floor":1.0,"turns":3.0},{"damage":3.0,"enemies":"2 Louse","floor":2.0,"turns":2.0},{"damage":5.0,"enemies":"Small Slimes","floor":5.0,"turns":2.0},{"damage":20.0,"enemies":"3 Sentries","floor":6.0,"turns":5.0},{"damage":12.0,"enemies":"Exordium Thugs","floor":7.0,"turns":2.0},{"damage":16.0,"enemies":"3 Louse","floor":8.0,"turns":2.0},{"damage":0.0,"enemies":"Gremlin Nob","floor":11.0,"turns":2.0},{"damage":1.0,"enemies":"2 Fungi Beasts","floor":12.0,"turns":2.0},{"damage":0.0,"enemies":"Lagavulin","floor":13.0,"turns":3.0},{"damage":16.0,"enemies":"Lots of Slimes","floor":14.0,"turns":3.0},{"damage":4.0,"enemies":"Hexaghost","floor":16.0,"turns":6.0},{"damage":0.0,"enemies":"Chosen","floor":18.0,"turns":2.0},{"damage":14.0,"enemies":"Shell Parasite","floor":21.0,"turns":2.0},{"damage":0.0,"enemies":"Snake Plant","floor":22.0,"turns":1.0},{"damage":30.0,"enemies":"Slavers","floor":25.0,"turns":4.0},{"damage":12.0,"enemies":"Cultist and Chosen","floor":28.0,"turns":3.0},{"damage":6.0,"enemies":"Shelled Parasite and Fungi","floor":29.0,"turns":3.0},{"damage":21.0,"enemies":"Book of Stabbing","floor":30.0,"turns":3.0},{"damage":6.0,"enemies":"3 Cultists","floor":31.0,"turns":3.0},{"damage":25.0,"enemies":"Collector","floor":33.0,"turns":4.0},{"damage":26.0,"enemies":"Orb Walker","floor":35.0,"turns":4.0},{"damage":19.0,"enemies":"3 Darklings","floor":38.0,"turns":3.0},{"damage":66.0,"enemies":"Nemesis","floor":40.0,"turns":3.0},{"damage":0.0,"enemies":"Jaw Worm Horde","floor":41.0,"turns":3.0},{"damage":6.0,"enemies":"Giant Head","floor":42.0,"turns":2.0},{"damage":0.0,"enemies":"Maw","floor":44.0,"turns":3.0},{"damage":26.0,"enemies":"3 Darklings","floor":46.0,"turns":4.0},{"damage":0.0,"enemies":"Writhing Mass","floor":47.0,"turns":2.0},{"damage":0.0,"enemies":"Reptomancer","floor":48.0,"turns":2.0},{"damage":22,"enemies":"Awakened One","floor":50,"turns":4}],"seed_played":"4861834757983078023","potions_obtained":[{"floor":2.0,"key":"Cursed Concoction"},{"floor":7.0,"key":"Swift Potion"},{"floor":8.0,"key":"Elixir"},{"floor":12.0,"key":"SpeedPotion"},{"floor":29.0,"key":"Regen Potion"},{"floor":33.0,"key":"Block Potion"},{"floor":35.0,"key":"LiquidMemories"}],"is_trial":false,"path_per_floor":["M","M","?","$","M","E","M","M","T","R","E","M","E","M","R","B",null,"M","?","$","M","M","R","?","E","T","R","M","M","E","M","R","B",null,"M","?","$","M","?","E","M","E","T","M","$","M","M","E","R","B",null],"character_chosen":"MARISA","items_purchased":["PowerUp","MachineGunSpark","OrrerysSun","ReplayTheSpireMod:CursedCoin","Bandage Up"],"campfire_rested":2,"item_purchase_floors":[4,20,37,37,37],"current_hp_per_floor":[67,64,64,64,59,39,27,11,11,33,33,32,32,22,44,47,68,75,75,75,61,61,61,61,47,47,47,51,53,41,55,55,50,69,62,62,62,73,73,26,75,69,69,75,75,62,75,75,75,75],"gold":136,"neow_bonus":"REMOVE_TWO","is_daily":false,"chose_seed":false,"campfire_upgraded":4,"win_rate":0.0,"timestamp":1608448106,"path_taken":["M","?","?","$","?","E","M","M","T","R","E","M","E","M","R","BOSS","M","?","?","M","M","R","?","E","T","R","M","M","E","M","R","BOSS","M","?","$","M","?","E","M","E","T","?","$","M","M","E","R","BOSS"],"items_purchased_type":["Card","Card","Card","Relic","Card"],"build_version":"2020-12-13","purchased_purges":4,"victory":true,"max_hp_per_floor":[75,75,75,75,75,75,75,75,75,75,75,75,75,75,75,75,75,75,75,75,75,75,75,75,75,75,75,75,75,75,75,75,75,75,75,75,75,75,75,75,75,75,75,75,75,75,75,75,75,75],"card_choices":[{"not_picked":["MysteriousBeam","NonDirectionalLaser"],"picked":"PowerUp","floor":1.0},{"not_picked":["NonDirectionalLaser","AsteroidBelt"],"picked":"MilkyWay","floor":2.0},{"not_picked":["DC","GravityBeat","Occultation"],"picked":"SKIP","floor":5.0},{"not_picked":["CollectingQuirk","ShootTheMoon"],"picked":"AlicesGift","floor":6.0},{"not_picked":["Occultation","GrandCross"],"picked":"AlicesGift","floor":7.0},{"not_picked":["Occultation","Acceleration"],"picked":"DeepEcoloBomb","floor":8.0},{"not_picked":["UnstableBomb","LuminesStrike","WitchOfGreed"],"picked":"SKIP","floor":11.0},{"not_picked":["IllusionStar","GasGiant"],"picked":"PropBag","floor":12.0},{"not_picked":["DC","SuperPerseids"],"picked":"EarthLightRay","floor":13.0},{"not_picked":["AbsoluteMagnitude","MysteriousBeam","ChargingUp"],"picked":"SKIP","floor":14.0},{"not_picked":["GrandCross","IllusionStar"],"picked":"PowerUp","floor":18.0},{"not_picked":["DarkSpark","SprinkleStarSeal","NonDirectionalLaser"],"picked":"SKIP","floor":21.0},{"not_picked":["SporeBomb","Occultation+1"],"picked":"EarthLightRay","floor":22.0},{"not_picked":["LuminesStrike","GravityBeat","AsteroidBelt"],"picked":"SKIP","floor":25.0},{"not_picked":["ShootingEcho","NonDirectionalLaser","MysteriousBeam+1"],"picked":"SKIP","floor":28.0},{"not_picked":["MysteriousBeam","DC","BlazeAway"],"picked":"SKIP","floor":29.0},{"not_picked":["GravityBeat","DragonMeteor"],"picked":"PowerUp","floor":30.0},{"not_picked":["IllusionStar","ShootingEcho","GrandCross"],"picked":"SKIP","floor":31.0},{"not_picked":["IllusionStar","UnstableBomb"],"picked":"PowerUp+1","floor":35.0},{"not_picked":["ChargeUpSpray+1","NonDirectionalLaser","MagicAbsorber"],"picked":"SKIP","floor":38.0},{"not_picked":["OpenUniverse","RefractionSpark","ShootingEcho"],"picked":"SKIP","floor":40.0},{"not_picked":["EventHorizon","AsteroidBelt"],"picked":"ManaConvection","floor":41.0},{"not_picked":["EarthLightRay","6A"],"picked":"PowerUp+1","floor":42.0},{"not_picked":["IllusionStar","SporeBomb","MysteriousBeam"],"picked":"SKIP","floor":44.0},{"not_picked":["AsteroidBelt","DarkSpark","MysteriousBeam"],"picked":"SKIP","floor":46.0},{"not_picked":["WitchLeyline","GravityBeat"],"picked":"EnergyFlow","floor":47.0},{"not_picked":["6A","MysteriousBeam+1","Singularity"],"picked":"SKIP","floor":48.0}],"player_experience":405531,"relics_obtained":[{"floor":1.0,"key":"AddBug"},{"floor":6.0,"key":"MagicBroom"},{"floor":9.0,"key":"Sundial"},{"floor":11.0,"key":"Orichalcum"},{"floor":12.0,"key":"SecretRecord"},{"floor":13.0,"key":"Thread and Needle"},{"floor":14.0,"key":"SecretRecord"},{"floor":22.0,"key":"SecretRecord"},{"floor":25.0,"key":"PlanX"},{"floor":26.0,"key":"Boot"},{"floor":29.0,"key":"SecretRecord"},{"floor":30.0,"key":"SecretRecord"},{"floor":30.0,"key":"Chameleon Ring"},{"floor":31.0,"key":"SecretRecord"},{"floor":33.0,"key":"SecretRecord"},{"floor":35.0,"key":"SecretRecord"},{"floor":38.0,"key":"SecretRecord"},{"floor":40.0,"key":"SecretRecord"},{"floor":40.0,"key":"Divine Protection"},{"floor":41.0,"key":"SecretRecord"},{"floor":42.0,"key":"SecretRecord"},{"floor":42.0,"key":"ReplayTheSpireMod:TigerMarble"},{"floor":43.0,"key":"ReplayFunnel"},{"floor":44.0,"key":"SecretRecord"},{"floor":46.0,"key":"SecretRecord"},{"floor":47.0,"key":"SecretRecord"},{"floor":48.0,"key":"SecretRecord"},{"floor":48.0,"key":"Replay:Ringing Soul"}],"event_choices":[{"damage_healed":0.0,"max_hp_gain":0.0,"max_hp_loss":0.0,"gold_gain":100.0,"event_name":"Golden Shrine","player_choice":"Pray","floor":3.0,"gold_loss":0.0,"damage_taken":0.0},{"damage_healed":0.0,"max_hp_gain":0.0,"max_hp_loss":0.0,"gold_gain":0.0,"event_name":"Lab","player_choice":"Got Potions","floor":19.0,"gold_loss":0.0,"damage_taken":0.0},{"cards_removed":["MasterSpark"],"damage_healed":0.0,"max_hp_gain":0.0,"max_hp_loss":0.0,"gold_gain":0.0,"event_name":"Falling","player_choice":"Removed Attack","floor":36.0,"gold_loss":0.0,"damage_taken":0.0},{"damage_healed":0.0,"max_hp_gain":0.0,"max_hp_loss":0.0,"gold_gain":0.0,"event_name":"Duplicator","player_choice":"Copied","floor":39.0,"gold_loss":0.0,"damage_taken":0.0,"cards_obtained":["MilkyWay"]}],"is_beta":false,"boss_relics":[{"not_picked":["Kintsugi","Sozu"],"picked":"SacredBark"},{"not_picked":["EasyGame_NEW","Ring of Chaos"],"picked":"Painkiller Herb"}],"items_purged_floors":[4,20,37,45],"is_endless":false,"potions_floor_spawned":[2,7,8,12,16,18,28,29,30,33,35,38,44,46,47],"ascension_level":12}}