{"host":"6pgtslebjnyv5xmi","time":1608472631,"event":{"mods":["AchievementEnabler","BaseMod","Colored Map","Minty Spire (QoL Compilation)","Rare Cards Sparkle","SuperFastMode","everything is the same but u backflip on backflip"],"gold_per_floor":[116,37,54,73,49,49,78,78,78,96,21,33,60,72,72,72,72],"floor_reached":16,"playtime":699,"items_purged":["Strike_G"],"score":123,"play_id":"836b0653-9fd1-4602-8266-65a7f2d16a8b","local_time":"20201220225711","is_ascension_mode":true,"campfire_choices":[{"data":"Noxious Fumes","floor":6,"key":"SMITH"},{"data":"Catalyst","floor":15,"key":"SMITH"}],"circlet_count":0,"master_deck":["Strike_G","Strike_G","Strike_G","Strike_G","Defend_G","Defend_G","Defend_G","Defend_G","Defend_G","Survivor","Neutralize","Glass Knife","Noxious Fumes+1","Noxious Fumes","PiercingWail","Catalyst+1","Catalyst","Footwork"],"relics":["Ring of the Snake","Ice Cream","HornCleat","Ginger","Calipers"],"acts_visited":["Exordium"],"potions_floor_usage":[7,7,16],"damage_taken":[{"damage":2,"enemies":"Jaw Worm","floor":1,"turns":3},{"damage":0,"enemies":"Small Slimes","floor":3,"turns":3},{"damage":0,"enemies":"Cultist","floor":4,"turns":4},{"damage":8,"enemies":"Lagavulin","floor":7,"turns":7},{"damage":0,"enemies":"Red Slaver","floor":10,"turns":5},{"damage":9,"enemies":"3 Louse","floor":12,"turns":3},{"damage":11,"enemies":"3 Sentries","floor":13,"turns":6},{"damage":12,"enemies":"Exordium Thugs","floor":14,"turns":4},{"damage":25,"enemies":"Slime Boss","floor":16,"turns":3}],"seed_played":"3026840651979239253","potions_obtained":[{"floor":1,"key":"ColorlessPotion"},{"floor":4,"key":"PowerPotion"},{"floor":10,"key":"FearPotion"}],"is_trial":false,"path_per_floor":["M","$","M","M","$","R","E","?","T","M","$","M","E","M","R","B"],"character_chosen":"THE_SILENT","items_purchased":["Noxious Fumes","PiercingWail"],"campfire_rested":0,"item_purchase_floors":[2,5],"current_hp_per_floor":[68,68,68,68,68,68,60,53,53,53,53,44,33,21,21,0,0],"gold":72,"neow_bonus":"ONE_RANDOM_RARE_CARD","is_daily":false,"chose_seed":false,"campfire_upgraded":2,"win_rate":0.0,"timestamp":1608472631,"path_taken":["M","$","M","M","$","R","E","?","T","M","$","M","E","M","R","BOSS"],"items_purchased_type":["Card","Card"],"build_version":"2020-12-13","purchased_purges":1,"victory":false,"max_hp_per_floor":[70,70,70,70,70,70,70,70,70,70,70,70,70,70,70,70,70],"card_choices":[{"not_picked":["Well Laid Plans","Deadly Poison"],"picked":"Noxious Fumes","floor":1},{"not_picked":["Finisher","Dash","Poisoned Stab"],"picked":"SKIP","floor":3},{"not_picked":["Eviscerate","Blade Dance","Heel Hook"],"picked":"SKIP","floor":4},{"not_picked":["Acrobatics","Masterful Stab","Tools of the Trade"],"picked":"SKIP","floor":7},{"not_picked":["Underhanded Strike","Dagger Throw","Tactician"],"picked":"SKIP","floor":10},{"not_picked":["Footwork","Dagger Throw"],"picked":"Catalyst","floor":12},{"not_picked":["Bane","Deflect"],"picked":"Catalyst","floor":13},{"not_picked":["Bane","Poisoned Stab"],"picked":"Footwork","floor":14}],"player_experience":296777,"relics_obtained":[{"floor":7,"key":"Ice Cream"},{"floor":9,"key":"Ginger"},{"floor":13,"key":"Calipers"}],"event_choices":[{"damage_healed":0,"gold_gain":0,"player_choice":"Success","damage_taken":7,"relics_obtained":["HornCleat"],"max_hp_gain":0,"max_hp_loss":0,"event_name":"Scrap Ooze","floor":8,"gold_loss":0}],"is_beta":false,"boss_relics":[],"items_purged_floors":[11],"is_endless":false,"potions_floor_spawned":[1,4,10],"killed_by":"Slime Boss","ascension_level":2}}