{"host":"2wksfjtj8fwk6gfi","time":1608444279,"event":{"mods":["BaseMod","Minty Spire (QoL Compilation)","Quick Restart","StSLib"],"gold_per_floor":[112,112,12,187,211,211,240,140,140,152,183,233,245,257,269,281,281],"floor_reached":16,"playtime":679,"items_purged":["Injury","Doubt"],"score":161,"play_id":"937acdfa-0d1f-4d65-a844-982fd0bfce4d","local_time":"20201220140439","is_ascension_mode":true,"campfire_choices":[{"data":"Footwork","floor":6.0,"key":"SMITH"},{"data":"Night Terror","floor":13.0,"key":"SMITH"},{"floor":15.0,"key":"REST"}],"circlet_count":0,"master_deck":["Strike_G","Strike_G","Strike_G","Strike_G","Strike_G","Defend_G","Defend_G","Defend_G","Defend_G","Defend_G","Survivor","Neutralize","Footwork+1","Acrobatics","Poisoned Stab","Footwork","Parasite","Night Terror+1"],"relics":["Cursed Key","Golden Idol","Odd Mushroom","MawBank","Pear","Kunai"],"acts_visited":[],"potions_floor_usage":[],"damage_taken":[{"damage":6.0,"enemies":"Jaw Worm","floor":1.0,"turns":5.0},{"damage":7.0,"enemies":"2 Louse","floor":5.0,"turns":5.0},{"damage":25.0,"enemies":"The Mushroom Lair","floor":7.0,"turns":8.0},{"damage":6.0,"enemies":"Cultist","floor":11.0,"turns":5.0},{"damage":6.0,"enemies":"Gremlin Nob","floor":12.0,"turns":6.0},{"damage":51,"enemies":"Slime Boss","floor":16,"turns":14}],"seed_played":"8311851346380844902","potions_obtained":[{"floor":5.0,"key":"EssenceOfSteel"},{"floor":12.0,"key":"Ancient Potion"}],"is_trial":false,"path_per_floor":["M","?","$","?","M","R","?","$","T","$","M","E","R","?","R","B"],"character_chosen":"THE_SILENT","items_purchased":["Acrobatics"],"campfire_rested":1,"item_purchase_floors":[3],"current_hp_per_floor":[64,64,64,64,57,57,32,32,32,32,26,30,30,27,51,0,0],"gold":281,"neow_bonus":"BOSS_RELIC","is_daily":false,"chose_seed":false,"campfire_upgraded":2,"win_rate":0.0,"timestamp":1608444279,"path_taken":["M","?","$","?","M","R","?","$","T","?","?","E","R","?","R","BOSS"],"items_purchased_type":["Card"],"build_version":"2020-12-13","purchased_purges":2,"victory":false,"max_hp_per_floor":[70,70,70,70,70,70,70,70,70,70,70,80,80,80,80,80,80],"card_choices":[{"not_picked":["Slice","Eviscerate"],"picked":"Footwork","floor":1.0},{"not_picked":["Sucker Punch","PiercingWail"],"picked":"Poisoned Stab","floor":5.0},{"not_picked":["Outmaneuver","Cloak And Dagger"],"picked":"Footwork","floor":7.0},{"not_picked":["Slice","Acrobatics","Prepared"],"picked":"SKIP","floor":11.0},{"not_picked":["Catalyst","Masterful Stab"],"picked":"Night Terror","floor":12.0}],"player_experience":163364,"relics_obtained":[{"floor":7.0,"key":"Odd Mushroom"},{"floor":9.0,"key":"MawBank"},{"floor":12.0,"key":"Pear"}],"event_choices":[{"damage_healed":0.0,"max_hp_gain":0.0,"max_hp_loss":0.0,"gold_gain":0.0,"event_name":"Golden Idol","player_choice":"Take Wound","floor":2.0,"gold_loss":0.0,"damage_taken":0.0,"relics_obtained":["Golden Idol"],"cards_obtained":["Injury"]},{"damage_healed":0.0,"max_hp_gain":0.0,"max_hp_loss":0.0,"gold_gain":175.0,"event_name":"Liars Game","player_choice":"AGREE","floor":4.0,"gold_loss":0.0,"damage_taken":0.0,"cards_obtained":["Doubt"]},{"damage_healed":0.0,"max_hp_gain":0.0,"max_hp_loss":0.0,"gold_gain":0.0,"event_name":"Mushrooms","player_choice":"Fought Mushrooms","floor":7.0,"gold_loss":0.0,"damage_taken":0.0},{"damage_healed":0.0,"max_hp_gain":0.0,"max_hp_loss":0.0,"gold_gain":0.0,"event_name":"Scrap Ooze","player_choice":"Success","floor":14.0,"gold_loss":0.0,"damage_taken":3.0,"relics_obtained":["Kunai"]}],"is_beta":false,"boss_relics":[],"items_purged_floors":[3,8],"is_endless":false,"potions_floor_spawned":[5,12],"killed_by":"Slime Boss","ascension_level":2}}