{"host":"ix2a18c4ohfsrslv","time":1608440629,"event":{"mods":["BaseMod","Better Third Choice","Challenge The Spire","Downfall","Marisa????????","Minty Spire (QoL Compilation)","Replay The Spire","StSLib","The Blue Laboratory"],"gold_per_floor":[117,392,409,427,441,468,341,341,364,364,383,383,383,383,383,482,482,495,495,410,171,23,23,38,38,38,38,48,48,81,94,94,194,194,209,259,134,153,153,168,168,168,193,193,213,15,15,27,27,27,27],"floor_reached":50,"playtime":3349,"items_purged":["ReplayTheSpireMod:Restless Dread","Dualcast+1","Strike_B"],"score":583,"play_id":"b3baf557-89fe-44e9-9e31-c08f82d131af","local_time":"20201219210349","is_ascension_mode":false,"campfire_choices":[{"floor":8,"key":"REST"},{"data":"Genetic Algorithm","floor":10,"key":"SMITH"},{"floor":12,"key":"REST"},{"data":"Regret","floor":15,"key":"PURGE"},{"data":"Self Repair","floor":23,"key":"SMITH"},{"data":"Conserve Battery","floor":25,"key":"SMITH"},{"data":"Beam Cell","floor":29,"key":"SMITH"},{"data":"Streamline","floor":32,"key":"SMITH"},{"data":"Seek","floor":41,"key":"SMITH"},{"data":"Hologram","floor":44,"key":"SMITH"},{"floor":47,"key":"REST"},{"data":"Machine Learning","floor":49,"key":"SMITH"}],"circlet_count":0,"master_deck":["Strike_B","Strike_B","Strike_B+1","Defend_B+1","Defend_B+1","Defend_B","Defend_B","Gash","Reprogram+1","Genetic Algorithm+1","Conserve Battery+1","Self Repair+1","Machine Learning+1","BootSequence+1","Beam Cell+1","Hologram+1","Go for the Eyes+1","Sweeping Beam+1","Steam+1","Streamline+1","Seek+1","AbeCurse","ReplayGash+1","Steam+1"],"relics":["Cracked Core","NeowsBlessing","Centennial Puzzle","ReplayTheSpireMod:CursedCoin","Gremlin Food","Blood Vial","MealTicket","Nuclear Battery","Replay:Rubber Ducky","War Paint","Pear","Simple Rune","Abe\u0027s Treasure","champ:DuelingGlove","Oddly Smooth Stone","Membership Card"],"acts_visited":["Exordium","TheCity","TheBeyond"],"potions_floor_usage":[6,16,16,33,36,40,40,50,50],"damage_taken":[{"damage":0,"enemies":"Jaw Worm","floor":1,"turns":1},{"damage":0,"enemies":"Cultist","floor":3,"turns":1},{"damage":0,"enemies":"Small Slimes","floor":4,"turns":1},{"damage":9,"enemies":"Blue Slaver","floor":5,"turns":4},{"damage":34,"enemies":"3 Sentries","floor":6,"turns":7},{"damage":13,"enemies":"Large Slime","floor":11,"turns":9},{"damage":47,"enemies":"Slime Boss","floor":16,"turns":17},{"damage":8,"enemies":"Chosen","floor":18,"turns":6},{"damage":10,"enemies":"Spheric Guardian","floor":24,"turns":6},{"damage":0,"enemies":"Snake Plant","floor":28,"turns":6},{"damage":0,"enemies":"Book of Stabbing","floor":30,"turns":6},{"damage":7,"enemies":"Snecko","floor":31,"turns":6},{"damage":0,"enemies":"Champ","floor":33,"turns":11},{"damage":0,"enemies":"Orb Walker","floor":35,"turns":4},{"damage":24,"enemies":"Mind Bloom Boss Battle","floor":36,"turns":7},{"damage":25,"enemies":"3 Shapes","floor":38,"turns":4},{"damage":17,"enemies":"3 Darklings","floor":40,"turns":4},{"damage":20,"enemies":"Writhing Mass","floor":45,"turns":7},{"damage":14,"enemies":"4 Shapes","floor":48,"turns":5},{"damage":92,"enemies":"Replay:Hell Engine","floor":50,"turns":18}],"seed_played":"20482379835871383","potions_obtained":[{"floor":1,"key":"Adrenaline Potion"},{"floor":3,"key":"champ:CounterPotion"},{"floor":6,"key":"blueLaboratory:PhilterOfMotion"},{"floor":18,"key":"LiquidBronze"},{"floor":31,"key":"blueLaboratory:RecallPotion"},{"floor":33,"key":"blueLaboratory:ConsumingVoid"},{"floor":36,"key":"AttackPotion"},{"floor":38,"key":"SkillPotion"},{"floor":39,"key":"DistilledChaos"}],"is_trial":false,"path_per_floor":["M","?","M","M","M","E","$","R","T","R","M","R","?","?","R","B",null,"M","?","?","$","$","R","M","R","T","$","M","R","E","M","R","B",null,"M","?","$","M","?","M","R","?","T","R","M","$","R","M","R","B"],"character_chosen":"DEFECT","items_purchased":["ReplayTheSpireMod:CursedCoin","Gremlin Food","Conserve Battery","Beam Cell","Hologram","Go for the Eyes+1","War Paint","Membership Card","Dexterity Potion","Steam+1"],"campfire_rested":3,"item_purchase_floors":[7,7,7,21,21,21,22,46,46,46],"current_hp_per_floor":[75,75,75,75,66,32,32,54,54,54,43,65,62,55,55,17,75,74,60,60,75,80,80,80,80,90,90,90,90,90,90,90,90,90,90,76,90,75,75,70,70,70,70,70,62,77,90,86,86,0,0],"gold":27,"neow_bonus":"THREE_ENEMY_KILL","is_daily":false,"chose_seed":false,"campfire_upgraded":8,"win_rate":0.0,"timestamp":1608440629,"path_taken":["M","?","?","M","M","E","$","R","T","R","M","R","?","?","R","BOSS","M","?","?","?","$","R","?","R","T","?","M","R","E","M","R","BOSS","M","?","$","M","?","?","R","?","T","R","M","$","R","M","R","BOSS"],"items_purchased_type":["Relic","Relic","Card","Card","Card","Card","Relic","Relic","Potion","Card"],"build_version":"2020-12-13","purchased_purges":3,"victory":false,"max_hp_per_floor":[75,75,75,75,75,75,75,75,75,75,75,75,75,75,75,75,75,75,80,80,80,80,80,80,80,90,90,90,90,90,90,90,90,90,90,90,90,90,90,90,90,90,90,90,90,90,90,90,90,90,90],"card_choices":[{"not_picked":["Streamline","Coolheaded"],"picked":"Gash","floor":1},{"not_picked":["Conserve Battery","Stack"],"picked":"Reprogram","floor":3},{"not_picked":["Coolheaded","Sweeping Beam","ReplayTheSpireMod:GoodbyeWorld"],"picked":"SKIP","floor":4},{"not_picked":["BasicCrystalCard","Auto Shields","Amplify"],"picked":"SKIP","floor":5},{"not_picked":["Glacier","Lockon"],"picked":"Genetic Algorithm","floor":6},{"not_picked":["Barrage","Loop"],"picked":"Self Repair","floor":11},{"not_picked":["Creative AI","Rainbow"],"picked":"Machine Learning","floor":16},{"not_picked":["Cold Snap","ReplayTheSpireMod:Repulse"],"picked":"BootSequence","floor":18},{"not_picked":["Skim","Static Discharge+1"],"picked":"Sweeping Beam+1","floor":24},{"not_picked":["Conserve Battery","ReplayTheSpireMod:Repulse+1"],"picked":"Steam","floor":28},{"not_picked":["ReplayTheSpireMod:Calculation Training","Stack"],"picked":"Streamline","floor":30},{"not_picked":["Loop","Go for the Eyes","Force Field+1"],"picked":"SKIP","floor":31},{"not_picked":["Rainbow","Amplify"],"picked":"Seek","floor":33},{"not_picked":["ReplaySort","Ball Lightning+1","Skim"],"picked":"SKIP","floor":35},{"not_picked":["Time Bomb","Consume"],"picked":"ReplayGash+1","floor":38},{"not_picked":["Sweeping Beam+1","Beam Cell+1","Barrage"],"picked":"SKIP","floor":40},{"not_picked":["ReplaySolidLightProjector+1","FIFO Queue","Coolheaded"],"picked":"SKIP","floor":45},{"not_picked":["Ball Lightning","Beam Cell+1","Mirror Shield"],"picked":"SKIP","floor":48}],"player_experience":69997,"relics_obtained":[{"floor":6,"key":"Centennial Puzzle"},{"floor":9,"key":"Blood Vial"},{"floor":26,"key":"Pear"},{"floor":30,"key":"Simple Rune"},{"floor":36,"key":"champ:DuelingGlove"},{"floor":43,"key":"Oddly Smooth Stone"}],"event_choices":[{"damage_healed":0,"gold_gain":275,"player_choice":"Desecrate","damage_taken":0,"max_hp_gain":0,"max_hp_loss":0,"event_name":"Golden Shrine","floor":2,"gold_loss":0,"cards_obtained":["Regret"]},{"damage_healed":0,"gold_gain":0,"player_choice":"Relic ","damage_taken":3,"max_hp_gain":0,"max_hp_loss":0,"event_name":"betterThird:BetterScrap","floor":13,"gold_loss":0,"cards_obtained":["ReplayTheSpireMod:Corrosion Curse"]},{"cards_removed":["Zap"],"damage_healed":0,"gold_gain":0,"player_choice":"Card Removal","damage_taken":7,"max_hp_gain":0,"max_hp_loss":0,"event_name":"Golden Wing","floor":14,"gold_loss":0},{"damage_healed":0,"gold_gain":0,"player_choice":"Shed Blood","damage_taken":19,"max_hp_gain":5,"max_hp_loss":0,"event_name":"Forgotten Altar","floor":19,"gold_loss":0},{"damage_healed":0,"gold_gain":0,"player_choice":"Obtained Relic","damage_taken":0,"relics_obtained":["Replay:Rubber Ducky"],"max_hp_gain":0,"max_hp_loss":0,"event_name":"Addict","floor":20,"gold_loss":85},{"damage_healed":0,"gold_gain":0,"player_choice":"Fight","damage_taken":0,"max_hp_gain":0,"max_hp_loss":0,"event_name":"MindBloom","floor":36,"gold_loss":0},{"damage_healed":0,"gold_gain":0,"player_choice":"Got Potions","damage_taken":0,"max_hp_gain":0,"max_hp_loss":0,"event_name":"Lab","floor":39,"gold_loss":0},{"damage_healed":0,"gold_gain":0,"player_choice":"Ignored","damage_taken":0,"max_hp_gain":0,"max_hp_loss":0,"event_name":"Mysterious Sphere","floor":42,"gold_loss":0}],"is_beta":false,"boss_relics":[{"not_picked":["Sozu","Replay:Wanted Poster"],"picked":"Nuclear Battery"},{"not_picked":["Snecko Eye","Ring of Chaos"],"picked":"Abe\u0027s Treasure"}],"items_purged_floors":[7,21,37],"is_endless":false,"potions_floor_spawned":[1,3,6,18,31,33,36,38],"killed_by":"Replay:Hell Engine","ascension_level":0}}