{"host":"3z9xbwjeimmg738z","time":1608429846,"event":{"mods":["2.2 Compatiblity","Act Like it!","AlwaysNeverKeys","Aspiration","Bard","Bartender","BaseMod","Beaked The Cultist","Better Altar","Better Match","Better Note","Better Sensory Stone","Better Skull","Better Third Choice","CapriCore","ChefMod","Colored Powertips","Defuse TimeMaze Blight","Dio Mod","Displayed Cursed Tome","Emptier Cage","Faster Ascension Climbing","Gensokyo","GifTheSpireLib","Hallownest","Hubris","JesterMod","KinomotoSakuraMod(????)","Koishi","Mari Mod (Legacy)","Mari\u0027s V1 Patch","Marisa????????","Minty Spire (QoL Compilation)","Pale of the Ancients","Permanent Neow","Replay The Spire","Robot Space Explorer","Shop Mod","StSLib","Stuff the Spire","The Accelerator","The Immortal","The Marked","The Mystic","The Servant 0.9.4","TheArtist","Uncapped","Wandering Minibosses","vexMod"],"gold_per_floor":[114,39,57,73,92,120,120],"floor_reached":6,"playtime":600,"items_purged":[],"score":50,"play_id":"843c99c2-86df-43f4-a592-d30b08f766f5","local_time":"20201219180406","daily_mods":["ControlledChaos"],"is_ascension_mode":true,"campfire_choices":[],"circlet_count":0,"master_deck":["theMarked:Strike","theMarked:Strike","theMarked:Strike","theMarked:Strike","theMarked:Strike","theMarked:Defend","theMarked:Defend","theMarked:Defend","theMarked:Defend","theMarked:SoldierOfQuellstein","theMarked:DeterminationOfTheMarked","Transmutation+1","theMarked:Reabsorb","theMarked:EmpowerWeapon"],"relics":["theMarked:ArtifactOfAir","Frozen Eye","StuffTheSpire:Nightcore"],"acts_visited":["Hallownest:Greenpath"],"potions_floor_usage":[6,6],"damage_taken":[{"damage":19,"enemies":"Hallownest:monsterHuskGuard","floor":1,"turns":4},{"damage":0,"enemies":"2_ Uuma","floor":3,"turns":5},{"damage":0,"enemies":"Hallownest:monsterHuskWarrior","floor":4,"turns":3},{"damage":2,"enemies":"Hallownest:monsterAspidMother","floor":5,"turns":8},{"damage":42,"enemies":"Hallownest:eliteCrystalGuardian","floor":6,"turns":6}],"seed_played":"464597421384950616","potions_obtained":[{"floor":3,"key":"BlessingOfTheForge"},{"floor":4,"key":"Weak Potion"}],"is_trial":true,"path_per_floor":["M","?","M","M","M","E"],"character_chosen":"THE_DEFAULT","items_purchased":[],"campfire_rested":0,"item_purchase_floors":[],"current_hp_per_floor":[51,51,51,51,49,7,7],"gold":120,"neow_bonus":"","is_daily":false,"chose_seed":false,"campfire_upgraded":0,"win_rate":0.0,"timestamp":1608429846,"path_taken":["M","?","M","M","M","E"],"items_purchased_type":[],"build_version":"2020-12-13","purchased_purges":0,"victory":false,"max_hp_per_floor":[70,70,70,70,70,70,70],"card_choices":[{"not_picked":["theMarked:Aftermath","theMarked:SwordAndMagic"],"picked":"theMarked:DeterminationOfTheMarked","floor":1},{"not_picked":["HandOfGreed+1","Chrysalis+1"],"picked":"Transmutation+1","floor":2},{"not_picked":["theMarked:Improvise","theMarked:Opportunist","theMarked:DeterminationOfTheMarked"],"picked":"SKIP","floor":3},{"not_picked":["theMarked:Generate","theMarked:WardOff"],"picked":"theMarked:Reabsorb","floor":4},{"not_picked":["theMarked:Static","theMarked:Overcharge","theMarked:Parkour"],"picked":"SKIP","floor":5},{"not_picked":["theMarked:Overcharge","theMarked:WastefulDefense"],"picked":"theMarked:EmpowerWeapon","floor":6}],"player_experience":394702,"relics_obtained":[{"floor":6,"key":"StuffTheSpire:Nightcore"}],"event_choices":[{"damage_healed":0,"gold_gain":0,"player_choice":"2","damage_taken":0,"max_hp_gain":0,"max_hp_loss":0,"event_name":"betterMatch:BetterMatch","floor":2,"gold_loss":0,"cards_obtained":["betterMatch:ColorlessRareCard"]}],"is_beta":false,"boss_relics":[],"items_purged_floors":[],"is_endless":false,"potions_floor_spawned":[3,4],"killed_by":"Hallownest:eliteCrystalGuardian","ascension_level":1}}