{"host":"3jhxjeq8h3mqaq9s","time":1608443222,"event":{"mods":["BaseMod","Bestiary","Colored Map","Highlight Path","Minty Spire (QoL Compilation)","Rare Cards Sparkle","Relic Stats","StSLib","everything is the same but u backflip on backflip","slay the spire mod where everything is the same but ironclad has a cowboy hat"],"gold_per_floor":[114,131,147,163,6,34,34,69,116,116,116,126,126,137,137,236,236,248,173,173,183,193,219,219,248,272,85,85,115,115,148,148,251,251,271,146,146,157,168,194,194,224,524,536,235,254,54,54,54,54,54,54,4,39,39,39],"floor_reached":55,"playtime":3142,"items_purged":["Strike_B","Strike_B","Decay","Defend_B","Defend_B"],"score":1066,"play_id":"644b31c2-5ad5-436d-b06d-40631664b453","local_time":"20201220004702","is_ascension_mode":true,"campfire_choices":[{"floor":7.0,"key":"REST"},{"data":"Defragment","floor":10.0,"key":"SMITH"},{"floor":13.0,"key":"REST"},{"data":"Zap","floor":15.0,"key":"SMITH"},{"floor":24.0,"key":"REST"},{"floor":28.0,"key":"REST"},{"data":"Fission","floor":30.0,"key":"SMITH"},{"floor":32.0,"key":"RECALL"},{"floor":41,"key":"REST"},{"data":"Buffer","floor":49,"key":"SMITH"},{"data":"Ball Lightning","floor":52,"key":"SMITH"}],"circlet_count":0,"master_deck":["Defend_B+1","Zap+1","Dualcast+1","Defragment+1","Fission+1","Sweeping Beam","Electrodynamics","Defragment+1","Leap","Leap","Glacier","Ball Lightning+1","Glacier+1","Ball Lightning+1","Ball Lightning+1","Ball Lightning+1","Conserve Battery+1","Compile Driver","Leap","Buffer+1","Chaos+1","Conserve Battery+1"],"relics":["Cracked Core","Oddly Smooth Stone","Bag of Marbles","White Beast Statue","Orichalcum","SlaversCollar","MutagenicStrength","Anchor","Dead Branch","Membership Card","Boot","Blood Vial","Cursed Key","Centennial Puzzle","Bronze Scales","Smiling Mask","Old Coin","Bag of Preparation","Orrery","War Paint","Lee\u0027s Waffle","Strawberry","Ice Cream"],"acts_visited":["Exordium","TheCity","TheBeyond","TheEnding"],"potions_floor_usage":[39,40,55,55,55],"damage_taken":[{"damage":0.0,"enemies":"2 Louse","floor":1.0,"turns":1.0},{"damage":1.0,"enemies":"Cultist","floor":2.0,"turns":3.0},{"damage":0.0,"enemies":"Small Slimes","floor":3.0,"turns":3.0},{"damage":9.0,"enemies":"3 Louse","floor":4.0,"turns":4.0},{"damage":24.0,"enemies":"Lagavulin","floor":6.0,"turns":7.0},{"damage":24.0,"enemies":"3 Sentries","floor":8.0,"turns":3.0},{"damage":24.0,"enemies":"Exordium Thugs","floor":12.0,"turns":4.0},{"damage":6.0,"enemies":"Exordium Wildlife","floor":14.0,"turns":3.0},{"damage":12.0,"enemies":"Hexaghost","floor":16.0,"turns":9.0},{"damage":6.0,"enemies":"Chosen","floor":18.0,"turns":4.0},{"damage":12.0,"enemies":"Spheric Guardian","floor":21.0,"turns":4.0},{"damage":9.0,"enemies":"Cultist and Chosen","floor":22.0,"turns":6.0},{"damage":18.0,"enemies":"Gremlin Leader","floor":23.0,"turns":4.0},{"damage":14.0,"enemies":"Slavers","floor":25.0,"turns":3.0},{"damage":0.0,"enemies":"Book of Stabbing","floor":29.0,"turns":7.0},{"damage":0.0,"enemies":"Slavers","floor":31.0,"turns":5.0},{"damage":50.0,"enemies":"Champ","floor":33.0,"turns":16.0},{"damage":0.0,"enemies":"3 Shapes","floor":35.0,"turns":6.0},{"damage":1.0,"enemies":"3 Darklings","floor":38.0,"turns":2.0},{"damage":12,"enemies":"Writhing Mass","floor":39,"turns":8},{"damage":49,"enemies":"Giant Head","floor":40,"turns":10},{"damage":15,"enemies":"Reptomancer","floor":42,"turns":5},{"damage":0,"enemies":"Sphere and 2 Shapes","floor":44,"turns":3},{"damage":11,"enemies":"Jaw Worm Horde","floor":46,"turns":3},{"damage":33,"enemies":"Awakened One","floor":50,"turns":20},{"damage":18,"enemies":"Shield and Spear","floor":54,"turns":5},{"damage":69,"enemies":"The Heart","floor":55,"turns":8}],"seed_played":"8405601074704190563","potions_obtained":[{"floor":0.0,"key":"Energy Potion"},{"floor":0.0,"key":"SneckoOil"},{"floor":0.0,"key":"Explosive Potion"},{"floor":1.0,"key":"Weak Potion"},{"floor":3.0,"key":"FairyPotion"},{"floor":6.0,"key":"SkillPotion"},{"floor":12.0,"key":"Explosive Potion"},{"floor":14.0,"key":"Weak Potion"},{"floor":16.0,"key":"LiquidMemories"},{"floor":31.0,"key":"LiquidMemories"},{"floor":33.0,"key":"BlessingOfTheForge"},{"floor":35.0,"key":"Strength Potion"},{"floor":39,"key":"GamblersBrew"},{"floor":40,"key":"FearPotion"},{"floor":44,"key":"DuplicationPotion"},{"floor":46,"key":"DuplicationPotion"}],"is_trial":false,"path_per_floor":["M","M","M","M","$","E","R","E","T","R","?","M","R","M","R","B",null,"M","?","?","M","M","E","R","E","T","$","R","E","R","E","R","B",null,"M","$","?","M","M","E","R","E","T","M","$","M","$","?","R","B",null,"R","$","E","B"],"character_chosen":"DEFECT","items_purchased":["Oddly Smooth Stone","Membership Card","Centennial Puzzle","Bag of Preparation","Leap","Orrery","War Paint","Lee\u0027s Waffle","Strawberry"],"campfire_rested":5,"item_purchase_floors":[5,27,36,45,45,45,45,47,47],"current_hp_per_floor":[75,74,74,65,65,41,63,39,39,39,39,15,37,31,31,19,61,55,55,55,43,34,16,38,24,24,24,46,46,46,46,46,22,62,64,64,64,65,55,8,30,17,17,19,19,10,89,89,89,56,81,81,81,65,0,0],"gold":39,"neow_bonus":"THREE_SMALL_POTIONS","is_daily":false,"chose_seed":false,"campfire_upgraded":5,"win_rate":0.0,"timestamp":1608443222,"path_taken":["M","M","M","M","$","E","R","E","T","R","?","M","R","M","R","BOSS","M","?","?","M","M","E","R","E","T","$","R","E","R","E","R","BOSS","M","$","?","M","M","E","R","E","T","M","$","?","$","?","R","BOSS","R","$","E","BOSS"],"items_purchased_type":["Relic","Relic","Relic","Relic","Card","Relic","Relic","Relic","Relic"],"build_version":"2020-12-13","purchased_purges":5,"victory":false,"max_hp_per_floor":[75,75,75,75,75,75,75,75,75,75,75,75,75,75,75,75,75,75,75,75,75,75,75,75,75,75,75,75,75,75,75,75,75,75,75,75,75,75,75,75,75,75,75,75,75,75,89,89,89,89,89,89,89,89,89,89],"relic_stats":{"Lee\u0027s Waffle":72,"counters":[27,156],"Dead Branch":[26],"Bag of Preparation":[8],"Orichalcum":[114],"War Paint":["Defend_B","Dualcast"],"Boot":[17],"Cursed Key":1,"Smiling Mask":76,"Blood Vial":20,"Centennial Puzzle":[24],"Bronze Scales":[286],"obtain_stats":[{"Ice Cream":54,"Lee\u0027s Waffle":47,"Dead Branch":25,"Oddly Smooth Stone":5,"Bag of Preparation":45,"Orichalcum":9,"War Paint":45,"Boot":29,"Cursed Key":34,"Smiling Mask":42,"White Beast Statue":8,"Old Coin":43,"Blood Vial":31,"SlaversCollar":17,"Anchor":23,"Centennial Puzzle":36,"MutagenicStrength":20,"Bronze Scales":40,"Strawberry":47,"Orrery":45,"Bag of Marbles":6,"Membership Card":27,"Cracked Core":0},{"Ice Cream":26,"Lee\u0027s Waffle":24,"Dead Branch":14,"Oddly Smooth Stone":4,"Bag of Preparation":23,"Orichalcum":6,"War Paint":23,"Boot":15,"Cursed Key":17,"Smiling Mask":22,"White Beast Statue":6,"Old Coin":22,"Blood Vial":16,"SlaversCollar":9,"Anchor":13,"Centennial Puzzle":18,"MutagenicStrength":10,"Bronze Scales":21,"Strawberry":24,"Orrery":23,"Bag of Marbles":5,"Membership Card":14,"Cracked Core":0},{"Ice Cream":148,"Lee\u0027s Waffle":123,"Dead Branch":58,"Oddly Smooth Stone":11,"Bag of Preparation":120,"Orichalcum":21,"War Paint":120,"Boot":65,"Cursed Key":86,"Smiling Mask":117,"White Beast Statue":21,"Old Coin":117,"Blood Vial":70,"SlaversCollar":37,"Anchor":55,"Centennial Puzzle":92,"MutagenicStrength":41,"Bronze Scales":112,"Strawberry":123,"Orrery":120,"Bag of Marbles":18,"Membership Card":58,"Cracked Core":0}]},"card_choices":[{"not_picked":["Reinforced Body","Compile Driver"],"picked":"Defragment","floor":1.0},{"not_picked":["Sweeping Beam","Hologram"],"picked":"Fission","floor":2.0},{"not_picked":["Redo","Darkness"],"picked":"Sweeping Beam","floor":3.0},{"not_picked":["Go for the Eyes","Redo"],"picked":"Electrodynamics","floor":4.0},{"not_picked":["Gash","Sweeping Beam"],"picked":"Defragment","floor":6.0},{"not_picked":["Double Energy","Undo"],"picked":"Leap","floor":8.0},{"not_picked":["Loop","Blizzard","Beam Cell"],"picked":"SKIP","floor":12.0},{"not_picked":["Beam Cell","Rebound","Storm"],"picked":"SKIP","floor":14.0},{"not_picked":["Beam Cell","Streamline"],"picked":"Leap","floor":18.0},{"not_picked":["Static Discharge+1","Cold Snap+1"],"picked":"Glacier","floor":21.0},{"not_picked":["Rebound","Defragment"],"picked":"Ball Lightning+1","floor":22.0},{"not_picked":["Go for the Eyes","Reprogram","Turbo"],"picked":"SKIP","floor":23.0},{"not_picked":["Auto Shields+1","Sweeping Beam"],"picked":"Glacier+1","floor":25.0},{"not_picked":["Sweeping Beam","Chaos+1","Go for the Eyes"],"picked":"SKIP","floor":29.0},{"not_picked":["Stack","Barrage","Meteor Strike"],"picked":"SKIP","floor":31.0},{"not_picked":["Gash","Barrage+1"],"picked":"Ball Lightning+1","floor":35.0},{"not_picked":["Consume","Rip and Tear"],"picked":"Ball Lightning","floor":38.0},{"not_picked":["Turbo","Beam Cell","Hyperbeam"],"picked":"SKIP","floor":39},{"not_picked":["FTL+1","Streamline+1"],"picked":"Ball Lightning+1","floor":40},{"not_picked":["Coolheaded+1","Sweeping Beam"],"picked":"Conserve Battery+1","floor":42},{"not_picked":["Reprogram+1","Storm"],"picked":"Compile Driver","floor":44},{"not_picked":["Reboot","Consume"],"picked":"Buffer","floor":45},{"not_picked":["Reboot","Streamline+1"],"picked":"Chaos+1","floor":45},{"not_picked":["Consume","Darkness+1","Stack+1"],"picked":"SKIP","floor":46},{"not_picked":["Steam","Recycle"],"picked":"Conserve Battery+1","floor":54}],"player_experience":2437012,"relics_obtained":[{"floor":6.0,"key":"Bag of Marbles"},{"floor":8.0,"key":"White Beast Statue"},{"floor":9.0,"key":"Orichalcum"},{"floor":23.0,"key":"Anchor"},{"floor":25.0,"key":"Dead Branch"},{"floor":29.0,"key":"Boot"},{"floor":31.0,"key":"Blood Vial"},{"floor":40,"key":"Bronze Scales"},{"floor":42,"key":"Smiling Mask"},{"floor":43,"key":"Old Coin"},{"floor":54,"key":"Ice Cream"}],"event_choices":[{"damage_healed":0.0,"max_hp_gain":0.0,"max_hp_loss":0.0,"gold_gain":0.0,"event_name":"Upgrade Shrine","player_choice":"Upgraded","floor":11.0,"gold_loss":0.0,"damage_taken":0.0,"cards_upgraded":["Defragment"]},{"cards_removed":["Strike_B"],"damage_healed":0.0,"max_hp_gain":0.0,"max_hp_loss":0.0,"gold_gain":0.0,"event_name":"Beggar","player_choice":"Gave Gold","floor":19.0,"gold_loss":75.0,"damage_taken":0.0},{"damage_healed":0.0,"max_hp_gain":0.0,"max_hp_loss":0.0,"gold_gain":0.0,"event_name":"Drug Dealer","player_choice":"Inject Mutagens","floor":20.0,"gold_loss":0.0,"damage_taken":0.0,"relics_obtained":["MutagenicStrength"]},{"cards_removed":["Strike_B"],"damage_healed":0.0,"max_hp_gain":0.0,"max_hp_loss":0.0,"gold_gain":0.0,"event_name":"Bonfire Elementals","player_choice":"Offered Basic","floor":37.0,"gold_loss":0.0,"damage_taken":0.0},{"cards_removed":["Defend_B"],"damage_healed":0,"gold_gain":0,"player_choice":"Purged","damage_taken":0,"max_hp_gain":0,"max_hp_loss":0,"event_name":"Purifier","floor":48,"gold_loss":0}],"is_beta":false,"boss_relics":[{"not_picked":["FrozenCore","Sozu"],"picked":"SlaversCollar"},{"not_picked":["Black Star","Calling Bell"],"picked":"Cursed Key"}],"items_purged_floors":[27,36,45,47,53],"is_endless":false,"potions_floor_spawned":[1,3,6,12,14,16,18,21,22,23,25,29,31,33,35,38,39,40,42,44,46,54],"killed_by":"The Heart","ascension_level":5}}