{"host":"f5n4tidiz2n5sooh","time":1608449443,"event":{"mods":["BaseMod","Bestiary","Colored Map","Minty Spire (QoL Compilation)","Relic Stats","StSLib"],"gold_per_floor":[109,109,123,88,114,137,175,175,225,256,256,281,318,343,343,343,343],"floor_reached":16,"playtime":494,"items_purged":[],"score":240,"play_id":"3854b5c1-53e0-4711-9a6b-a37eb16e49fe","local_time":"20201220013043","is_ascension_mode":true,"campfire_choices":[{"floor":8.0,"key":"REST"},{"floor":11.0,"key":"REST"},{"data":"After Image","floor":15,"key":"SMITH"}],"circlet_count":0,"master_deck":["AscendersBane","Strike_G","Strike_G","Strike_G+1","Defend_G","Defend_G","Defend_G","Defend_G+1","Survivor","Neutralize","Dagger Spray+1","Dodge and Roll+1","Finisher+1","Dagger Throw","Poisoned Stab","After Image+1","Bouncing Flask","Dagger Throw","Blade Dance"],"relics":["Astrolabe","CeramicFish","Letter Opener","Strawberry","Tingsha","Meat on the Bone"],"acts_visited":["Exordium"],"potions_floor_usage":[16],"damage_taken":[{"damage":0.0,"enemies":"2 Louse","floor":1.0,"turns":2.0},{"damage":2.0,"enemies":"Small Slimes","floor":3.0,"turns":3.0},{"damage":12.0,"enemies":"Jaw Worm","floor":6.0,"turns":2.0},{"damage":40.0,"enemies":"Lagavulin","floor":7.0,"turns":6.0},{"damage":11.0,"enemies":"3 Sentries","floor":10.0,"turns":7.0},{"damage":2.0,"enemies":"Large Slime","floor":12.0,"turns":5.0},{"damage":12.0,"enemies":"Lagavulin","floor":13.0,"turns":6.0},{"damage":3.0,"enemies":"3 Louse","floor":14.0,"turns":3.0},{"damage":34,"enemies":"Hexaghost","floor":16,"turns":9}],"seed_played":"1617870237654465711","potions_obtained":[{"floor":6.0,"key":"SteroidPotion"},{"floor":12.0,"key":"Weak Potion"},{"floor":14,"key":"Explosive Potion"}],"is_trial":false,"path_per_floor":["M","?","M","?","T","M","E","R","T","E","R","M","E","M","R","B"],"character_chosen":"THE_SILENT","items_purchased":[],"campfire_rested":2,"item_purchase_floors":[],"current_hp_per_floor":[59,39,37,53,53,41,1,20,27,16,37,35,23,32,32,0,0],"gold":343,"neow_bonus":"BOSS_RELIC","is_daily":false,"chose_seed":false,"campfire_upgraded":1,"win_rate":0.0,"timestamp":1608449443,"path_taken":["M","?","M","?","?","M","E","R","T","E","R","M","E","M","R","BOSS"],"items_purchased_type":[],"build_version":"2020-12-13","purchased_purges":0,"victory":false,"max_hp_per_floor":[66,66,66,66,66,66,66,66,73,73,73,73,73,73,73,73,73],"relic_stats":{"counters":[9,43],"Astrolabe":["Dagger Spray","Dodge and Roll","Finisher"],"CeramicFish":45,"Tingsha":[27],"Letter Opener":[10],"obtain_stats":[{"Astrolabe":0,"CeramicFish":5,"Strawberry":9,"Tingsha":10,"Letter Opener":7,"Ring of the Snake":0,"Meat on the Bone":13},{"Astrolabe":0,"CeramicFish":2,"Strawberry":4,"Tingsha":5,"Letter Opener":4,"Ring of the Snake":0,"Meat on the Bone":7},{"Astrolabe":0,"CeramicFish":5,"Strawberry":13,"Tingsha":20,"Letter Opener":13,"Ring of the Snake":0,"Meat on the Bone":31}],"Meat on the Bone":12},"card_choices":[{"not_picked":["Sucker Punch","Caltrops","Flechettes"],"picked":"SKIP","floor":1.0},{"not_picked":["Caltrops","Finisher"],"picked":"Dagger Throw","floor":3.0},{"not_picked":["Catalyst","Calculated Gamble"],"picked":"Poisoned Stab","floor":6.0},{"not_picked":["Bane","Setup"],"picked":"After Image","floor":7.0},{"not_picked":["Skewer","Flechettes","Dagger Spray"],"picked":"SKIP","floor":10.0},{"not_picked":["Acrobatics","All Out Attack"],"picked":"Bouncing Flask","floor":12.0},{"not_picked":["Quick Slash","Cloak And Dagger"],"picked":"Dagger Throw","floor":13.0},{"not_picked":["Dash","Dagger Spray"],"picked":"Blade Dance","floor":14}],"player_experience":1903717,"relics_obtained":[{"floor":5.0,"key":"CeramicFish"},{"floor":7.0,"key":"Letter Opener"},{"floor":9.0,"key":"Strawberry"},{"floor":10.0,"key":"Tingsha"},{"floor":13.0,"key":"Meat on the Bone"}],"event_choices":[{"damage_healed":0.0,"max_hp_gain":0.0,"max_hp_loss":0.0,"gold_gain":0.0,"event_name":"Shining Light","player_choice":"Entered Light","floor":2.0,"gold_loss":0.0,"damage_taken":20.0,"cards_upgraded":["Strike_G","Defend_G"]},{"damage_healed":16.0,"max_hp_gain":0.0,"max_hp_loss":0.0,"gold_gain":0.0,"event_name":"The Cleric","player_choice":"Healed","floor":4.0,"gold_loss":35.0,"damage_taken":0.0}],"is_beta":false,"boss_relics":[],"items_purged_floors":[],"is_endless":false,"potions_floor_spawned":[6,12,14],"killed_by":"Hexaghost","ascension_level":20}}