{"host":"Niota","time":1608483072,"event":{"mods":["BaseMod","Colored Map","Colored Powertips","DeckTracker","Highlight Path","Minty Spire (QoL Compilation)"],"gold_per_floor":[218,231,246,246,321,352,352,384,384,339,395,395,395],"floor_reached":12,"playtime":1434,"items_purged":[],"score":125,"play_id":"18c6a15c-1e2e-42b0-bbe0-e14bd283e466","local_time":"20201220175112","is_ascension_mode":true,"campfire_choices":[{"floor":7.0,"key":"REST"}],"circlet_count":0,"master_deck":["Strike_B","Strike_B","Strike_B","Strike_B","Defend_B","Defend_B","Defend_B","Defend_B","Zap","Dualcast","Gash","Coolheaded","All For One","Leap","Hologram","Go for the Eyes","Turbo"],"relics":["Cracked Core","StrikeDummy","Letter Opener","Pantograph","Darkstone Periapt","Tiny Chest"],"acts_visited":["Exordium"],"potions_floor_usage":[],"damage_taken":[{"damage":0.0,"enemies":"Cultist","floor":1.0,"turns":3.0},{"damage":2.0,"enemies":"Jaw Worm","floor":2.0,"turns":3.0},{"damage":3.0,"enemies":"2 Louse","floor":3.0,"turns":3.0},{"damage":36.0,"enemies":"Lagavulin","floor":6.0,"turns":9.0},{"damage":9.0,"enemies":"3 Sentries","floor":8.0,"turns":6.0},{"damage":0.0,"enemies":"3 Sentries","floor":11.0,"turns":2.0},{"damage":29,"enemies":"Gremlin Nob","floor":12,"turns":3}],"seed_played":"5984805987126267081","potions_obtained":[{"floor":3.0,"key":"SteroidPotion"},{"floor":8.0,"key":"AttackPotion"}],"is_trial":false,"path_per_floor":["M","M","M","?","?","E","R","E","T","$","?","E"],"character_chosen":"DEFECT","items_purchased":["Go for the Eyes"],"campfire_rested":1,"item_purchase_floors":[10],"current_hp_per_floor":[68,66,63,60,49,13,35,26,26,26,26,0,0],"gold":395,"neow_bonus":"HUNDRED_GOLD","is_daily":false,"chose_seed":false,"campfire_upgraded":0,"win_rate":0.0,"timestamp":1608483072,"path_taken":["M","M","?","?","?","E","R","E","T","$","?","E"],"items_purchased_type":["Card"],"build_version":"2020-12-18","purchased_purges":0,"victory":false,"max_hp_per_floor":[75,75,75,75,75,75,75,75,75,75,75,75,75],"card_choices":[{"not_picked":["Reinforced Body","Streamline"],"picked":"Gash","floor":1.0},{"not_picked":["Reprogram","Leap"],"picked":"Coolheaded","floor":2.0},{"not_picked":["Redo","Go for the Eyes"],"picked":"All For One","floor":3.0},{"not_picked":["Fusion","Rebound"],"picked":"Leap","floor":6.0},{"not_picked":["Conserve Battery","Hello World"],"picked":"Hologram","floor":8.0},{"not_picked":["Compile Driver","Beam Cell"],"picked":"Turbo","floor":11.0}],"player_experience":812959,"relics_obtained":[{"floor":6.0,"key":"Letter Opener"},{"floor":8.0,"key":"Pantograph"},{"floor":9.0,"key":"Darkstone Periapt"},{"floor":11.0,"key":"Tiny Chest"}],"event_choices":[{"damage_healed":0.0,"max_hp_gain":0.0,"max_hp_loss":0.0,"gold_gain":0.0,"event_name":"Scrap Ooze","player_choice":"Success","floor":4.0,"gold_loss":0.0,"damage_taken":3.0,"relics_obtained":["StrikeDummy"]},{"damage_healed":0.0,"max_hp_gain":0.0,"max_hp_loss":0.0,"gold_gain":75.0,"event_name":"World of Goop","player_choice":"Gather Gold","floor":5.0,"gold_loss":0.0,"damage_taken":11.0},{"damage_healed":0.0,"max_hp_gain":0.0,"max_hp_loss":0.0,"gold_gain":30.0,"event_name":"Dead Adventurer","player_choice":"Searched \u00272\u0027 times","floor":11.0,"gold_loss":0.0,"damage_taken":0.0}],"is_beta":true,"boss_relics":[],"items_purged_floors":[],"is_endless":false,"potions_floor_spawned":[3,8],"killed_by":"Gremlin Nob","ascension_level":9}}