{"host":"ou23awlgcm0pi7o1","time":1608464068,"event":{"mods":["BaseMod","Colored Map","Downfall","Minty Spire (QoL Compilation)","StSLib","Unceasing Turn Reminder"],"gold_per_floor":[99,109,19,51,70,70,70,99,115,144,144,29,42,61,76,173,173,98,98,123,123,143,88,111,36,64,64,76,176,186,203,214,309,309,309,343,393,421,346,362,362,407,407,436,456,444,457,70,80,80,80,107,30,30,30],"floor_reached":56,"playtime":5806,"items_purged":["champ:Strike","champ:Strike","champ:HeavySlash"],"score":1494,"play_id":"8eb6b351-4b29-46a6-97be-0707828b5007","local_time":"20201220113428","is_ascension_mode":true,"campfire_choices":[{"data":"champ:StrikeOfGenius","floor":1.0,"key":"SMITH"},{"data":"champ:Encircle","floor":6.0,"key":"SMITH"},{"data":"champ:LastStand","floor":18.0,"key":"SMITH"},{"data":"champ:CrookedStrike","floor":21.0,"key":"SMITH"},{"data":"champ:Duel","floor":25.0,"key":"SMITH"},{"data":"champ:CrookedStrike","floor":27.0,"key":"SMITH"},{"floor":35.0,"key":"RECALL"},{"data":"champ:StrikeOfGenius","floor":39.0,"key":"SMITH"},{"floor":43.0,"key":"REST"},{"data":"champ:AdrenalArmor","floor":54,"key":"SMITH"}],"circlet_count":0,"master_deck":["champ:Strike","champ:Defend+1","champ:Defend+1","champ:Execute","champ:Taunt","champ:StrikeOfGenius+1","champ:Encircle+1","champ:Circumvent","champ:PerfectedStrike+1","champ:Circumvent","champ:FlashCut","champ:CrookedStrike+1","champ:Duel+1","champ:PerfectedStrike","champ:ShieldWall","champ:LastStand+1","champ:FlashCut","champ:PerfectedStrike","champ:Circumvent+1","champ:ViciousMockery","champ:CrookedStrike+1","champ:ViciousMockery+1","champ:BringItOn","champ:BringItOn","champ:StrikeOfGenius+1","champ:AdrenalArmor+1","champ:EnchantCrown+1","champ:DancingMaster+1","champ:BerserkersShout+1","champ:Lariat+1","champ:ArenaPreparation","champ:CrookedStrike","champ:AdrenalArmor+1","champ:StanceDance+1","champ:Duel+1","Panache","champ:AdrenalArmor+1","champ:Shatter","champ:Control+1"],"relics":["champ:ChampionCrown","Pear","Shuriken","Bottled Flame","StrikeDummy","SlaversCollar","downfall:HeartBlessingGreen","War Paint","Bottled Tornado","downfall:HeartBlessingBlue","HornCleat","champ:BlackKnightHelmet","InkBottle","Astrolabe","PreservedInsect","Unceasing Top","Oddly Smooth Stone","downfall:HeartBlessingRed","Question Card","Pocketwatch","Toxic Egg 2","Lee\u0027s Waffle","Strawberry","champ:SpectersHand"],"acts_visited":["Exordium","TheCity","TheBeyond","TheEnding"],"potions_floor_usage":[52,55],"damage_taken":[{"damage":0.0,"enemies":"2 Louse","floor":2.0,"turns":3.0},{"damage":24.0,"enemies":"downfall:FleeingMerchant","floor":3.0,"turns":4.0},{"damage":32.0,"enemies":"Lagavulin","floor":4.0,"turns":10.0},{"damage":6.0,"enemies":"Cultist","floor":5.0,"turns":3.0},{"damage":56.0,"enemies":"3 Sentries","floor":8.0,"turns":6.0},{"damage":2.0,"enemies":"Small Slimes","floor":9.0,"turns":4.0},{"damage":21.0,"enemies":"Lagavulin","floor":10.0,"turns":7.0},{"damage":15.0,"enemies":"downfall:FleeingMerchant","floor":12.0,"turns":4.0},{"damage":8.0,"enemies":"Exordium Thugs","floor":13.0,"turns":5.0},{"damage":0.0,"enemies":"Red Slaver","floor":14.0,"turns":1.0},{"damage":3.0,"enemies":"Large Slime","floor":15.0,"turns":3.0},{"damage":22.0,"enemies":"downfall:Watcher","floor":16.0,"turns":8.0},{"damage":38.0,"enemies":"Gremlin Leader","floor":20.0,"turns":5.0},{"damage":38.0,"enemies":"3 Byrds","floor":22.0,"turns":5.0},{"damage":2.0,"enemies":"downfall:FleeingMerchant","floor":23.0,"turns":4.0},{"damage":18.0,"enemies":"Slavers","floor":26.0,"turns":4.0},{"damage":32.0,"enemies":"Chosen","floor":28.0,"turns":4.0},{"damage":5.0,"enemies":"Chosen","floor":29.0,"turns":5.0},{"damage":17.0,"enemies":"Snake Plant","floor":30.0,"turns":3.0},{"damage":10.0,"enemies":"Shelled Parasite and Fungi","floor":31.0,"turns":5.0},{"damage":7.0,"enemies":"Cultist and Chosen","floor":32.0,"turns":4.0},{"damage":56.0,"enemies":"downfall:Silent","floor":33.0,"turns":7.0},{"damage":32.0,"enemies":"Reptomancer","floor":36.0,"turns":6.0},{"damage":60.0,"enemies":"Mind Bloom Boss Battle","floor":37.0,"turns":8.0},{"damage":33.0,"enemies":"Nemesis","floor":38.0,"turns":5.0},{"damage":66.0,"enemies":"3 Darklings","floor":40.0,"turns":5.0},{"damage":29.0,"enemies":"2 Orb Walkers","floor":42.0,"turns":3.0},{"damage":121.0,"enemies":"Reptomancer","floor":44.0,"turns":6.0},{"damage":3.0,"enemies":"Orb Walker","floor":45.0,"turns":3.0},{"damage":9.0,"enemies":"downfall:FleeingMerchant","floor":46.0,"turns":4.0},{"damage":46.0,"enemies":"4 Shapes","floor":47.0,"turns":7.0},{"damage":41,"enemies":"Writhing Mass","floor":49,"turns":5},{"damage":119,"enemies":"downfall:Ironclad","floor":50,"turns":9},{"damage":145,"enemies":"downfall:CharBossMerchant","floor":52,"turns":6},{"damage":231,"enemies":"downfall:NeowBoss","floor":55,"turns":17}],"seed_played":"7749303517506302030","potions_obtained":[{"floor":8.0,"key":"PowerPotion"},{"floor":10.0,"key":"champ:CounterPotion"},{"floor":15.0,"key":"AttackPotion"},{"floor":16.0,"key":"ColorlessPotion"},{"floor":22.0,"key":"Swift Potion"},{"floor":26.0,"key":"Explosive Potion"},{"floor":30.0,"key":"Regen Potion"},{"floor":32.0,"key":"champ:CounterPotion"},{"floor":33.0,"key":"Energy Potion"},{"floor":36.0,"key":"Energy Potion"},{"floor":38.0,"key":"DuplicationPotion"},{"floor":44.0,"key":"Regen Potion"},{"floor":47.0,"key":"Fire Potion"}],"is_trial":false,"path_per_floor":["R","M","$","E","M","R","T","E","M","E","?","$","M","M","M","B",null,"R","T","E","R","M","$","T","R","E","R","M","?","M","M","M","B",null,"R","E","?","E","R","M","T","?","R","E","M","$","M","$","M","B",null,"E","$","R","B",null],"character_chosen":"THE_CHAMP","items_purchased":["champ:ViciousMockery","Lee\u0027s Waffle","Regen Potion","Panache","champ:AdrenalArmor+1","Strawberry","Guardian:BlockOnCardUsePotion"],"campfire_rested":1,"item_purchase_floors":[23,46,46,48,48,48,53],"current_hp_per_floor":[90,90,80,72,71,71,71,42,42,27,27,27,25,25,25,13,100,100,100,83,83,68,68,68,78,67,67,63,63,46,52,47,29,110,110,105,90,69,69,44,44,28,61,4,1,117,107,114,114,95,124,124,124,124,124],"gold":30,"neow_bonus":"ONE_RANDOM_RARE_CARD","is_daily":false,"chose_seed":false,"campfire_upgraded":8,"win_rate":0.0,"timestamp":1608464068,"path_taken":["R","M","$","E","M","R","T","E","M","E","?","$","M","M","M","BOSS","R","?","E","R","M","$","T","R","E","R","M","?","?","M","M","BOSS","R","E","?","E","R","M","T","?","R","E","M","?","?","$","M","BOSS","E","$","R","BOSS"],"items_purchased_type":["Card","Relic","Potion","Card","Card","Relic","Potion"],"build_version":"2020-12-13","purchased_purges":3,"victory":true,"max_hp_per_floor":[90,90,90,100,100,100,100,100,100,100,100,100,100,100,100,100,100,100,100,100,100,100,100,100,110,110,110,110,110,110,110,110,110,110,110,110,110,110,110,110,110,110,110,110,110,117,117,124,124,124,124,124,124,124,124],"card_choices":[{"not_picked":["champ:BerserkersShout","champ:BladeFlurry"],"picked":"champ:Encircle","floor":2.0},{"not_picked":["champ:StanceDance","champ:BladeFlurry"],"picked":"champ:Circumvent","floor":3.0},{"not_picked":["champ:RapidStrikes","champ:Shatter"],"picked":"champ:PerfectedStrike","floor":4.0},{"not_picked":["champ:FlashCut","champ:GladiatorStyle"],"picked":"champ:Circumvent","floor":5.0},{"not_picked":["champ:Duel","champ:Lariat"],"picked":"champ:FlashCut","floor":8.0},{"not_picked":["champ:Shatter","champ:Backstep"],"picked":"champ:HeavySlash","floor":9.0},{"not_picked":["champ:FlashCut","champ:TornadoPunch"],"picked":"champ:CrookedStrike","floor":10.0},{"not_picked":["champ:AdrenalArmor","champ:PreciseThrust","champ:Control"],"picked":"SKIP","floor":12.0},{"not_picked":["champ:ShieldWall","champ:PreciseThrust"],"picked":"champ:Duel","floor":13.0},{"not_picked":["champ:LastStand","champ:GladiatorsShout"],"picked":"champ:PerfectedStrike","floor":14.0},{"not_picked":["champ:GladiatorsShout","champ:ShieldSigil"],"picked":"champ:ShieldWall","floor":15.0},{"not_picked":["champ:HeavySlash","champ:SwordThrow"],"picked":"champ:LastStand","floor":16.0},{"not_picked":["champ:Encircle","champ:ShieldSigil+1"],"picked":"champ:FlashCut","floor":20.0},{"not_picked":["champ:BerserkersShout","champ:FanOfKnives"],"picked":"champ:PerfectedStrike","floor":22.0},{"not_picked":["champ:RecklessLeap+1","champ:Backstep"],"picked":"champ:Circumvent+1","floor":23.0},{"not_picked":["champ:Encircle+1","champ:PerfectedStrike"],"picked":"champ:CrookedStrike","floor":26.0},{"not_picked":["champ:Backstep+1","champ:HeartStrike"],"picked":"champ:ViciousMockery+1","floor":28.0},{"not_picked":["champ:Encircle","champ:SwordSigil"],"picked":"champ:BringItOn","floor":29.0},{"not_picked":["champ:Encircle","champ:FalseCounter+1"],"picked":"champ:BringItOn","floor":30.0},{"not_picked":["champ:FocusedDefense+1","champ:TornadoPunch"],"picked":"champ:StrikeOfGenius","floor":31.0},{"not_picked":["champ:CrookedStrike","champ:ShieldSigil"],"picked":"champ:AdrenalArmor","floor":32.0},{"not_picked":["champ:Backstep","champ:Control","champ:Circumvent+1"],"picked":"SKIP","floor":36.0},{"not_picked":["champ:GladiatorsShout+1","champ:BladeFlurry+1"],"picked":"champ:Lariat+1","floor":37.0},{"not_picked":["champ:VampiricStrike","champ:EnragedBash+1"],"picked":"champ:ArenaPreparation","floor":38.0},{"not_picked":["champ:PreciseThrust","champ:GladiatorsShout","champ:StanceDance"],"picked":"SKIP","floor":40.0},{"not_picked":["champ:GladiatorsShout+1","champ:PerfectedStrike","champ:Control"],"picked":"champ:CrookedStrike","floor":42.0},{"not_picked":["champ:FlashCut","champ:EnchantCrown+1","champ:ShieldWall"],"picked":"champ:AdrenalArmor+1","floor":44.0},{"not_picked":["champ:Haymaker+1","champ:CrookedStrike","champ:BerserkersShout+1"],"picked":"champ:StanceDance+1","floor":45.0},{"not_picked":["champ:VampiricStrike","champ:DefensiveShout+1","champ:FightOn"],"picked":"champ:Duel+1","floor":46.0},{"not_picked":["champ:ShieldSigil+1","champ:Haymaker","champ:TornadoPunch","champ:Circumvent+1"],"picked":"SKIP","floor":47.0},{"not_picked":["champ:Backstep+1","champ:TornadoPunch+1","champ:Encircle"],"picked":"champ:Shatter","floor":49},{"not_picked":["champ:HeartStrike+1","champ:Circumvent+1","champ:Backstep+1"],"picked":"champ:Control+1","floor":52}],"player_experience":326478,"relics_obtained":[{"floor":4.0,"key":"Pear"},{"floor":7.0,"key":"Shuriken"},{"floor":8.0,"key":"Bottled Flame"},{"floor":10.0,"key":"StrikeDummy"},{"floor":19.0,"key":"War Paint"},{"floor":20.0,"key":"Bottled Tornado"},{"floor":26.0,"key":"HornCleat"},{"floor":29.0,"key":"champ:BlackKnightHelmet"},{"floor":29.0,"key":"InkBottle"},{"floor":36.0,"key":"PreservedInsect"},{"floor":37.0,"key":"Unceasing Top"},{"floor":38.0,"key":"Oddly Smooth Stone"},{"floor":41.0,"key":"Question Card"},{"floor":42.0,"key":"Pocketwatch"},{"floor":44.0,"key":"Toxic Egg 2"},{"floor":52,"key":"champ:SpectersHand"}],"event_choices":[{"damage_healed":0.0,"max_hp_gain":0.0,"max_hp_loss":0.0,"gold_gain":0.0,"event_name":"Accursed Blacksmith","player_choice":"Forge","floor":11.0,"gold_loss":0.0,"damage_taken":0.0,"cards_upgraded":["champ:PerfectedStrike"]},{"damage_healed":0.0,"max_hp_gain":0.0,"max_hp_loss":0.0,"gold_gain":0.0,"event_name":"Mysterious Sphere","player_choice":"Fight","floor":42.0,"gold_loss":0.0,"damage_taken":0.0}],"is_beta":false,"boss_relics":[{"not_picked":["Black Star","Pandora\u0027s Box"],"picked":"SlaversCollar"},{"not_picked":["Velvet Choker","SacredBark"],"picked":"Astrolabe"}],"items_purged_floors":[3,12,46],"is_endless":false,"potions_floor_spawned":[8,10,15,16,22,26,30,32,33,36,38,44,47],"ascension_level":3}}