{"host":"porgtwlvhh3hs75v","time":1608481846,"event":{"mods":["Act Like it!","BaseMod","GifTheSpireLib","Marked Mod","Minty Spire (QoL Compilation)","StSLib","The Cursed","The Servant 0.9.4"],"gold_per_floor":[119,131,81,2,2,2,37,37,37,48,76,76,86,161,161,263,263,276,288,387,400,415,445,445,470,470,498,498,517,7,7,7,108,108,123,135,35,35,48,48,48,60,83,115,127,172,184,215,227,239,251,263,5,32,32],"floor_reached":56,"playtime":1765,"items_purged":["Defend_P","Strike_P","Defend_P+1"],"score":1420,"play_id":"4e0b3b8c-0ef1-403a-b745-fcb65a359363","local_time":"20201221003046","is_ascension_mode":false,"campfire_choices":[{"data":"Eruption","floor":6.0,"key":"SMITH"},{"data":"TalkToTheHand","floor":12.0,"key":"SMITH"},{"data":"MarkedMod:OneThousandNeedles","floor":15.0,"key":"SMITH"},{"data":"Adaptation","floor":24.0,"key":"SMITH"},{"floor":28.0,"key":"RECALL"},{"data":"Brilliance","floor":32.0,"key":"SMITH"},{"data":"Crescendo","floor":40.0,"key":"SMITH"}],"circlet_count":0,"master_deck":["Strike_P+1","Strike_P+1","Strike_P+1","Eruption+1","Vigilance+1","Crescendo+1","CutThroughFate+1","FearNoEvil+1","Brilliance+1","TalkToTheHand+1","Discovery+1","Tantrum+1","MarkedMod:OneThousandNeedles+1","LessonLearned+1","Adaptation+1","TalkToTheHand+1","MarkedMod:OneThousandNeedles+1","Collect+1","Scrawl+1","MarkedMod:NorthStar+1","PathToVictory+1","ClearTheMind+1","MarkedMod:GracefulMovements+1","MarkedMod:SlowDance+1"],"relics":["PureWater","NeowsBlessing","Ancient Tea Set","Gremlin Horn","Coffee Dripper","Bag of Preparation","FossilizedHelix","Sundial","MealTicket","Toxic Egg 2","Chemical X","Philosopher\u0027s Stone","MawBank","Mercury Hourglass","Pen Nib","Bottled Lightning"],"acts_visited":["Exordium","TheCity","TheBeyond","TheEnding"],"potions_floor_usage":[55,55,55],"damage_taken":[{"damage":0.0,"enemies":"2 Louse","floor":1.0,"turns":1.0},{"damage":0.0,"enemies":"Small Slimes","floor":2.0,"turns":1.0},{"damage":0.0,"enemies":"3 Sentries","floor":7.0,"turns":1.0},{"damage":0.0,"enemies":"Cultist","floor":10.0,"turns":2.0},{"damage":15.0,"enemies":"Lagavulin","floor":11.0,"turns":6.0},{"damage":0.0,"enemies":"Blue Slaver","floor":13.0,"turns":2.0},{"damage":0.0,"enemies":"Slime Boss","floor":16.0,"turns":4.0},{"damage":0.0,"enemies":"Shell Parasite","floor":18.0,"turns":3.0},{"damage":0.0,"enemies":"Spheric Guardian","floor":19.0,"turns":3.0},{"damage":2.0,"enemies":"Shelled Parasite and Fungi","floor":21.0,"turns":3.0},{"damage":0.0,"enemies":"3 Cultists","floor":22.0,"turns":2.0},{"damage":11.0,"enemies":"Book of Stabbing","floor":23.0,"turns":6.0},{"damage":0.0,"enemies":"Gremlin Leader","floor":25.0,"turns":2.0},{"damage":14.0,"enemies":"Slavers","floor":27.0,"turns":3.0},{"damage":0.0,"enemies":"Centurion and Healer","floor":29.0,"turns":3.0},{"damage":0.0,"enemies":"Collector","floor":33.0,"turns":5.0},{"damage":0.0,"enemies":"3 Shapes","floor":35.0,"turns":4.0},{"damage":0.0,"enemies":"Orb Walker","floor":36.0,"turns":2.0},{"damage":10.0,"enemies":"Writhing Mass","floor":39.0,"turns":3.0},{"damage":0.0,"enemies":"4 Shapes","floor":42.0,"turns":2.0},{"damage":10.0,"enemies":"3 Darklings","floor":44.0,"turns":2.0},{"damage":0.0,"enemies":"Nemesis","floor":46.0,"turns":3.0},{"damage":0.0,"enemies":"Transient","floor":48.0,"turns":5.0},{"damage":37.0,"enemies":"Donu and Deca","floor":50.0,"turns":5.0},{"damage":9,"enemies":"Shield and Spear","floor":54,"turns":3},{"damage":44,"enemies":"The Heart","floor":55,"turns":4}],"seed_played":"340385951104935254","potions_obtained":[{"floor":1.0,"key":"Energy Potion"},{"floor":10.0,"key":"DuplicationPotion"},{"floor":11.0,"key":"AttackPotion"},{"floor":16.0,"key":"GamblersBrew"},{"floor":21.0,"key":"Energy Potion"},{"floor":22.0,"key":"Explosive Potion"},{"floor":25.0,"key":"SneckoOil"},{"floor":27.0,"key":"GamblersBrew"},{"floor":38.0,"key":"CultistPotion"},{"floor":48.0,"key":"GamblersBrew"}],"is_trial":false,"path_per_floor":["M","M","?","$","?","R","E","$","T","M","E","R","M","?","R","B",null,"M","M","?","M","M","E","R","E","T","E","R","M","$","?","R","B",null,"M","M","$","?","M","R","$","M","T","M","R","E","R","M","R","B",null,"R","$","E","B",null],"character_chosen":"WATCHER","items_purchased":["FearNoEvil","Toxic Egg 2","Chemical X","Collect+1","Pen Nib"],"campfire_rested":0,"item_purchase_floors":[4,30,30,30,53],"current_hp_per_floor":[72,72,72,72,72,72,72,72,72,72,57,57,57,46,46,46,72,72,72,72,70,70,59,59,59,59,45,45,45,60,60,60,60,72,72,72,72,72,62,62,72,72,72,62,62,62,62,62,62,25,72,72,72,63,19],"gold":32,"neow_bonus":"THREE_ENEMY_KILL","is_daily":false,"chose_seed":false,"campfire_upgraded":6,"win_rate":0.0,"timestamp":1608481846,"path_taken":["M","M","?","$","?","R","E","$","T","M","E","R","?","?","R","BOSS","M","M","?","M","M","E","R","E","T","E","R","M","$","?","R","BOSS","M","?","$","?","?","R","?","M","T","M","R","E","R","M","R","BOSS","R","$","E","BOSS"],"items_purchased_type":["Card","Relic","Relic","Card","Relic"],"build_version":"2020-12-13","purchased_purges":3,"victory":true,"max_hp_per_floor":[72,72,72,72,72,72,72,72,72,72,72,72,72,72,72,72,72,72,72,72,72,72,72,72,72,72,72,72,72,72,72,72,72,72,72,72,72,72,72,72,72,72,72,72,72,72,72,72,72,72,72,72,72,72,72],"card_choices":[{"not_picked":["Sanctity","Protect"],"picked":"Crescendo","floor":1.0},{"not_picked":["Consecrate","WindmillStrike"],"picked":"CutThroughFate","floor":2.0},{"not_picked":["Nirvana","SashWhip","LikeWater"],"picked":"SKIP","floor":7.0},{"not_picked":["Prostrate","Halt"],"picked":"Tantrum","floor":10.0},{"not_picked":["Wireheading","SignatureMove"],"picked":"MarkedMod:OneThousandNeedles","floor":11.0},{"not_picked":["Protect","FollowUp","SpiritShield"],"picked":"SKIP","floor":13.0},{"not_picked":["MasterReality","MarkedMod:NorthStar"],"picked":"LessonLearned","floor":16.0},{"not_picked":["Wireheading","BowlingBash"],"picked":"Adaptation","floor":18.0},{"not_picked":["EmptyFist+1","Swivel"],"picked":"TalkToTheHand","floor":19.0},{"not_picked":["Pray","EmptyMind","FlyingSleeves"],"picked":"SKIP","floor":21.0},{"not_picked":["Consecrate+1","Protect","CutThroughFate"],"picked":"SKIP","floor":22.0},{"not_picked":["FlurryOfBlows","Protect","MentalFortress"],"picked":"SKIP","floor":23.0},{"not_picked":["LessonLearned","Crescendo"],"picked":"MarkedMod:OneThousandNeedles+1","floor":25.0},{"not_picked":["Fasting2+1","Collect","Indignation"],"picked":"SKIP","floor":27.0},{"not_picked":["Crescendo","WindmillStrike","MentalFortress"],"picked":"SKIP","floor":29.0},{"not_picked":["Ragnarok","Wish+1"],"picked":"MarkedMod:NorthStar+1","floor":33.0},{"not_picked":["ClearTheMind+1","FlurryOfBlows+1","JustLucky+1"],"picked":"SKIP","floor":35.0},{"not_picked":["MarkedMod:FirstStrike+1","Crescendo+1"],"picked":"PathToVictory+1","floor":36.0},{"not_picked":["ClearTheMind+1","Nirvana","EmptyFist"],"picked":"SKIP","floor":39.0},{"not_picked":["Nirvana","EmptyFist"],"picked":"ClearTheMind+1","floor":39.0},{"not_picked":["FearNoEvil+1","CrushJoints","MarkedMod:GracefulMovements+1"],"picked":"SKIP","floor":42.0},{"not_picked":["FearNoEvil+1","CrushJoints"],"picked":"MarkedMod:GracefulMovements+1","floor":42.0},{"not_picked":["Pray+1","WreathOfFlame+1","BowlingBash"],"picked":"SKIP","floor":44.0},{"not_picked":["Evaluate+1","MarkedMod:OneThousandNeedles+1"],"picked":"MarkedMod:SlowDance+1","floor":46.0},{"not_picked":["CrushJoints","Halt+1","Sanctity+1"],"picked":"SKIP","floor":48.0},{"not_picked":["EmptyFist+1","MarkedMod:GracefulMovements","EmptyMind+1"],"picked":"SKIP","floor":54}],"player_experience":515448,"relics_obtained":[{"floor":7.0,"key":"Ancient Tea Set"},{"floor":11.0,"key":"Gremlin Horn"},{"floor":23.0,"key":"Bag of Preparation"},{"floor":25.0,"key":"FossilizedHelix"},{"floor":26.0,"key":"Sundial"},{"floor":27.0,"key":"MealTicket"},{"floor":43.0,"key":"MawBank"},{"floor":46.0,"key":"Mercury Hourglass"},{"floor":54,"key":"Bottled Lightning"}],"event_choices":[{"cards_removed":["Defend_P"],"damage_healed":0.0,"max_hp_gain":0.0,"max_hp_loss":0.0,"gold_gain":0.0,"event_name":"The Cleric","player_choice":"Card Removal","floor":3.0,"gold_loss":50.0,"damage_taken":0.0},{"damage_healed":0.0,"max_hp_gain":0.0,"max_hp_loss":0.0,"gold_gain":0.0,"event_name":"Match and Keep!","player_choice":"3 cards matched","floor":5.0,"gold_loss":0.0,"damage_taken":0.0,"cards_obtained":["Brilliance","TalkToTheHand","Discovery"]},{"damage_healed":0.0,"max_hp_gain":0.0,"max_hp_loss":0.0,"gold_gain":75.0,"event_name":"World of Goop","player_choice":"Gather Gold","floor":14.0,"gold_loss":0.0,"damage_taken":11.0},{"damage_healed":0.0,"max_hp_gain":0.0,"max_hp_loss":0.0,"gold_gain":99.0,"event_name":"Nest","player_choice":"Stole From Cult","floor":20.0,"gold_loss":0.0,"damage_taken":0.0},{"damage_healed":0.0,"max_hp_gain":0.0,"max_hp_loss":0.0,"gold_gain":0.0,"cards_transformed":["Defend_P"],"event_name":"Transmorgrifier","player_choice":"Transformed","floor":31.0,"gold_loss":0.0,"damage_taken":0.0,"cards_obtained":["Scrawl"]},{"damage_healed":0.0,"max_hp_gain":0.0,"max_hp_loss":0.0,"gold_gain":0.0,"event_name":"Lab","player_choice":"Got Potions","floor":38.0,"gold_loss":0.0,"damage_taken":0.0}],"is_beta":false,"boss_relics":[{"not_picked":["Pandora\u0027s Box","Runic Pyramid"],"picked":"Coffee Dripper"},{"not_picked":["Tiny House","Sozu"],"picked":"Philosopher\u0027s Stone"}],"items_purged_floors":[30,37,53],"is_endless":false,"potions_floor_spawned":[1,10,11,16,21,22,25,27,29,39,44,48],"ascension_level":0}}