{"host":"utqe55yv0jihe4d6","time":1608497769,"event":{"mods":["2.2 Compatiblity","AchievementEnabler","BaseMod","Block Reminder","Colored Map","Colored Powertips","Minty Spire (QoL Compilation)","Quick Restart","Rare Cards Sparkle","Relic Stats","SuperFastMode"],"gold_per_floor":[110,121,121,131,131,56,89,89,89,119,119,119,130,141,141,213,213,224,149,149,64,80,80,106,18,65,90,104,28,28,56,56,135,135,148,166,466,483,502,502,131,131,156,166,195,209,221,221,221,221,221,221],"floor_reached":51,"playtime":2852,"items_purged":["Strike_R","Strike_R+1"],"score":1400,"play_id":"d2765a4c-93e7-4d25-82ff-598ea4bd5732","local_time":"20201220155609","is_ascension_mode":true,"campfire_choices":[{"data":"Bash","floor":8.0,"key":"SMITH"},{"data":"Clothesline","floor":12.0,"key":"SMITH"},{"data":"Bash","floor":15.0,"key":"SMITH"},{"data":"Offering","floor":23.0,"key":"SMITH"},{"data":"Inflame","floor":30.0,"key":"SMITH"},{"data":"Body Slam","floor":32.0,"key":"SMITH"},{"data":"Feel No Pain","floor":40.0,"key":"SMITH"},{"data":"Apotheosis","floor":42.0,"key":"SMITH"},{"floor":49.0,"key":"RECALL"}],"circlet_count":0,"master_deck":["AscendersBane","Defend_R","Defend_R","Defend_R","Defend_R","Bash+1","Headbutt+1","Dropkick","Body Slam+1","Bash+1","Clothesline+1","Power Through","Shrug It Off","Offering+1","Burning Pact","Feed","Inflame+1","Feel No Pain+1","Iron Wave+1","Offering","Shrug It Off+1","Pommel Strike","Flame Barrier","Pommel Strike+1","Burning Pact","Apotheosis+1","Writhe","Spot Weakness","Dual Wield+1"],"relics":["Burning Blood","NeowsBlessing","Ornamental Fan","CaptainsWheel","Shuriken","Mark of Pain","Bag of Marbles","Bronze Scales","Red Mask","Gremlin Horn","Cursed Key","Potion Belt"],"acts_visited":["Exordium","TheCity","TheBeyond"],"potions_floor_usage":[51],"damage_taken":[{"damage":0.0,"enemies":"2 Louse","floor":1.0,"turns":2.0},{"damage":0.0,"enemies":"Cultist","floor":2.0,"turns":1.0},{"damage":0.0,"enemies":"Jaw Worm","floor":4.0,"turns":1.0},{"damage":35.0,"enemies":"Lagavulin","floor":7.0,"turns":4.0},{"damage":4.0,"enemies":"Gremlin Nob","floor":10.0,"turns":3.0},{"damage":26.0,"enemies":"Gremlin Gang","floor":13.0,"turns":7.0},{"damage":0.0,"enemies":"2 Fungi Beasts","floor":14.0,"turns":4.0},{"damage":35.0,"enemies":"Slime Boss","floor":16.0,"turns":12.0},{"damage":8.0,"enemies":"Chosen","floor":18.0,"turns":3.0},{"damage":0.0,"enemies":"Spheric Guardian","floor":22.0,"turns":4.0},{"damage":47.0,"enemies":"Book of Stabbing","floor":24.0,"turns":6.0},{"damage":25.0,"enemies":"Masked Bandits","floor":27.0,"turns":4.0},{"damage":6.0,"enemies":"Centurion and Healer","floor":28.0,"turns":4.0},{"damage":6.0,"enemies":"Gremlin Leader","floor":31.0,"turns":5.0},{"damage":19.0,"enemies":"Automaton","floor":33.0,"turns":8.0},{"damage":11.0,"enemies":"Orb Walker","floor":35.0,"turns":3.0},{"damage":6.0,"enemies":"3 Darklings","floor":36.0,"turns":5.0},{"damage":9.0,"enemies":"4 Shapes","floor":38.0,"turns":6.0},{"damage":13.0,"enemies":"Spire Growth","floor":39.0,"turns":5.0},{"damage":8.0,"enemies":"Writhing Mass","floor":44.0,"turns":5.0},{"damage":14.0,"enemies":"Giant Head","floor":45.0,"turns":5.0},{"damage":12.0,"enemies":"Jaw Worm Horde","floor":46.0,"turns":3.0},{"damage":16.0,"enemies":"Sphere and 2 Shapes","floor":47.0,"turns":8.0},{"damage":33.0,"enemies":"Awakened One","floor":50.0,"turns":10.0},{"damage":31,"enemies":"Time Eater","floor":51,"turns":5}],"seed_played":"4246838306348220642","potions_obtained":[{"floor":1.0,"key":"BloodPotion"},{"floor":2.0,"key":"EssenceOfSteel"},{"floor":7.0,"key":"Strength Potion"},{"floor":14.0,"key":"BloodPotion"},{"floor":22.0,"key":"Regen Potion"},{"floor":28.0,"key":"PowerPotion"},{"floor":31.0,"key":"EntropicBrew"},{"floor":44.0,"key":"Fire Potion"},{"floor":45.0,"key":"ElixirPotion"},{"floor":46.0,"key":"EntropicBrew"}],"is_trial":false,"path_per_floor":["M","M","?","M","?","$","E","R","T","E","?","R","M","M","R","B",null,"M","?","?","$","M","R","E","$","T","?","M","$","R","E","R","B",null,"M","M","?","M","M","R","$","R","T","M","E","M","M","?","R","B","B"],"character_chosen":"IRONCLAD","items_purchased":["Regen Potion","Inflame","Feel No Pain","Burning Pact","Apotheosis"],"campfire_rested":0,"item_purchase_floors":[21,25,29,41,41],"current_hp_per_floor":[74,75,75,75,52,52,38,38,38,40,40,40,20,26,26,12,59,57,57,57,57,63,63,36,36,36,20,23,23,23,37,37,24,67,62,62,62,62,58,58,58,58,58,56,52,50,44,44,44,17,0,0],"gold":221,"neow_bonus":"THREE_ENEMY_KILL","is_daily":false,"chose_seed":false,"campfire_upgraded":8,"win_rate":0.0,"timestamp":1608497769,"path_taken":["M","M","?","?","?","$","E","R","T","E","?","R","?","M","R","BOSS","M","?","?","$","M","R","E","?","T","?","M","$","R","E","R","BOSS","BOSS","M","M","?","M","M","R","$","R","T","?","E","?","M","?","R","BOSS","BOSS"],"items_purchased_type":["Potion","Card","Card","Card","Card"],"build_version":"2020-12-13","purchased_purges":2,"victory":false,"max_hp_per_floor":[75,75,75,75,75,75,75,75,75,75,75,75,75,75,75,75,75,75,75,75,75,75,75,75,75,75,78,81,81,81,81,81,81,81,81,81,81,84,87,87,87,87,87,87,91,95,99,94,94,94,94,94],"relic_stats":{"Gremlin Horn":[15,15],"counters":[25,123],"Ornamental Fan":[168],"Shuriken":[40],"Bronze Scales":[192],"Cursed Key":1,"obtain_stats":[{"Potion Belt":45,"CaptainsWheel":9,"NeowsBlessing":0,"Gremlin Horn":31,"Ornamental Fan":7,"Shuriken":10,"Bronze Scales":26,"Mark of Pain":17,"Bag of Marbles":24,"Red Mask":27,"Cursed Key":34,"Burning Blood":0},{"Potion Belt":21,"CaptainsWheel":4,"NeowsBlessing":0,"Gremlin Horn":14,"Ornamental Fan":4,"Shuriken":5,"Bronze Scales":11,"Mark of Pain":8,"Bag of Marbles":11,"Red Mask":12,"Cursed Key":15,"Burning Blood":0},{"Potion Belt":97,"CaptainsWheel":8,"NeowsBlessing":0,"Gremlin Horn":60,"Ornamental Fan":8,"Shuriken":11,"Bronze Scales":47,"Mark of Pain":34,"Bag of Marbles":47,"Red Mask":51,"Cursed Key":68,"Burning Blood":0}],"Burning Blood":133},"card_choices":[{"not_picked":["Wild Strike","Sentinel"],"picked":"Headbutt","floor":1.0},{"not_picked":["Fire Breathing","Sword Boomerang"],"picked":"Dropkick","floor":2.0},{"not_picked":["Sword Boomerang","Anger"],"picked":"Clothesline","floor":4.0},{"not_picked":["Berserk","Cleave"],"picked":"Power Through","floor":7.0},{"not_picked":["Power Through","Brutality"],"picked":"Shrug It Off","floor":10.0},{"not_picked":["Rage","Hemokinesis","Heavy Blade"],"picked":"SKIP","floor":13.0},{"not_picked":["Whirlwind","Headbutt","Warcry"],"picked":"SKIP","floor":14.0},{"not_picked":["Feed","Bludgeon"],"picked":"Offering","floor":16.0},{"not_picked":["Twin Strike","Cleave","Body Slam"],"picked":"SKIP","floor":18.0},{"not_picked":["Battle Trance","Pommel Strike"],"picked":"Burning Pact","floor":22.0},{"not_picked":["Anger","Wild Strike"],"picked":"Feed","floor":24.0},{"not_picked":["Uppercut","Clothesline","Sword Boomerang"],"picked":"SKIP","floor":28.0},{"not_picked":["Clash","Heavy Blade"],"picked":"Iron Wave+1","floor":31.0},{"not_picked":["Bludgeon","Juggernaut"],"picked":"Offering","floor":33.0},{"not_picked":["Wild Strike","Anger"],"picked":"Shrug It Off+1","floor":35.0},{"not_picked":["Clothesline","Anger"],"picked":"Pommel Strike","floor":36.0},{"not_picked":["Armaments","Iron Wave"],"picked":"Flame Barrier","floor":38.0},{"not_picked":["Searing Blow","Twin Strike+1"],"picked":"Pommel Strike+1","floor":39.0},{"not_picked":["Armaments","Clash","Clothesline"],"picked":"SKIP","floor":44.0},{"not_picked":["Uppercut+1","Clash"],"picked":"Spot Weakness","floor":45.0},{"not_picked":["Berserk","Anger"],"picked":"Dual Wield+1","floor":46.0},{"not_picked":["Sword Boomerang+1","Armaments","Anger"],"picked":"SKIP","floor":47.0}],"player_experience":2816397,"relics_obtained":[{"floor":7.0,"key":"Ornamental Fan"},{"floor":9.0,"key":"CaptainsWheel"},{"floor":10.0,"key":"Shuriken"},{"floor":24.0,"key":"Bag of Marbles"},{"floor":26.0,"key":"Bronze Scales"},{"floor":27.0,"key":"Red Mask"},{"floor":31.0,"key":"Gremlin Horn"},{"floor":45.0,"key":"Potion Belt"}],"event_choices":[{"damage_healed":0.0,"max_hp_gain":0.0,"max_hp_loss":0.0,"gold_gain":0.0,"event_name":"Match and Keep!","player_choice":"2 cards matched","floor":3.0,"gold_loss":0.0,"damage_taken":0.0,"cards_obtained":["Body Slam","Bash"]},{"damage_healed":0.0,"max_hp_gain":0.0,"max_hp_loss":0.0,"gold_gain":0.0,"event_name":"Shining Light","player_choice":"Entered Light","floor":5.0,"gold_loss":0.0,"damage_taken":23.0,"cards_upgraded":["Strike_R","Headbutt"]},{"cards_removed":["Strike_R"],"damage_healed":0.0,"max_hp_gain":0.0,"max_hp_loss":0.0,"gold_gain":0.0,"event_name":"Purifier","player_choice":"Purged","floor":11.0,"gold_loss":0.0,"damage_taken":0.0},{"cards_removed":["Strike_R"],"damage_healed":0.0,"max_hp_gain":0.0,"max_hp_loss":0.0,"gold_gain":0.0,"event_name":"Beggar","player_choice":"Gave Gold","floor":19.0,"gold_loss":75.0,"damage_taken":0.0},{"cards_removed":["Strike_R"],"damage_healed":0.0,"max_hp_gain":0.0,"max_hp_loss":0.0,"gold_gain":0.0,"event_name":"Back to Basics","player_choice":"Elegance","floor":20.0,"gold_loss":0.0,"damage_taken":0.0},{"damage_healed":0.0,"max_hp_gain":0.0,"max_hp_loss":0.0,"gold_gain":0.0,"event_name":"Masked Bandits","player_choice":"Fought Bandits","floor":27.0,"gold_loss":0.0,"damage_taken":0.0},{"damage_healed":0.0,"max_hp_gain":0.0,"max_hp_loss":0.0,"gold_gain":300.0,"event_name":"Wheel of Change","player_choice":"Gold","floor":37.0,"gold_loss":0.0,"damage_taken":0.0},{"damage_healed":0.0,"max_hp_gain":0.0,"max_hp_loss":5.0,"gold_gain":0.0,"event_name":"Winding Halls","player_choice":"Max HP","floor":48.0,"gold_loss":0.0,"damage_taken":0.0}],"is_beta":false,"boss_relics":[{"not_picked":["Busted Crown","Black Blood"],"picked":"Mark of Pain"},{"not_picked":["Sozu","SlaversCollar"],"picked":"Cursed Key"}],"items_purged_floors":[6,41],"is_endless":false,"potions_floor_spawned":[1,2,7,14,22,28,31,44,45,46],"killed_by":"Time Eater","ascension_level":20}}