{"host":"2461dio7vetlq1z3","time":1608494543,"event":{"mods":["2.2 Compatiblity","AchievementEnabler","BaseMod","Better Third Choice","Downfall","Hermit","Marisa????????","Minty Spire (QoL Compilation)","Relic Stats","Spicy Shops","StSLib","Waifu the Spire"],"gold_per_floor":[214,230,2,17,37,62,62,91,91,125,125,105,115,149,149,247,247,259,270,57,156,172,206,206,233,257,257,269,269,269],"floor_reached":29,"playtime":2004,"items_purged":[],"score":308,"play_id":"55268fb7-1521-4fef-991b-b85164ede84d","local_time":"20201220210223","is_ascension_mode":true,"campfire_choices":[{"data":"hexamod:WildfireWeapon","floor":7,"key":"SMITH"},{"data":"hexamod:HeatShield","floor":11,"key":"SMITH"},{"data":"hexamod:Float","floor":15,"key":"SMITH"},{"data":"hexamod:SearingWound","floor":24,"key":"SMITH"},{"floor":27,"key":"REST"}],"circlet_count":0,"master_deck":["hexamod:Strike","hexamod:Strike","hexamod:Strike","hexamod:Strike","hexamod:Defend","hexamod:Defend","hexamod:Defend","hexamod:Defend+1","hexamod:Sear","hexamod:Float+1","hexamod:DynamicBlow","hexamod:HeatShield+1","hexamod:PhantomCloak","hexamod:FlamesFromBeyond","hexamod:FastForward","hexamod:WildfireWeapon+1","hexamod:HeatCrush","hexamod:NightmareStrike","hexamod:SearingWound+1","hexamod:FlamesFromBeyond+1","hexamod:CrushingStance","hexamod:RecurringNightmare","hexamod:PhantomCloak","hexamod:Again+1","hexamod:SixthSeal","hexamod:PhantomCloak"],"relics":["hexamod:SpiritBrand","Blood Vial","Pantograph","Darkstone Periapt","Gremlin Horn","MealTicket","hexamod:IceCube","Boot","Torii"],"acts_visited":["Exordium","TheCity"],"potions_floor_usage":[13,22,23,25,29],"damage_taken":[{"damage":0,"enemies":"Cultist","floor":1,"turns":3},{"damage":0,"enemies":"Jaw Worm","floor":2,"turns":3},{"damage":0,"enemies":"2 Louse","floor":4,"turns":4},{"damage":0,"enemies":"Looter","floor":5,"turns":3},{"damage":15,"enemies":"3 Sentries","floor":6,"turns":8},{"damage":12,"enemies":"Lagavulin","floor":8,"turns":6},{"damage":3,"enemies":"3 Sentries","floor":10,"turns":7},{"damage":6,"enemies":"3 Louse","floor":13,"turns":3},{"damage":7,"enemies":"Lagavulin","floor":14,"turns":7},{"damage":52,"enemies":"Slime Boss","floor":16,"turns":14},{"damage":4,"enemies":"Chosen","floor":18,"turns":3},{"damage":10,"enemies":"3 Byrds","floor":19,"turns":4},{"damage":15,"enemies":"Sentry and Sphere","floor":22,"turns":6},{"damage":17,"enemies":"Slavers","floor":23,"turns":5},{"damage":39,"enemies":"Gremlin Leader","floor":25,"turns":8},{"damage":24,"enemies":"Chosen and Byrds","floor":28,"turns":7},{"damage":6,"enemies":"Book of Stabbing","floor":29,"turns":1}],"seed_played":"-6494612613754330169","potions_obtained":[{"floor":6,"key":"ColorlessPotion"},{"floor":8,"key":"hexamod:InfernoChargePotion"},{"floor":12,"key":"Energy Potion"},{"floor":14,"key":"Fire Potion"},{"floor":16,"key":"SkillPotion"},{"floor":22,"key":"FearPotion"},{"floor":25,"key":"CultistPotion"}],"is_trial":false,"path_per_floor":["M","M","$","M","M","E","R","E","T","E","R","?","M","E","R","B",null,"M","M","$","?","M","E","R","E","T","R","M","E"],"character_chosen":"THE_SPIRIT","items_purchased":["hexamod:PhantomCloak","hexamod:PhantomCloak"],"campfire_rested":1,"item_purchase_floors":[3,20],"current_hp_per_floor":[70,70,70,70,70,55,55,45,45,44,44,44,40,35,35,10,70,66,58,70,70,55,40,40,3,3,24,2,0,0],"gold":269,"neow_bonus":"HUNDRED_GOLD","is_daily":false,"chose_seed":false,"campfire_upgraded":4,"win_rate":0.0,"timestamp":1608494543,"path_taken":["M","M","$","?","M","E","R","E","T","E","R","?","M","E","R","BOSS","M","M","$","?","M","E","R","E","T","R","M","E"],"items_purchased_type":["Card","Card"],"build_version":"2020-12-13","purchased_purges":0,"victory":false,"max_hp_per_floor":[70,70,70,70,70,70,70,70,70,70,70,70,70,70,70,70,70,70,70,70,70,70,70,70,70,70,70,70,70,70],"relic_stats":{"Blood Vial":20,"Darkstone Periapt":0,"Gremlin Horn":[12,12],"Torii":3,"counters":[17,92],"Pantograph":25,"MealTicket":12,"Boot":[27],"obtain_stats":[{"Blood Vial":6,"Darkstone Periapt":9,"Gremlin Horn":10,"Torii":25,"Pantograph":8,"MealTicket":14,"Boot":23,"hexamod:SpiritBrand":0,"hexamod:IceCube":17},{"Blood Vial":5,"Darkstone Periapt":6,"Gremlin Horn":7,"Torii":15,"Pantograph":6,"MealTicket":9,"Boot":14,"hexamod:SpiritBrand":0,"hexamod:IceCube":10},{"Blood Vial":21,"Darkstone Periapt":27,"Gremlin Horn":34,"Torii":84,"Pantograph":27,"MealTicket":44,"Boot":76,"hexamod:SpiritBrand":0,"hexamod:IceCube":58}]},"card_choices":[{"not_picked":["hexamod:Firestarter","hexamod:BacktrackSmack"],"picked":"hexamod:DynamicBlow","floor":1},{"not_picked":["hexamod:Firestarter","hexamod:RainOfEmbers"],"picked":"hexamod:HeatShield","floor":2},{"not_picked":["hexamod:GhostflameBarrier","hexamod:EtherealExpedition"],"picked":"hexamod:FlamesFromBeyond","floor":4},{"not_picked":["hexamod:GhostOfSpireFuture","hexamod:InspiringFlames"],"picked":"hexamod:FastForward","floor":5},{"not_picked":["hexamod:SwordOfDarkness","hexamod:EtherealExpedition"],"picked":"hexamod:WildfireWeapon","floor":6},{"not_picked":["hexamod:HeatMetal","hexamod:ShieldOfDarkness"],"picked":"hexamod:HeatCrush","floor":8},{"not_picked":["hexamod:AdvancingGuard","hexamod:InspiringFlames"],"picked":"hexamod:NightmareStrike","floor":10},{"not_picked":["hexamod:SwordOfDarkness","hexamod:HauntingEcho"],"picked":"hexamod:SearingWound","floor":13},{"not_picked":["hexamod:BurningTouch","hexamod:SwordOfDarkness"],"picked":"hexamod:FlamesFromBeyond","floor":14},{"not_picked":["hexamod:GhostflameInferno","hexamod:HexaLevel"],"picked":"hexamod:CrushingStance","floor":16},{"not_picked":["hexamod:AdvancingGuard","hexamod:BacktrackSmack+1"],"picked":"hexamod:RecurringNightmare","floor":18},{"not_picked":["hexamod:NightmareStrike","hexamod:SpectersWail+1","hexamod:NightmareGuise"],"picked":"SKIP","floor":19},{"not_picked":["hexamod:EtherealExpedition","hexamod:NightmareStrike+1"],"picked":"hexamod:Again+1","floor":22},{"not_picked":["hexamod:RecurringNightmare","hexamod:NightmareStrike"],"picked":"hexamod:SixthSeal","floor":23},{"not_picked":["hexamod:BurningTouch+1","hexamod:FifthSeal","hexamod:DynamicBlow+1"],"picked":"SKIP","floor":25},{"not_picked":["hexamod:BurningTouch+1","hexamod:InspiringFlames"],"picked":"hexamod:PhantomCloak","floor":28}],"player_experience":951369,"relics_obtained":[{"floor":6,"key":"Blood Vial"},{"floor":8,"key":"Pantograph"},{"floor":9,"key":"Darkstone Periapt"},{"floor":10,"key":"Gremlin Horn"},{"floor":14,"key":"MealTicket"},{"floor":23,"key":"Boot"},{"floor":25,"key":"Torii"}],"event_choices":[{"damage_healed":0,"gold_gain":0,"player_choice":"Bought 1 Potion","damage_taken":0,"max_hp_gain":0,"max_hp_loss":0,"event_name":"The Woman in Blue","floor":12,"gold_loss":0},{"damage_healed":0,"gold_gain":99,"player_choice":"Steal","damage_taken":0,"max_hp_gain":0,"max_hp_loss":0,"event_name":"betterThird:BetterNest","floor":21,"gold_loss":0}],"is_beta":false,"boss_relics":[{"not_picked":["Astrolabe","Calling Bell"],"picked":"hexamod:IceCube"}],"items_purged_floors":[],"is_endless":false,"potions_floor_spawned":[6,8,14,16,22,25],"killed_by":"Book of Stabbing","ascension_level":1}}