{"host":"dr74i48rjaqsqifn","time":1608480324,"event":{"mods":["Ascension Reborn","Aspiration","BaseMod","Challenge The Spire","Colored Powertips","Conspire","Downfall","Energized Spire","Halation","Hubris","Hunter ??","Infinite Spire","Mad Scientist","Marisa????????","Minty Spire (QoL Compilation)","Prisma Mod","READ ME - Guardian Mod","Remilia??????","Replay The Spire","StSLib","The Administrix","The Animator","The Bug Knight","The Construct","The Cursed","The Disciple","The Elementalist","The Factory","The Gatherer","The Hierophant","The Jungle","The Mystic","The Necromancer","The Runesmith","The Servant 0.9.4","Youmu??????","vexMod"],"gold_per_floor":[111,121,138,158,158,158,158,196,221,235,235,235,271,285,285,371,371,394,394],"floor_reached":18,"playtime":1626,"items_purged":[],"score":199,"play_id":"5a59d5d7-140b-455a-9ad2-1ea049d7dd34","local_time":"20201220230524","is_ascension_mode":true,"campfire_choices":[{"floor":7,"key":"REST"},{"floor":12,"key":"RECALL"},{"floor":15,"key":"REST"}],"circlet_count":0,"master_deck":["PrismaMod:ChloeCommonAttack","PrismaMod:ChloeCommonAttack","PrismaMod:ChloeCommonAttack","PrismaMod:ChloeCommonAttack","PrismaMod:ChloeCommonAttack","PrismaMod:ChloeCommonDefend","PrismaMod:ChloeCommonDefend","PrismaMod:ChloeCommonDefend","PrismaMod:ChloeCommonDefend","PrismaMod:ChloeCommonDefend","PrismaMod:ChloeCheapAttack","PrismaMod:ChloeCheapDefend","PrismaMod:ChloeChristmas","PrismaMod:ChloeUncommonAOEAttack","PrismaMod:ChloeExhaustOne+1","PrismaMod:ChloeExhaustOne","Injury","PrismaMod:ChloeExcalibur","PrismaMod:ChloeCheapAttackTwo","PrismaMod:ChloeCheapDefendTwo","PrismaMod:ChloeDemonicTutor","PrismaMod:ChloeCarnivalAttack","PrismaMod:ChloeUncommonDefend+1"],"relics":["PrismaMod:PrismaTraceOn","Golden Idol","infinitespire:Satchel","Replay:Bottled Flurry","energizedSpire:MagnifyingGlass"],"acts_visited":["Exordium","TheCity"],"potions_floor_usage":[8,8,16,16],"damage_taken":[{"damage":8,"enemies":"infinitespire:Voidling","floor":1,"turns":4},{"damage":0,"enemies":"Jaw Worm","floor":2,"turns":3},{"damage":5,"enemies":"Small Slimes","floor":3,"turns":5},{"damage":22,"enemies":"Exordium Wildlife","floor":4,"turns":4},{"damage":18,"enemies":"HollowMod:MossKnight","floor":8,"turns":10},{"damage":4,"enemies":"Red Slaver","floor":10,"turns":2},{"damage":0,"enemies":"Gremlin Nob","floor":13,"turns":2},{"damage":13,"enemies":"Exordium Thugs","floor":14,"turns":4},{"damage":43,"enemies":"The Guardian","floor":16,"turns":8},{"damage":22,"enemies":"3 Byrds","floor":18,"turns":6}],"seed_played":"3851083501257942564","potions_obtained":[{"floor":1,"key":"SpeedPotion"},{"floor":3,"key":"SteroidPotion"},{"floor":4,"key":"SteroidPotion"},{"floor":13,"key":"Death Potion"},{"floor":14,"key":"sneckomod:MuddlingPotion"}],"is_trial":false,"path_per_floor":["M","M","M","M","?","?","R","E","T","M","$","R","E","M","R","B",null,"M"],"character_chosen":"CHLOE","items_purchased":[],"campfire_rested":2,"item_purchase_floors":[],"current_hp_per_floor":[81,81,76,54,54,54,78,60,60,56,56,56,56,43,67,24,82,60,60],"gold":394,"neow_bonus":"TEN_PERCENT_HP_BONUS","is_daily":false,"chose_seed":false,"campfire_upgraded":0,"win_rate":0.0,"timestamp":1608480324,"path_taken":["M","M","M","?","?","?","R","E","T","M","?","R","E","M","R","BOSS","M"],"items_purchased_type":[],"build_version":"2020-12-13","purchased_purges":0,"victory":false,"max_hp_per_floor":[82,82,82,82,82,82,82,82,82,82,82,82,82,82,82,82,82,82,82],"card_choices":[{"not_picked":["PrismaMod:ChloeRitsuka","PrismaMod:ChloeCheapDefend"],"picked":"PrismaMod:ChloeChristmas","floor":1},{"not_picked":["PrismaMod:ChloeDemonicTutor","PrismaMod:ChloeCheapDefendTwo"],"picked":"PrismaMod:ChloeUncommonAOEAttack","floor":2},{"not_picked":["PrismaMod:ChloeCommonAOEAttack","PrismaMod:ChloeCaladbolg"],"picked":"PrismaMod:ChloeExhaustOne","floor":3},{"not_picked":["PrismaMod:ChloeRuleBreaker","PrismaMod:ChloeUncommonAOEAttack"],"picked":"PrismaMod:ChloeExhaustOne","floor":4},{"not_picked":["PrismaMod:ChloeRhongomyniad","PrismaMod:ChloeDiscardRecovery"],"picked":"PrismaMod:ChloeExcalibur","floor":8},{"not_picked":["PrismaMod:ChloeExhaustTwo","PrismaMod:ChloeRuleBreaker"],"picked":"PrismaMod:ChloeCheapAttackTwo","floor":10},{"not_picked":["PrismaMod:ChloeCheapDefend","PrismaMod:ChloeMaid"],"picked":"PrismaMod:ChloeCheapDefendTwo","floor":13},{"not_picked":["PrismaMod:ChloeAnyPowerTrace","PrismaMod:ChloeCheapDefendTwo"],"picked":"PrismaMod:ChloeDemonicTutor","floor":14},{"not_picked":["PrismaMod:ChloeAnyAttackTrace","PrismaMod:ChloeCarnivalAOEAttack"],"picked":"PrismaMod:ChloeCarnivalAttack","floor":16},{"not_picked":["PrismaMod:ChloeCheapAttack+1","PrismaMod:ChloeExhaustTwo"],"picked":"PrismaMod:ChloeUncommonDefend+1","floor":18}],"player_experience":156008,"relics_obtained":[{"floor":8,"key":"infinitespire:Satchel"},{"floor":13,"key":"Replay:Bottled Flurry"}],"event_choices":[{"damage_healed":0,"gold_gain":0,"player_choice":"Grow","damage_taken":0,"max_hp_gain":0,"max_hp_loss":0,"event_name":"Living Wall","floor":5,"gold_loss":0,"cards_upgraded":["PrismaMod:ChloeExhaustOne"]},{"damage_healed":0,"gold_gain":0,"player_choice":"Take Wound","damage_taken":0,"relics_obtained":["Golden Idol"],"max_hp_gain":0,"max_hp_loss":0,"event_name":"Golden Idol","floor":6,"gold_loss":0,"cards_obtained":["Injury"]}],"is_beta":false,"boss_relics":[{"not_picked":["hubris:CrackedHourglass","halation:MonkeysPaw"],"picked":"energizedSpire:MagnifyingGlass"}],"items_purged_floors":[],"is_endless":false,"potions_floor_spawned":[1,3,4,13,14],"killed_by":"3 Byrds","ascension_level":0}}