{"host":"iphsb0ccnjx0pfn6","time":1608443031,"event":{"mods":["2.2 Compatiblity","AchievementEnabler","BaseMod","Colored Map","DeckTracker","Keyboard Shortcuts","Minty Spire (QoL Compilation)","Permanent Neow","Quick Restart","Relic Stats","StSLib","SuperFastMode","Uncapped","everything is the same but u backflip on backflip"],"gold_per_floor":[111,127,143,143,154,183,183,88,88,88,101,118,118,129,129,204,204,220,238,513,526,537,537,537,537],"floor_reached":24,"playtime":518,"items_purged":[],"score":404,"play_id":"d80f18c7-097b-4113-a9a0-f2725277b31c","local_time":"20201220144351","is_ascension_mode":true,"campfire_choices":[{"data":"Bash","floor":7.0,"key":"SMITH"},{"data":"Disarm","floor":10.0,"key":"SMITH"},{"data":"Pommel Strike","floor":13.0,"key":"SMITH"},{"data":"Thinking Ahead","floor":15.0,"key":"SMITH"},{"data":"Immolate","floor":23,"key":"SMITH"}],"circlet_count":0,"master_deck":["AscendersBane","Strike_R","Strike_R","Strike_R","Strike_R","Strike_R","Defend_R","Defend_R","Defend_R","Defend_R","Bash+1","Thinking Ahead+1","Disarm+1","Clothesline","Perfected Strike+1","Pommel Strike+1","Wild Strike","Flame Barrier","Twin Strike","Pommel Strike","Immolate+1","Pommel Strike","Regret","Feel No Pain+1","Reaper"],"relics":["Burning Blood","Girya","Unceasing Top","Mango","Philosopher\u0027s Stone"],"acts_visited":["Exordium","TheCity"],"potions_floor_usage":[16,22],"damage_taken":[{"damage":6.0,"enemies":"Cultist","floor":1.0,"turns":3.0},{"damage":14.0,"enemies":"Small Slimes","floor":2.0,"turns":4.0},{"damage":5.0,"enemies":"2 Louse","floor":3.0,"turns":4.0},{"damage":19.0,"enemies":"Lots of Slimes","floor":5.0,"turns":7.0},{"damage":27.0,"enemies":"Gremlin Nob","floor":6.0,"turns":4.0},{"damage":7.0,"enemies":"2 Fungi Beasts","floor":11.0,"turns":3.0},{"damage":6.0,"enemies":"Blue Slaver","floor":12.0,"turns":4.0},{"damage":8.0,"enemies":"Large Slime","floor":14.0,"turns":4.0},{"damage":11,"enemies":"Hexaghost","floor":16,"turns":11},{"damage":17,"enemies":"Chosen","floor":18,"turns":4},{"damage":29,"enemies":"Shell Parasite","floor":19,"turns":5},{"damage":0,"enemies":"Snecko","floor":21,"turns":2},{"damage":19,"enemies":"Centurion and Healer","floor":22,"turns":5},{"damage":34,"enemies":"Book of Stabbing","floor":24,"turns":4}],"seed_played":"7773474132117204137","potions_obtained":[{"floor":6.0,"key":"Ancient Potion"},{"floor":11.0,"key":"Fruit Juice"},{"floor":14.0,"key":"HeartOfIron"},{"floor":16,"key":"EssenceOfSteel"},{"floor":19,"key":"Energy Potion"}],"is_trial":false,"path_per_floor":["M","M","M","?","M","E","R","?","T","R","M","M","R","M","R","B",null,"M","M","?","M","M","R","E"],"character_chosen":"IRONCLAD","items_purchased":[],"campfire_rested":0,"item_purchase_floors":[],"current_hp_per_floor":[68,60,61,61,48,27,27,27,41,41,40,40,40,43,43,38,75,64,41,41,47,34,34,0,0],"gold":537,"neow_bonus":"RANDOM_COLORLESS_2","is_daily":false,"chose_seed":false,"campfire_upgraded":5,"win_rate":0.0,"timestamp":1608443031,"path_taken":["M","?","M","?","M","E","R","?","T","R","?","M","R","M","R","BOSS","M","M","?","?","M","R","E"],"items_purchased_type":[],"build_version":"2020-12-13","purchased_purges":0,"victory":false,"max_hp_per_floor":[68,68,68,68,68,68,68,68,82,82,82,82,82,87,87,87,87,87,87,87,87,87,87,87,87],"relic_stats":{"counters":[14,64],"obtain_stats":[{"Girya":6,"Mango":9,"Philosopher\u0027s Stone":17,"Burning Blood":0,"Unceasing Top":8},{"Girya":5,"Mango":5,"Philosopher\u0027s Stone":9,"Burning Blood":0,"Unceasing Top":5},{"Girya":22,"Mango":22,"Philosopher\u0027s Stone":44,"Burning Blood":0,"Unceasing Top":22}],"Burning Blood":78,"Unceasing Top":[0]},"card_choices":[{"not_picked":["Panache","Magnetism"],"picked":"Thinking Ahead","floor":0.0},{"not_picked":["Flex","Havoc"],"picked":"Disarm","floor":1.0},{"not_picked":["Rage","Disarm"],"picked":"Clothesline","floor":2.0},{"not_picked":["Cleave","True Grit"],"picked":"Perfected Strike","floor":3.0},{"not_picked":["Burning Pact","Feed"],"picked":"Pommel Strike","floor":5.0},{"not_picked":["Evolve","Immolate"],"picked":"Wild Strike","floor":6.0},{"not_picked":["Headbutt","Havoc"],"picked":"Flame Barrier","floor":11.0},{"not_picked":["Impervious","Shrug It Off"],"picked":"Twin Strike","floor":12.0},{"not_picked":["Burning Pact","Sever Soul"],"picked":"Pommel Strike","floor":14.0},{"not_picked":["Bludgeon","Exhume"],"picked":"Immolate","floor":16},{"not_picked":["Iron Wave+1","Body Slam"],"picked":"Pommel Strike","floor":18},{"not_picked":["Iron Wave","Clash","Body Slam"],"picked":"SKIP","floor":19},{"not_picked":["Disarm","Burning Pact"],"picked":"Feel No Pain+1","floor":21},{"not_picked":["Armaments","Spot Weakness"],"picked":"Reaper","floor":22}],"player_experience":1253812,"relics_obtained":[{"floor":6.0,"key":"Girya"},{"floor":9.0,"key":"Mango"}],"event_choices":[{"damage_healed":0.0,"max_hp_gain":0.0,"max_hp_loss":0.0,"gold_gain":0.0,"event_name":"Living Wall","player_choice":"Grow","floor":4.0,"gold_loss":0.0,"damage_taken":0.0,"cards_upgraded":["Perfected Strike"]},{"damage_healed":0.0,"max_hp_gain":0.0,"max_hp_loss":0.0,"gold_gain":0.0,"event_name":"WeMeetAgain","player_choice":"Paid Gold","floor":8.0,"gold_loss":95.0,"damage_taken":0.0,"relics_obtained":["Unceasing Top"]},{"damage_healed":0,"gold_gain":275,"player_choice":"Desecrate","damage_taken":0,"max_hp_gain":0,"max_hp_loss":0,"event_name":"Golden Shrine","floor":20,"gold_loss":0,"cards_obtained":["Regret"]}],"is_beta":false,"boss_relics":[{"not_picked":["Calling Bell","SacredBark"],"picked":"Philosopher\u0027s Stone"}],"items_purged_floors":[],"is_endless":false,"potions_floor_spawned":[6,11,14,16,19,21],"killed_by":"Book of Stabbing","ascension_level":20}}