{"host":"3a1ypf1irl30q4k8","time":1608481496,"event":{"mods":["AchievementEnabler","BaseMod","Bestiary","Colored Map","Minty Spire (QoL Compilation)","Relic Stats"],"gold_per_floor":[112,15,15,25,25,50,50,84,84,97,122,122,272,282,282,356,356,369,64,75,75,75,75],"floor_reached":22,"playtime":1027,"items_purged":["Strike_R"],"score":397,"play_id":"5f21218e-7b48-4c3d-a812-8fed224dfb44","local_time":"20201220162456","is_ascension_mode":true,"campfire_choices":[{"data":"Whirlwind","floor":7,"key":"SMITH"},{"data":"Shockwave","floor":12,"key":"SMITH"},{"data":"Rage","floor":15,"key":"SMITH"}],"circlet_count":0,"master_deck":["AscendersBane","Strike_R","Strike_R","Strike_R","Strike_R","Defend_R","Defend_R","Defend_R","Defend_R","Bash","Whirlwind+1","Carnage","Shrug It Off","True Grit","Burning Pact","Shockwave+1","Clothesline","Doubt","Rage+1","Impervious","Seeing Red+1","Chrysalis","Armaments","Entrench"],"relics":["Burning Blood","NeowsBlessing","Calipers","StoneCalendar","Eternal Feather","Gambling Chip","Philosopher\u0027s Stone"],"acts_visited":["Exordium","TheCity"],"potions_floor_usage":[11,14,18,22],"damage_taken":[{"damage":0,"enemies":"2 Louse","floor":1,"turns":1},{"damage":0,"enemies":"Small Slimes","floor":4,"turns":1},{"damage":0,"enemies":"Lagavulin","floor":6,"turns":1},{"damage":27,"enemies":"Gremlin Nob","floor":8,"turns":4},{"damage":1,"enemies":"Cultist","floor":10,"turns":4},{"damage":25,"enemies":"Lagavulin","floor":11,"turns":7},{"damage":0,"enemies":"Large Slime","floor":14,"turns":4},{"damage":56,"enemies":"The Guardian","floor":16,"turns":14},{"damage":26,"enemies":"3 Byrds","floor":18,"turns":6},{"damage":18,"enemies":"2 Thieves","floor":20,"turns":5},{"damage":41,"enemies":"Chosen and Byrds","floor":22,"turns":5}],"seed_played":"-6132680479085389205","potions_obtained":[{"floor":5,"key":"PowerPotion"},{"floor":5,"key":"ElixirPotion"},{"floor":10,"key":"GamblersBrew"},{"floor":11,"key":"DuplicationPotion"},{"floor":16,"key":"SteroidPotion"}],"is_trial":false,"path_per_floor":["M","$","?","M","?","E","R","E","T","M","E","R","?","M","R","B",null,"M","$","M","?","M"],"character_chosen":"IRONCLAD","items_purchased":["Carnage","Shrug It Off","Chrysalis","Armaments"],"campfire_rested":0,"item_purchase_floors":[2,2,19,19],"current_hp_per_floor":[74,74,74,75,75,75,75,54,54,59,40,49,49,55,67,17,61,41,41,29,29,0,0],"gold":75,"neow_bonus":"THREE_ENEMY_KILL","is_daily":false,"chose_seed":false,"campfire_upgraded":3,"win_rate":0.0,"timestamp":1608481496,"path_taken":["M","$","?","M","?","E","R","E","T","?","E","R","?","M","R","BOSS","M","$","M","?","M"],"items_purchased_type":["Card","Card","Card","Card"],"build_version":"2020-12-13","purchased_purges":1,"victory":false,"max_hp_per_floor":[75,75,75,75,75,75,75,75,75,75,75,75,75,75,75,75,75,75,75,75,75,75,75],"relic_stats":{"counters":[11,52],"Gambling Chip":[17],"StoneCalendar":[32],"Eternal Feather":21,"obtain_stats":[{"Calipers":6,"NeowsBlessing":0,"Gambling Chip":11,"StoneCalendar":8,"Eternal Feather":9,"Philosopher\u0027s Stone":17,"Burning Blood":0},{"Calipers":3,"NeowsBlessing":0,"Gambling Chip":6,"StoneCalendar":4,"Eternal Feather":4,"Philosopher\u0027s Stone":8,"Burning Blood":0},{"Calipers":3,"NeowsBlessing":0,"Gambling Chip":18,"StoneCalendar":7,"Eternal Feather":7,"Philosopher\u0027s Stone":36,"Burning Blood":0}],"Burning Blood":49},"card_choices":[{"not_picked":["Flex","Dual Wield"],"picked":"Whirlwind","floor":1},{"not_picked":["Clash","Dropkick"],"picked":"True Grit","floor":4},{"not_picked":["Inflame","Cleave"],"picked":"Burning Pact","floor":6},{"not_picked":["Shrug It Off","Warcry"],"picked":"Shockwave","floor":8},{"not_picked":["True Grit","Clash","Heavy Blade"],"picked":"SKIP","floor":10},{"not_picked":["Limit Break","Sever Soul"],"picked":"Clothesline","floor":11},{"not_picked":["Perfected Strike","Havoc"],"picked":"Rage","floor":14},{"not_picked":["Brutality","Reaper"],"picked":"Impervious","floor":16},{"not_picked":["Warcry","Combust"],"picked":"Seeing Red+1","floor":18},{"not_picked":["Headbutt","Clothesline+1"],"picked":"Entrench","floor":20}],"player_experience":860555,"relics_obtained":[{"floor":6,"key":"Calipers"},{"floor":8,"key":"StoneCalendar"},{"floor":9,"key":"Eternal Feather"},{"floor":11,"key":"Gambling Chip"}],"event_choices":[{"damage_healed":0,"gold_gain":0,"player_choice":"Ignored","damage_taken":0,"max_hp_gain":0,"max_hp_loss":0,"event_name":"Shining Light","floor":3,"gold_loss":0},{"damage_healed":0,"gold_gain":0,"player_choice":"Got Potions","damage_taken":0,"max_hp_gain":0,"max_hp_loss":0,"event_name":"Lab","floor":5,"gold_loss":0},{"damage_healed":0,"gold_gain":150,"player_choice":"AGREE","damage_taken":0,"max_hp_gain":0,"max_hp_loss":0,"event_name":"Liars Game","floor":13,"gold_loss":0,"cards_obtained":["Doubt"]},{"damage_healed":0,"gold_gain":0,"player_choice":"Ignored","damage_taken":0,"max_hp_gain":0,"max_hp_loss":0,"event_name":"The Mausoleum","floor":21,"gold_loss":0}],"is_beta":false,"boss_relics":[{"not_picked":["SlaversCollar","Fusion Hammer"],"picked":"Philosopher\u0027s Stone"}],"items_purged_floors":[19],"is_endless":false,"potions_floor_spawned":[10,11,16],"killed_by":"Chosen and Byrds","ascension_level":15}}