{"host":"51mqhfpmwwd4kxyt","time":1608462678,"event":{"mods":["BaseMod","Downfall","Googly Eyes","Highlight Path","Minty Spire (QoL Compilation)","READ ME - Guardian Mod","StSLib","The Cursed","The Servant 0.9.4"],"gold_per_floor":[110,110,35,48,223,242,262,278,278,320,332,372,158,183,183,282,282,296,296,296,307,317,351,119,144,144,158,189,189,199,249,249,350,350,364,384,19,35,49,49,82,82,82,115,127,145,12,62,62,62,62,62,12,39,39],"floor_reached":56,"playtime":6045,"items_purged":["Pain","Regret","Slimebound:Tackle+1"],"score":1262,"play_id":"926c1ed1-4793-4b6b-b31d-0a0ff0336bf1","local_time":"20201220061118","is_ascension_mode":false,"campfire_choices":[{"floor":15,"key":"REST"},{"floor":29,"key":"RECALL"},{"data":"TheCursedMod:HellsGateOpen","floor":32,"key":"SMITH"},{"data":"TheCursedMod:LuckyCharm","floor":40,"key":"SMITH"},{"data":"TheCursedMod:CleanUpWorkshop","floor":42,"key":"SMITH"},{"floor":49,"key":"REST"},{"data":"expansioncontent:DecasProtection","floor":52,"key":"SMITH"}],"circlet_count":0,"master_deck":["TheCursedMod:Defend_TheCursed","TheCursedMod:Defend_TheCursed","TheCursedMod:Defend_TheCursed","TheCursedMod:CursedWand","TheCursedMod:CleanUpWorkshop+1","TheCursedMod:Dregs","TheCursedMod:NeowsMight","TheCursedMod:FleshFromBone","TheCursedMod:WearCloak","Doubt","TheCursedMod:CursedMace","TheCursedMod:RapidMovement","TheCursedMod:Wield+1","TheCursedMod:HellfireBreathing","TheCursedMod:DemonSword+1","TheCursedMod:VoidForm","TheCursedMod:Evocation","Slimebound:Tackle+1","Slimebound:Tackle+1","TheCursedMod:PrepareRite","TheCursedMod:CircleOfAbyss","TheCursedMod:SurpriseAttack","TheCursedMod:HellsGateOpen+1","TheCursedMod:StunningStrike+1","TheCursedMod:CursedShiv+1","TheCursedMod:WearCloak+1","TheCursedMod:StunningStrike+1","TheCursedMod:LuckyCharm+1","TheCursedMod:CursedBoomerang+1","TheCursedMod:SpitefulPlan","TheCursedMod:SurpriseAttack+1","TheCursedMod:SpitefulStrike+1","TheCursedMod:CircleOfCorruption+1","TheCursedMod:FleshFromBone+1","TheCursedMod:Evocation","TheCursedMod:SmokeScreen+1","TheCursedMod:BlessingInDisguise","expansioncontent:DecasProtection+1","TheCursedMod:CursedShiv+1","TheCursedMod:BlessingInDisguise+1"],"relics":["TheCursedMod:BlackMagic101","WarpedTongs","MawBank","Art of War","Blue Candle","Toy Ornithopter","Oddly Smooth Stone","Runic Pyramid","Du-Vu Doll","Whetstone","Molten Egg 2","Mercury Hourglass","Philosopher\u0027s Stone","TheCursedMod:DemonicMark","Pen Nib","Smiling Mask","TheCursedMod:Tack","TheCursedMod:SoulVessel","Bag of Preparation"],"acts_visited":["Exordium","TheCity","TheBeyond","TheEnding"],"potions_floor_usage":[10,10,14,14,22,23,25,30,33,33,44,50,54,55],"damage_taken":[{"damage":0,"enemies":"Small Slimes","floor":1,"turns":4},{"damage":4,"enemies":"Cultist","floor":4,"turns":4},{"damage":0,"enemies":"2 Louse","floor":6,"turns":2},{"damage":9,"enemies":"2 Fungi Beasts","floor":7,"turns":5},{"damage":0,"enemies":"Exordium Wildlife","floor":8,"turns":5},{"damage":14,"enemies":"Gremlin Nob","floor":10,"turns":4},{"damage":16,"enemies":"Lagavulin","floor":12,"turns":8},{"damage":6,"enemies":"3 Sentries","floor":14,"turns":6},{"damage":28,"enemies":"The Guardian","floor":16,"turns":13},{"damage":14,"enemies":"Shell Parasite","floor":18,"turns":5},{"damage":0,"enemies":"Spheric Guardian","floor":21,"turns":3},{"damage":0,"enemies":"Snecko","floor":22,"turns":3},{"damage":16,"enemies":"Gremlin Leader","floor":23,"turns":4},{"damage":3,"enemies":"Book of Stabbing","floor":25,"turns":5},{"damage":7,"enemies":"Chosen and Byrds","floor":27,"turns":5},{"damage":5,"enemies":"Gremlin Leader","floor":28,"turns":4},{"damage":6,"enemies":"Centurion and Healer","floor":30,"turns":4},{"damage":57,"enemies":"Champ","floor":33,"turns":10},{"damage":3,"enemies":"3 Shapes","floor":35,"turns":3},{"damage":1,"enemies":"3 Darklings","floor":36,"turns":4},{"damage":0,"enemies":"Transient","floor":38,"turns":5},{"damage":10,"enemies":"Spire Growth","floor":39,"turns":4},{"damage":5,"enemies":"Nemesis","floor":41,"turns":5},{"damage":18,"enemies":"Giant Head","floor":44,"turns":8},{"damage":7,"enemies":"4 Shapes","floor":45,"turns":3},{"damage":0,"enemies":"Transient","floor":46,"turns":5},{"damage":0,"enemies":"Mind Bloom Boss Battle","floor":48,"turns":4},{"damage":25,"enemies":"Donu and Deca","floor":50,"turns":9},{"damage":9,"enemies":"Shield and Spear","floor":54,"turns":4},{"damage":64,"enemies":"The Heart","floor":55,"turns":11}],"seed_played":"-4278835174617234743","potions_obtained":[{"floor":4,"key":"LiquidMemories"},{"floor":7,"key":"Fire Potion"},{"floor":10,"key":"ColorlessPotion"},{"floor":14,"key":"AttackPotion"},{"floor":16,"key":"DuplicationPotion"},{"floor":23,"key":"ColorlessPotion"},{"floor":27,"key":"Energy Potion"},{"floor":30,"key":"PowerPotion"},{"floor":33,"key":"Fire Potion"},{"floor":35,"key":"AttackPotion"},{"floor":44,"key":"Guardian:BlockOnCardUsePotion"},{"floor":54,"key":"LiquidMemories"}],"is_trial":false,"path_per_floor":["M","?","$","M","?","M","M","M","T","E","?","E","$","E","R","B",null,"M","?","?","M","M","E","$","E","T","M","E","R","M","?","R","B",null,"M","M","$","M","M","R","E","R","T","E","M","M","$","?","R","B",null,"R","$","E","B",null],"character_chosen":"THE_CURSED","items_purchased":["PowerPotion","Ancient Potion","Whetstone","Regen Potion","TheCursedMod:DemonicMark","TheCursedMod:SpitefulPlan","TheCursedMod:SurpriseAttack+1","TheCursedMod:BlessingInDisguise","expansioncontent:DecasProtection"],"campfire_rested":2,"item_purchase_floors":[13,13,24,24,37,37,37,47,47],"current_hp_per_floor":[75,75,75,71,71,71,62,62,62,48,48,32,32,36,58,30,75,61,61,61,61,66,55,55,71,71,64,59,59,58,58,58,11,75,72,71,71,71,61,61,56,56,56,43,36,36,36,36,58,55,75,75,75,75,35],"gold":39,"neow_bonus":"ONE_RANDOM_RARE_CARD","is_daily":false,"chose_seed":false,"campfire_upgraded":4,"win_rate":0.0,"timestamp":1608462678,"path_taken":["M","?","?","?","?","M","M","M","T","E","?","E","$","E","R","BOSS","M","?","?","M","M","E","?","E","T","M","E","R","M","?","R","BOSS","M","M","$","?","M","R","E","R","T","E","M","M","?","?","R","BOSS","R","$","E","BOSS"],"items_purchased_type":["Potion","Potion","Relic","Potion","Relic","Card","Card","Card","Card"],"build_version":"2020-12-13","purchased_purges":3,"victory":true,"max_hp_per_floor":[75,75,75,75,75,75,75,75,75,75,75,75,75,75,75,75,75,75,75,75,75,75,75,75,75,75,75,75,75,75,75,75,75,75,75,75,75,75,75,75,75,75,75,75,75,75,75,75,75,75,75,75,75,75,75],"card_choices":[{"not_picked":["TheCursedMod:WearCloak","TheCursedMod:Wield"],"picked":"TheCursedMod:FleshFromBone","floor":1},{"not_picked":["TheCursedMod:DoubleShield","TheCursedMod:CircleOfFocus"],"picked":"TheCursedMod:WearCloak","floor":4},{"not_picked":["TheCursedMod:WearCloak","TheCursedMod:TacticalStrike"],"picked":"TheCursedMod:CursedMace","floor":6},{"not_picked":["TheCursedMod:WearCloak","TheCursedMod:UltimatePain"],"picked":"TheCursedMod:RapidMovement","floor":7},{"not_picked":["TheCursedMod:SmokeScreen","TheCursedMod:FleshFromBone"],"picked":"TheCursedMod:Wield","floor":8},{"not_picked":["TheCursedMod:FleshFromBone","TheCursedMod:TacticalStrike"],"picked":"TheCursedMod:HellfireBreathing","floor":10},{"not_picked":["TheCursedMod:CircleOfBlood","TheCursedMod:ReleasedStrength"],"picked":"TheCursedMod:DemonSword","floor":12},{"not_picked":["TheCursedMod:Stretching","TheCursedMod:CircleOfFlame","TheCursedMod:CircleOfCorruption"],"picked":"SKIP","floor":14},{"not_picked":["TheCursedMod:AntiAging","TheCursedMod:DemonicPact"],"picked":"TheCursedMod:VoidForm","floor":16},{"not_picked":["TheCursedMod:Torture","TheCursedMod:CursedAmulet"],"picked":"TheCursedMod:Evocation","floor":18},{"not_picked":["TheCursedMod:SmokeScreen","TheCursedMod:FleshFromBone"],"picked":"TheCursedMod:PrepareRite","floor":21},{"not_picked":["TheCursedMod:CircleOfFlame","TheCursedMod:TacticalStrike"],"picked":"TheCursedMod:CircleOfAbyss","floor":22},{"not_picked":["TheCursedMod:VitalStrike","TheCursedMod:CursedBlade"],"picked":"TheCursedMod:SurpriseAttack","floor":23},{"not_picked":["TheCursedMod:Torture","TheCursedMod:SoulCrush+1"],"picked":"TheCursedMod:HellsGateOpen","floor":25},{"not_picked":["TheCursedMod:SurpriseAttack+1","TheCursedMod:Obscuration"],"picked":"TheCursedMod:StunningStrike+1","floor":27},{"not_picked":["TheCursedMod:HellsGateOpen","TheCursedMod:CursedAmulet"],"picked":"TheCursedMod:CursedShiv+1","floor":28},{"not_picked":["TheCursedMod:CursedBlade+1","TheCursedMod:EmpowerCircles"],"picked":"TheCursedMod:WearCloak+1","floor":30},{"not_picked":["TheCursedMod:DemonicPact","TheCursedMod:OutForBlood"],"picked":"TheCursedMod:StunningStrike+1","floor":33},{"not_picked":["TheCursedMod:Grudge","TheCursedMod:ReleasedStrength"],"picked":"TheCursedMod:LuckyCharm","floor":35},{"not_picked":["TheCursedMod:SpreadPlague","TheCursedMod:Wield+1"],"picked":"TheCursedMod:CursedBoomerang+1","floor":36},{"not_picked":["TheCursedMod:Wield+1","TheCursedMod:SpreadPlague"],"picked":"TheCursedMod:SpitefulStrike+1","floor":38},{"not_picked":["TheCursedMod:Obscuration","TheCursedMod:Wield+1"],"picked":"TheCursedMod:CircleOfCorruption+1","floor":39},{"not_picked":["TheCursedMod:Evocation","TheCursedMod:WearCloak+1"],"picked":"TheCursedMod:FleshFromBone+1","floor":41},{"not_picked":["TheCursedMod:CursedAmulet","TheCursedMod:TacticalStrike+1"],"picked":"TheCursedMod:Evocation","floor":44},{"not_picked":["TheCursedMod:RavingStaff+1","TheCursedMod:EmpowerCircles+1","TheCursedMod:AbyssShockwave+1"],"picked":"SKIP","floor":45},{"not_picked":["TheCursedMod:SoulCrush+1","TheCursedMod:CursedShiv+1"],"picked":"TheCursedMod:SmokeScreen+1","floor":46},{"not_picked":["TheCursedMod:CursedArmor","TheCursedMod:Grudge+1"],"picked":"TheCursedMod:CursedShiv+1","floor":48},{"not_picked":["TheCursedMod:CircleOfCorruption+1","TheCursedMod:WearCloak"],"picked":"TheCursedMod:BlessingInDisguise+1","floor":54}],"player_experience":292509,"relics_obtained":[{"floor":9,"key":"MawBank"},{"floor":10,"key":"Art of War"},{"floor":12,"key":"Toy Ornithopter"},{"floor":14,"key":"Oddly Smooth Stone"},{"floor":23,"key":"Du-Vu Doll"},{"floor":25,"key":"Molten Egg 2"},{"floor":28,"key":"Mercury Hourglass"},{"floor":41,"key":"Pen Nib"},{"floor":43,"key":"Smiling Mask"},{"floor":44,"key":"TheCursedMod:Tack"},{"floor":48,"key":"TheCursedMod:SoulVessel"},{"floor":54,"key":"Bag of Preparation"}],"event_choices":[{"damage_healed":0,"gold_gain":0,"player_choice":"Rummage","damage_taken":0,"relics_obtained":["WarpedTongs"],"max_hp_gain":0,"max_hp_loss":0,"event_name":"Accursed Blacksmith","floor":2,"gold_loss":0,"cards_obtained":["Pain"]},{"damage_healed":0,"gold_gain":175,"player_choice":"AGREE","damage_taken":0,"max_hp_gain":0,"max_hp_loss":0,"event_name":"Liars Game","floor":5,"gold_loss":0,"cards_obtained":["Doubt"]},{"damage_healed":0,"gold_gain":0,"player_choice":"Box","damage_taken":0,"relics_obtained":["Blue Candle"],"max_hp_gain":0,"max_hp_loss":0,"event_name":"Big Fish","floor":11,"gold_loss":0,"cards_obtained":["Regret"]},{"cards_removed":["TheCursedMod:Defend_TheCursed"],"damage_healed":0,"gold_gain":0,"player_choice":"Elegance","damage_taken":0,"max_hp_gain":0,"max_hp_loss":0,"event_name":"Back to Basics","floor":20,"gold_loss":0},{"damage_healed":0,"gold_gain":100,"player_choice":"Bet on Murderer","damage_taken":0,"max_hp_gain":0,"max_hp_loss":0,"event_name":"The Joust","floor":31,"gold_loss":50},{"damage_healed":0,"gold_gain":0,"player_choice":"Fight","damage_taken":0,"max_hp_gain":0,"max_hp_loss":0,"event_name":"MindBloom","floor":48,"gold_loss":0}],"is_beta":false,"boss_relics":[{"not_picked":["Ectoplasm","Pandora\u0027s Box"],"picked":"Runic Pyramid"},{"not_picked":["Velvet Choker","Calling Bell"],"picked":"Philosopher\u0027s Stone"}],"items_purged_floors":[3,13,53],"is_endless":false,"potions_floor_spawned":[4,7,10,14,16,23,27,30,33,35,41,44,46,54],"ascension_level":0}}