{"host":"jt62yzdgnrkmwwqv","time":1608441245,"event":{"mods":["AchievementEnabler","BaseMod","CapriCore","Colored Map","Colored Powertips","GungeonMod","Lobotomy","LobotomyExtend","Minty Spire (QoL Compilation)","StSLib","SuperFastMode"],"gold_per_floor":[116,116,41,58,183,195,208,208,258,258,258,268,268,297,297,399,399,413,428,428,428,447,447,447,447],"floor_reached":24,"playtime":508,"items_purged":["Strike_P","Strike_P"],"score":188,"play_id":"90665cc2-47de-4daa-ab8d-1c27b84f5b68","local_time":"20201220141405","is_ascension_mode":true,"campfire_choices":[{"data":"Eruption","floor":8,"key":"SMITH"},{"floor":15,"key":"REST"},{"floor":23,"key":"REST"}],"circlet_count":0,"master_deck":["Strike_P","Defend_P","Defend_P","Defend_P","Defend_P","Eruption+1","Vigilance+1","EmptyBody","SignatureMove+1"],"relics":["PureWater","LetterFromLob","Moonlight_r","Centennial Puzzle","Art of War","VioletLotus"],"acts_visited":["Exordium","TheCity"],"potions_floor_usage":[4,18,24,24],"damage_taken":[{"damage":0,"enemies":"2 Louse","floor":1,"turns":3},{"damage":0,"enemies":"Cultist","floor":4,"turns":7},{"damage":0,"enemies":"Small Slimes","floor":6,"turns":3},{"damage":0,"enemies":"2 Fungi Beasts","floor":7,"turns":3},{"damage":7,"enemies":"Lots of Slimes","floor":12,"turns":6},{"damage":0,"enemies":"Gremlin Nob","floor":14,"turns":2},{"damage":0,"enemies":"Slime Boss","floor":16,"turns":4},{"damage":26,"enemies":"3 Byrds","floor":18,"turns":4},{"damage":0,"enemies":"Spheric Guardian","floor":19,"turns":2},{"damage":6,"enemies":"Centurion and Healer","floor":22,"turns":3},{"damage":54,"enemies":"Slavers","floor":24,"turns":5}],"seed_played":"-5545037373554516570","potions_obtained":[{"floor":1,"key":"DemoMod:BlankPotion"},{"floor":7,"key":"DistilledChaos"},{"floor":12,"key":"BottledMiracle"},{"floor":14,"key":"Weak Potion"},{"floor":18,"key":"StancePotion"}],"is_trial":false,"path_per_floor":["M","?","$","M","$","M","M","R","T","M","?","M","?","E","R","B",null,"M","M","?","?","M","R","E"],"character_chosen":"WATCHER","items_purchased":["SignatureMove"],"campfire_rested":2,"item_purchase_floors":[5],"current_hp_per_floor":[72,72,72,72,72,72,72,72,72,44,44,37,25,25,46,46,72,46,46,46,33,27,50,0,0],"gold":447,"neow_bonus":"TRANSFORM_CARD","is_daily":false,"chose_seed":false,"campfire_upgraded":1,"win_rate":0.0,"timestamp":1608441245,"path_taken":["M","?","$","M","$","M","M","R","T","?","?","M","?","E","R","BOSS","M","M","?","?","M","R","E"],"items_purchased_type":["Card"],"build_version":"2020-12-13","purchased_purges":2,"victory":false,"max_hp_per_floor":[72,72,72,72,72,72,72,72,72,72,72,72,72,72,72,72,72,72,72,72,77,77,77,77,77],"card_choices":[{"not_picked":["TalkToTheHand","LikeWater","Consecrate"],"picked":"SKIP","floor":1},{"not_picked":["Halt","ClearTheMind","EmptyBody"],"picked":"SKIP","floor":4},{"not_picked":["Consecrate","CrushJoints","Judgement"],"picked":"SKIP","floor":6},{"not_picked":["Crescendo","CrushJoints","Pray"],"picked":"SKIP","floor":7},{"not_picked":["WaveOfTheHand","Swivel","Pray"],"picked":"SKIP","floor":12},{"not_picked":["Judgement","Sanctity","TalkToTheHand"],"picked":"SKIP","floor":14},{"not_picked":["FlyingSleeves","ClearTheMind","Weave"],"picked":"SKIP","floor":18},{"not_picked":["EmptyFist+1","Consecrate","Collect+1"],"picked":"SKIP","floor":19},{"not_picked":["EmptyFist+1","LikeWater+1","Worship"],"picked":"SKIP","floor":22}],"player_experience":164146,"relics_obtained":[{"floor":1,"key":"LetterFromLob"},{"floor":14,"key":"Art of War"}],"event_choices":[{"damage_healed":0,"gold_gain":0,"player_choice":"Bought 0 Potions","damage_taken":0,"max_hp_gain":0,"max_hp_loss":0,"event_name":"The Woman in Blue","floor":2,"gold_loss":0},{"damage_healed":0,"gold_gain":0,"player_choice":"Ignored","damage_taken":0,"max_hp_gain":0,"max_hp_loss":0,"event_name":"Liars Game","floor":11,"gold_loss":0},{"damage_healed":0,"gold_gain":0,"player_choice":"Success","damage_taken":12,"relics_obtained":["Centennial Puzzle"],"max_hp_gain":0,"max_hp_loss":0,"event_name":"Scrap Ooze","floor":13,"gold_loss":0},{"damage_healed":0,"gold_gain":0,"player_choice":"Shed Blood","damage_taken":18,"max_hp_gain":5,"max_hp_loss":0,"event_name":"Forgotten Altar","floor":21,"gold_loss":0}],"is_beta":false,"boss_relics":[{"not_picked":["HolyWater","Ectoplasm"],"picked":"VioletLotus"}],"items_purged_floors":[3,5],"is_endless":false,"potions_floor_spawned":[1,7,12,14,18,22],"killed_by":"Slavers","ascension_level":2}}