{"host":"g8sjq9ki9zl67elp","time":1608434394,"event":{"mods":["BaseMod","Colored Map","Highlight Path","Hubris","Infinite Spire","Mimic Mod","Minty Spire (QoL Compilation)","Replay The Spire","StSLib","everything is the same but u backflip on backflip"],"gold_per_floor":[111,125,125,71,18,51,64,64,97,97,127,147,147,147,147,250,250,266,316,332,112,125,159,23,23,23,40,73,19,33,44,44,140,190,209,209,259,259,134,134,163,178,213,232,232,243,243,276,276,373,373,378,378,76,88,88,83,83],"floor_reached":57,"playtime":2872,"items_purged":["Strike_P","Defend_P","Defend_P"],"score":856,"play_id":"5ea34398-f9f4-49ad-9935-9e477a315a22","local_time":"20201219191954","is_ascension_mode":true,"campfire_choices":[{"data":"Eruption","floor":8,"key":"SMITH"},{"data":"PathToVictory","floor":10,"key":"SMITH"},{"floor":15,"key":"REST"},{"data":"Wallop","floor":32,"key":"SMITH"},{"data":"PathToVictory","floor":40,"key":"SMITH"},{"data":"PathToVictory","floor":45,"key":"SMITH"},{"data":"DevaForm","floor":47,"key":"SMITH"},{"floor":49,"key":"REST"}],"circlet_count":0,"master_deck":["Eruption+1","Vigilance","Indignation","PathToVictory+1","Wallop+1","Wallop+1","PathToVictory+1","DeusExMachina","DevaForm+1","ClearTheMind+1","PathToVictory+1","Perseverance","EmptyBody","PathToVictory+1","Adaptation","SpiritShield","Replay:Battleflow","EmptyFist+1","Crescendo+1","Fasting2+1","Evaluate"],"relics":["PureWater","NeowsBlessing","hubris:CuriousFeather","hubris:ToyBattleship","Boot","hubris:Icosahedron","Replay:Grab Bag","Velvet Choker","Sozu","Empty Cage","hubris:ScarierMask","ClockworkSouvenir","Regal Pillow","Iron Hammer","Red Mask","Tiny House","Thread and Needle","ReplayFunnel","Ice Cream","Snack Pack","Pandora\u0027s Box","Replay:Bandana","Medical Kit"],"acts_visited":["Exordium","TheCity","TheBeyond","Exordium"],"potions_floor_usage":[11,16],"damage_taken":[{"damage":0,"enemies":"Jaw Worm","floor":1,"turns":1},{"damage":0,"enemies":"Cultist","floor":2,"turns":1},{"damage":0,"enemies":"3 Sentries","floor":6,"turns":3},{"damage":0,"enemies":"2 Louse","floor":7,"turns":3},{"damage":0,"enemies":"Exordium Wildlife","floor":9,"turns":6},{"damage":36,"enemies":"Lagavulin","floor":11,"turns":4},{"damage":23,"enemies":"Exordium Wildlife","floor":12,"turns":4},{"damage":14,"enemies":"The Guardian","floor":16,"turns":7},{"damage":20,"enemies":"3 Byrds","floor":18,"turns":4},{"damage":0,"enemies":"2 Thieves","floor":20,"turns":2},{"damage":0,"enemies":"Cultist and Chosen","floor":22,"turns":4},{"damage":8,"enemies":"Nightmare","floor":23,"turns":6},{"damage":0,"enemies":"Chosen and Byrds","floor":27,"turns":4},{"damage":4,"enemies":"Masked Bandits","floor":28,"turns":3},{"damage":0,"enemies":"3 Cultists","floor":30,"turns":4},{"damage":0,"enemies":"Snecko","floor":31,"turns":3},{"damage":34,"enemies":"Collector","floor":33,"turns":5},{"damage":2,"enemies":"3 Darklings","floor":35,"turns":4},{"damage":0,"enemies":"Mind Bloom Boss Battle","floor":37,"turns":6},{"damage":27,"enemies":"Reptomancer","floor":41,"turns":5},{"damage":0,"enemies":"3 Shapes","floor":42,"turns":3},{"damage":0,"enemies":"Maw","floor":43,"turns":6},{"damage":0,"enemies":"Maw","floor":44,"turns":6},{"damage":0,"enemies":"4 Shapes","floor":46,"turns":5},{"damage":46,"enemies":"Nemesis","floor":48,"turns":5},{"damage":12,"enemies":"Awakened One","floor":50,"turns":11},{"damage":12,"enemies":"Jaw Worm","floor":52,"turns":3},{"damage":0,"enemies":"2 Louse","floor":55,"turns":2},{"damage":0,"enemies":"Cultist","floor":56,"turns":4},{"damage":73,"enemies":"Nightmare","floor":57,"turns":3}],"seed_played":"-5909023025029612115","potions_obtained":[{"floor":6,"key":"Swift Potion"},{"floor":11,"key":"Dexterity Potion"}],"is_trial":false,"path_per_floor":["M","M","?","$","$","E","M","R","MIM","R","E","M","T","?","R","B",null,"M","?","M","$","M","NM","$","?","T","M","?","$","M","M","R","B",null,"M","?","?","?","$","R","E","M","MIM","M","R","M","R","E","R","B",null,"M","?","$","M","M","NM"],"character_chosen":"WATCHER","items_purchased":["Wallop","PathToVictory","ClockworkSouvenir","Perseverance","PathToVictory","Replay:Bandana","Medical Kit"],"campfire_rested":2,"item_purchase_floors":[4,5,21,24,29,54,54],"current_hp_per_floor":[72,72,72,72,72,72,72,72,72,72,36,13,13,13,34,20,72,52,52,52,52,52,44,44,44,44,44,40,40,40,40,40,6,77,75,75,75,75,75,75,48,48,48,48,48,48,48,2,40,28,77,65,65,65,65,65,0,0],"gold":83,"neow_bonus":"THREE_ENEMY_KILL","is_daily":false,"chose_seed":false,"campfire_upgraded":6,"win_rate":0.0,"timestamp":1608434394,"path_taken":["M","M","?","?","$","E","M","R","MIM","R","E","M","?","?","R","BOSS","M","?","?","$","M","NM","$","?","T","?","?","?","M","M","R","BOSS","M","?","?","?","?","R","E","?","MIM","M","R","M","R","E","R","BOSS","M","?","$","M","M","NM"],"items_purchased_type":["Card","Card","Relic","Card","Card","Relic","Relic"],"build_version":"2020-12-13","purchased_purges":3,"victory":false,"max_hp_per_floor":[72,72,72,72,72,72,72,72,72,72,72,72,72,72,72,72,72,72,72,72,72,72,72,72,72,72,72,72,72,72,72,72,72,77,77,77,77,77,77,77,77,77,77,77,77,77,77,77,77,77,77,77,77,77,77,77,77,77],"card_choices":[{"not_picked":["Replay:BluntJabs","Pray"],"picked":"Indignation","floor":1},{"not_picked":["Consecrate","BowlingBash"],"picked":"PathToVictory","floor":2},{"not_picked":["Wallop","SashWhip","Halt"],"picked":"SKIP","floor":6},{"not_picked":["Replay:AtTheReady","Replay:Anticipation","Replay:BluntJabs"],"picked":"SKIP","floor":7},{"not_picked":["ThirdEye","Protect"],"picked":"DeusExMachina","floor":11},{"not_picked":["BowlingBash","WindmillStrike","Replay:AtTheReady"],"picked":"SKIP","floor":12},{"not_picked":["Judgement","Vault"],"picked":"DevaForm","floor":16},{"not_picked":["TalkToTheHand","Collect+1"],"picked":"ClearTheMind+1","floor":18},{"not_picked":["CutThroughFate","Perseverance"],"picked":"PathToVictory","floor":20},{"not_picked":["DeceiveReality+1","ClearTheMind","FlyingSleeves"],"picked":"SKIP","floor":22},{"not_picked":["DeceiveReality+1","ClearTheMind","FlyingSleeves"],"picked":"SKIP","floor":22},{"not_picked":["CrushJoints","Fasting2","ClearTheMind+1"],"picked":"SKIP","floor":23},{"not_picked":["Study","CutThroughFate","Crescendo"],"picked":"SKIP","floor":27},{"not_picked":["Alpha","Prostrate"],"picked":"EmptyBody","floor":28},{"not_picked":["Replay:Cycle","FlyingSleeves","Vengeance+1"],"picked":"SKIP","floor":30},{"not_picked":["CrushJoints+1","WheelKick"],"picked":"Adaptation","floor":31},{"not_picked":["LessonLearned","Ragnarok"],"picked":"SpiritShield","floor":33},{"not_picked":["BowlingBash+1","Prostrate"],"picked":"Replay:Battleflow","floor":34},{"not_picked":["Wireheading","WaveOfTheHand+1"],"picked":"EmptyFist+1","floor":35},{"not_picked":["DeceiveReality+1","Replay:Anticipation+1"],"picked":"Crescendo+1","floor":41},{"not_picked":["SashWhip","WindmillStrike+1","Halt"],"picked":"SKIP","floor":42},{"not_picked":["ClearTheMind+1","Halt+1"],"picked":"Fasting2+1","floor":43},{"not_picked":["Indignation+1","PathToVictory","Replay:AtTheReady+1"],"picked":"SKIP","floor":44},{"not_picked":["CarveReality","ReachHeaven+1","Protect+1"],"picked":"SKIP","floor":46},{"not_picked":["Vault","Consecrate+1","CrushJoints+1"],"picked":"SKIP","floor":48},{"not_picked":["Protect","Perseverance","ThirdEye"],"picked":"SKIP","floor":52},{"not_picked":["EmptyBody","Perseverance","Swivel"],"picked":"SKIP","floor":55},{"not_picked":["Replay:Cycle","FlurryOfBlows","EmptyBody"],"picked":"SKIP","floor":56},{"not_picked":["Replay:Cycle","FlurryOfBlows","EmptyBody"],"picked":"SKIP","floor":56}],"player_experience":167562,"relics_obtained":[{"floor":6,"key":"hubris:CuriousFeather"},{"floor":11,"key":"hubris:ToyBattleship"},{"floor":13,"key":"Boot"},{"floor":23,"key":"Regal Pillow"},{"floor":26,"key":"Iron Hammer"},{"floor":28,"key":"Red Mask"},{"floor":37,"key":"Thread and Needle"},{"floor":41,"key":"ReplayFunnel"},{"floor":43,"key":"Ice Cream"},{"floor":48,"key":"Snack Pack"}],"event_choices":[{"cards_removed":["Strike_P"],"damage_healed":0,"gold_gain":0,"player_choice":"Purged","damage_taken":0,"max_hp_gain":0,"max_hp_loss":0,"event_name":"Purifier","floor":3,"gold_loss":0},{"damage_healed":0,"gold_gain":100,"player_choice":"Bet on Murderer","damage_taken":0,"max_hp_gain":0,"max_hp_loss":0,"event_name":"The Joust","floor":19,"gold_loss":50},{"cards_removed":["Defend_P"],"damage_healed":0,"gold_gain":0,"player_choice":"Purged","damage_taken":0,"max_hp_gain":0,"max_hp_loss":0,"event_name":"Purifier","floor":25,"gold_loss":0},{"damage_healed":0,"gold_gain":0,"player_choice":"Fought Bandits","damage_taken":0,"max_hp_gain":0,"max_hp_loss":0,"event_name":"Masked Bandits","floor":28,"gold_loss":0},{"damage_healed":0,"gold_gain":0,"player_choice":"Fight","damage_taken":0,"max_hp_gain":0,"max_hp_loss":0,"event_name":"MindBloom","floor":37,"gold_loss":0},{"damage_healed":0,"gold_gain":0,"player_choice":"Ignored","damage_taken":0,"max_hp_gain":0,"max_hp_loss":0,"event_name":"Liars Game","floor":53,"gold_loss":0}],"is_beta":false,"boss_relics":[{"not_picked":["hubris:GrandSneckoEye","Fusion Hammer"],"picked":"Replay:Grab Bag"},{"not_picked":["Runic Dome","Replay:Bronze Core"],"picked":"Velvet Choker"},{"not_picked":["infinitespire:Cupcake","Painkiller Herb"],"picked":"Sozu"},{"not_picked":["Astrolabe","HolyWater"],"picked":"Empty Cage"},{"not_picked":["ReplayTheSpireMod:SealedPack","Ring of Chaos"],"picked":"hubris:ScarierMask"},{"not_picked":["Philosopher\u0027s Stone","Replay:Wanted Poster"],"picked":"Tiny House"},{"not_picked":["Busted Crown","hubris:Stopwatch"],"picked":"Pandora\u0027s Box"}],"items_purged_floors":[21,24,39],"is_endless":true,"potions_floor_spawned":[6,11,22,23,30,31,37,41,42,50,52],"killed_by":"Nightmare","ascension_level":1}}