{"host":"kstmajdnxm8lto3o","time":1608425045,"event":{"mods":["Aspiration","BaseMod","Better Third Choice","BetterRewards","CCEM","Conspire","Downfall","Gremlin Skip","Highlight Path","Hubris","Minty Spire (QoL Compilation)","Replay The Spire","Shop Mod","Spicy Shops","StSLib"],"gold_per_floor":[119,137,137,155,155,155,184,184,184,215,226,244,273,289,289,389,389,400,310,330,345,345,345,381,381,381,415,415,444,444,497,497,595,595,607,607,625,625,641,673,686,739,739,776,803,821,521,534,534,534,534,534,45,103,103,103],"floor_reached":55,"playtime":3846,"items_purged":["Strike_B"],"score":748,"play_id":"db84735a-0ca2-41e9-bf20-b826dd8f34f0","local_time":"20201219194405","is_ascension_mode":true,"campfire_choices":[{"data":"Redo","floor":6,"key":"SMITH"},{"data":"Zap","floor":8,"key":"SMITH"},{"data":"Fission","floor":15,"key":"SMITH"},{"data":"ReplayTheSpireMod:Calculation Training","floor":23,"key":"SMITH"},{"data":"Dualcast","floor":25,"key":"SMITH"},{"data":"Defend_B","floor":28,"key":"SMITH"},{"data":"Defend_B","floor":32,"key":"SMITH"},{"floor":49,"key":"RECALL"},{"data":"Defend_B","floor":52,"key":"SMITH"}],"circlet_count":0,"master_deck":["Strike_B","Strike_B+1","Strike_B","Defend_B+1","Defend_B","Defend_B+2","Defend_B+1","Zap+1","Dualcast+1","Redo+1","Sweeping Beam","Panic Button","Fission+1","Ball Lightning","Ball Lightning","Mind Blast+1","Leap","HandOfGreed+1","ReplayTheSpireMod:Calculation Training+1","hubris:Ukulele+1","BasicCrystalCard+1","Electrodynamics","Streamline","Leap","Echo Form","BootSequence+1","ReplayTheSpireMod:Dual Polarity","Cold Snap+1","Darkness+1","Rebound+1","Chaos+1","Undo","Beam Cell","Melter+1","Beam Cell+1","Lockon","Turbo+1"],"relics":["Cracked Core","CCEMRelics:SpiritsEdge","Blood Vial","hubris:SphereOfDissonance","Meat on the Bone","CCEMRelics:FestiveHat","hubris:RGBLights","Coffee Dripper","Replay:Baseball","Bag of Preparation","hubris:Towel","Mirror","CCEMRelics:DissonantTune","Simple Rune","CCEMRelics:GrindingGear","hubris:FunFungus","Ancient Tea Set","Omamori","DataDisk","aspiration:EnhancedActuators","Happy Flower","Centennial Puzzle"],"acts_visited":["Exordium","TheCity","TheBeyond","TheEnding"],"potions_floor_usage":[7,10,13,29,31,33,35,40,42,50,50,50],"damage_taken":[{"damage":1,"enemies":"Jaw Worm","floor":1,"turns":2},{"damage":0,"enemies":"2 Louse","floor":2,"turns":1},{"damage":0,"enemies":"conspire:RoseBush","floor":4,"turns":3},{"damage":30,"enemies":"3 Sentries","floor":7,"turns":7},{"damage":9,"enemies":"Gremlin Nob","floor":10,"turns":3},{"damage":7,"enemies":"Gremlin Gang","floor":11,"turns":3},{"damage":0,"enemies":"Exordium Wildlife","floor":12,"turns":1},{"damage":9,"enemies":"Lagavulin","floor":13,"turns":3},{"damage":0,"enemies":"Blue Slaver","floor":14,"turns":1},{"damage":37,"enemies":"Fading Forest","floor":16,"turns":11},{"damage":0,"enemies":"Shell Parasite","floor":18,"turns":1},{"damage":0,"enemies":"Spheric Guardian","floor":20,"turns":1},{"damage":0,"enemies":"Snake Plant","floor":21,"turns":1},{"damage":0,"enemies":"Chosen and Byrds","floor":24,"turns":4},{"damage":0,"enemies":"conspire:Head Lice","floor":27,"turns":5},{"damage":10,"enemies":"Slavers","floor":29,"turns":2},{"damage":0,"enemies":"Book of Stabbing","floor":31,"turns":3},{"damage":63,"enemies":"Pondfish","floor":33,"turns":11},{"damage":9,"enemies":"3 Darklings","floor":35,"turns":4},{"damage":0,"enemies":"3 Shapes","floor":37,"turns":2},{"damage":2,"enemies":"3 Darklings","floor":39,"turns":4},{"damage":7,"enemies":"R_Hoarder","floor":40,"turns":7},{"damage":0,"enemies":"Sphere and 2 Shapes","floor":41,"turns":3},{"damage":5,"enemies":"Reptomancer","floor":42,"turns":5},{"damage":5,"enemies":"4 Shapes","floor":44,"turns":6},{"damage":21,"enemies":"Nemesis","floor":45,"turns":5},{"damage":15,"enemies":"Spire Growth","floor":46,"turns":3},{"damage":3,"enemies":"Maw","floor":48,"turns":5},{"damage":47,"enemies":"Replay:Hell Engine","floor":50,"turns":11},{"damage":46,"enemies":"Shield and Spear","floor":54,"turns":4},{"damage":53,"enemies":"The Heart","floor":55,"turns":6}],"seed_played":"2959382795871375486","potions_obtained":[{"floor":4,"key":"ColorlessPotion"},{"floor":7,"key":"Strength Potion"},{"floor":11,"key":"Slimebound:ThreeZeroPotion"},{"floor":12,"key":"SpeedPotion"},{"floor":21,"key":"Adrenaline Potion"},{"floor":29,"key":"Weak Potion"},{"floor":31,"key":"Block Potion"},{"floor":33,"key":"ColorlessPotion"},{"floor":37,"key":"Strength Potion"},{"floor":41,"key":"Weak Potion"},{"floor":42,"key":"sneckomod:MuddlingPotion"},{"floor":45,"key":"PowerPotion"},{"floor":46,"key":"Elixir"},{"floor":54,"key":"SmokeBomb"}],"is_trial":false,"path_per_floor":["M","M","?","M","?","R","E","R","T","E","M","M","E","M","R","B",null,"M","?","M","M","?","R","M","R","T","E","R","E","?","E","R","B",null,"M","?","M","?","M","E","M","E","T","M","E","M","$","M","R","B",null,"R","$","E","B"],"character_chosen":"DEFECT","items_purchased":["Ancient Tea Set","Omamori","DataDisk","aspiration:EnhancedActuators","Happy Flower","Lockon"],"campfire_rested":0,"item_purchase_floors":[47,47,53,53,53,53],"current_hp_per_floor":[74,74,74,74,74,74,45,45,45,38,45,47,40,42,42,29,75,75,75,75,75,75,75,75,75,75,75,75,65,65,67,67,18,75,66,66,68,68,68,63,65,62,62,59,40,42,42,44,44,17,75,75,75,46,0,0],"gold":103,"neow_bonus":"RANDOM_COMMON_RELIC","is_daily":false,"chose_seed":false,"campfire_upgraded":8,"win_rate":0.0,"timestamp":1608425045,"path_taken":["M","M","?","M","?","R","E","R","T","E","M","M","E","M","R","BOSS","M","?","?","M","?","R","M","R","T","E","R","E","?","E","R","BOSS","M","?","M","?","M","E","?","E","T","M","E","M","$","M","R","BOSS","R","$","E","BOSS"],"items_purchased_type":["Relic","Relic","Relic","Relic","Relic","Card"],"build_version":"2020-12-13","purchased_purges":1,"victory":false,"max_hp_per_floor":[75,75,75,75,75,75,75,75,75,75,75,75,75,75,75,75,75,75,75,75,75,75,75,75,75,75,75,75,75,75,75,75,75,75,75,75,75,75,75,75,75,75,75,75,75,75,75,75,75,75,75,75,75,75,75,75],"card_choices":[{"not_picked":["Rebound","hubris:PowerSurge"],"picked":"Redo","floor":1},{"not_picked":["Gash","Rebound"],"picked":"Sweeping Beam","floor":2},{"not_picked":["Stack","Hologram"],"picked":"Panic Button","floor":4},{"not_picked":["Sweeping Beam","Force Field"],"picked":"Fission","floor":7},{"not_picked":["Turbo","Double Energy"],"picked":"Ball Lightning","floor":10},{"not_picked":["Lockon","hubris:PowerSurge"],"picked":"Ball Lightning","floor":11},{"not_picked":["expansioncontent:Torchfire+1","Replay:SS_forest_5+1","Bandage Up+1"],"picked":"SKIP","floor":11},{"not_picked":["Chrysalis+1","expansioncontent:DashGenerateEvil+1"],"picked":"Mind Blast+1","floor":12},{"not_picked":["Self Repair","Rebound"],"picked":"Leap","floor":12},{"not_picked":["expansioncontent:Collect+1","Replay:SS_forest_5+1"],"picked":"HandOfGreed+1","floor":13},{"not_picked":["Go for the Eyes","Cold Snap"],"picked":"ReplayTheSpireMod:Calculation Training","floor":13},{"not_picked":["Stack","Streamline"],"picked":"hubris:Ukulele","floor":14},{"not_picked":["Panic Button","Rebound","Stack"],"picked":"SKIP","floor":18},{"not_picked":["White Noise","BootSequence","Redo"],"picked":"SKIP","floor":20},{"not_picked":["Genetic Algorithm","Steam"],"picked":"BasicCrystalCard+1","floor":21},{"not_picked":["Beam Cell+1","Darkness"],"picked":"Electrodynamics","floor":24},{"not_picked":["Leap","Chill"],"picked":"Streamline","floor":27},{"not_picked":["Barrage","BasicCrystalCard+1"],"picked":"Leap","floor":29},{"not_picked":["hubris:PowerSurge","aspiration:Polymerization+1","BasicCrystalCard"],"picked":"SKIP","floor":31},{"not_picked":["Multi-Cast","Reboot"],"picked":"Echo Form","floor":33},{"not_picked":["Streamline","Heatsinks"],"picked":"BootSequence+1","floor":35},{"not_picked":["Redo+1","BasicCrystalCard"],"picked":"ReplayTheSpireMod:Dual Polarity","floor":37},{"not_picked":["Doom and Gloom","Panic Button"],"picked":"Cold Snap+1","floor":39},{"not_picked":["Barrage+1","Core Surge"],"picked":"Darkness+1","floor":40},{"not_picked":["Streamline","Skim+1"],"picked":"Rebound+1","floor":41},{"not_picked":["Stack+1","Streamline+1"],"picked":"Chaos+1","floor":42},{"not_picked":["Steam+1","ReplaySolidLightProjector"],"picked":"Undo","floor":44},{"not_picked":["Ball Lightning","Gash"],"picked":"Beam Cell","floor":45},{"not_picked":["Compile Driver","Steam+1"],"picked":"Melter+1","floor":46},{"not_picked":["Hologram","Darkness+1"],"picked":"Beam Cell+1","floor":48},{"not_picked":["Scrape","Redo"],"picked":"Turbo+1","floor":54}],"player_experience":465163,"relics_obtained":[{"floor":7,"key":"hubris:SphereOfDissonance"},{"floor":9,"key":"Meat on the Bone"},{"floor":10,"key":"CCEMRelics:FestiveHat"},{"floor":13,"key":"hubris:RGBLights"},{"floor":27,"key":"Replay:Baseball"},{"floor":29,"key":"Bag of Preparation"},{"floor":31,"key":"Mirror"},{"floor":40,"key":"CCEMRelics:DissonantTune"},{"floor":42,"key":"Simple Rune"},{"floor":43,"key":"CCEMRelics:GrindingGear"},{"floor":45,"key":"hubris:FunFungus"},{"floor":54,"key":"Centennial Puzzle"}],"event_choices":[{"damage_healed":0,"gold_gain":0,"player_choice":"Leave","damage_taken":0,"max_hp_gain":0,"max_hp_loss":0,"event_name":"conspire:Investor","floor":3,"gold_loss":0},{"damage_healed":0,"gold_gain":0,"player_choice":"Box","damage_taken":0,"relics_obtained":["Blood Vial"],"max_hp_gain":0,"max_hp_loss":0,"event_name":"Big Fish","floor":5,"gold_loss":0,"cards_obtained":["Regret"]},{"cards_removed":["Regret"],"damage_healed":0,"gold_gain":0,"player_choice":"Upgrade and Remove","damage_taken":0,"max_hp_gain":0,"max_hp_loss":0,"event_name":"Designer","floor":19,"gold_loss":90,"cards_upgraded":["hubris:Ukulele"]},{"damage_healed":0,"gold_gain":0,"player_choice":"Ignored","damage_taken":0,"max_hp_gain":0,"max_hp_loss":0,"event_name":"Ghosts","floor":22,"gold_loss":0},{"damage_healed":0,"gold_gain":0,"player_choice":"Ignored","damage_taken":0,"max_hp_gain":0,"max_hp_loss":0,"event_name":"Tomb of Lord Red Mask","floor":36,"gold_loss":0},{"damage_healed":0,"gold_gain":0,"player_choice":"Ignored","damage_taken":0,"max_hp_gain":0,"max_hp_loss":0,"event_name":"betterThird:BetterPortal","floor":38,"gold_loss":0}],"is_beta":false,"boss_relics":[{"not_picked":["Replay:Drink Me","aspiration:FutureDiary"],"picked":"Coffee Dripper"},{"not_picked":["aspiration:RitualDagger","Busted Crown","Pandora\u0027s Box"]}],"items_purged_floors":[47],"is_endless":false,"potions_floor_spawned":[4,7,11,12,14,21,29,31,33,37,41,42,45,46,54],"killed_by":"The Heart","ascension_level":1}}