{"host":"4vhnentjshwu7xz9","time":1608482660,"event":{"mods":["BaseMod","Minty Spire (QoL Compilation)","Permanent Neow","Relic Stats","StSLib","everything is the same but u backflip on backflip"],"gold_per_floor":[368,368,386,401,401,401,430,447,521,547,557,83,83,115,115,210,210,224,237,237,249,281,281,206,234,234,253,9,23,48,60,60,155,155,174,396,408,408,419,454,454,468,516,541,553,598,628,394,394,394,394,394,16,50,50],"floor_reached":56,"playtime":5386,"items_purged":["Strike_G","Die Die Die"],"score":1611,"play_id":"28210832-d31c-4406-8d3d-0a2ebe825b55","local_time":"20201220174420","is_ascension_mode":true,"campfire_choices":[{"data":"Neutralize","floor":6.0,"key":"SMITH"},{"floor":15.0,"key":"REST"},{"data":"Venomology","floor":23.0,"key":"SMITH"},{"floor":32.0,"key":"RECALL"},{"data":"Flechettes","floor":41,"key":"SMITH"},{"data":"Dodge and Roll","floor":45,"key":"SMITH"},{"data":"Survivor","floor":49,"key":"SMITH"},{"data":"Blur","floor":52,"key":"SMITH"}],"circlet_count":0,"master_deck":["Defend_G","Defend_G","Survivor+1","Neutralize+1","Flechettes+1","Blur+1","Backstab","Caltrops+1","Leg Sweep+1","Venomology+1","Footwork+1","Footwork+1","Caltrops+1","Dodge and Roll+1","Burst+1","Footwork+1","Footwork+1","Noxious Fumes+1","Blur+1"],"relics":["Ring of the Snake","StoneCalendar","Nunchaku","Frozen Egg 2","Mummified Hand","Astrolabe","Nilry\u0027s Codex","Red Mask","Toxic Egg 2","Shuriken","Singing Bowl","Anchor","Empty Cage","White Beast Statue","Blood Vial","MawBank","Bronze Scales","Snake Skull","Bag of Preparation","Blue Candle"],"acts_visited":["Exordium","TheCity","TheBeyond","TheEnding"],"potions_floor_usage":[35,37,39,39,40,42,42,44,44,46,46,47,47,48,50,54,55,55,55,55],"damage_taken":[{"damage":1.0,"enemies":"Jaw Worm","floor":1.0,"turns":4.0},{"damage":1.0,"enemies":"Cultist","floor":3.0,"turns":4.0},{"damage":0.0,"enemies":"Small Slimes","floor":4.0,"turns":4.0},{"damage":13.0,"enemies":"3 Sentries","floor":7.0,"turns":11.0},{"damage":1.0,"enemies":"Exordium Wildlife","floor":8.0,"turns":2.0},{"damage":17.0,"enemies":"Lagavulin","floor":10.0,"turns":7.0},{"damage":0.0,"enemies":"Looter","floor":11.0,"turns":1.0},{"damage":0.0,"enemies":"3 Sentries","floor":14.0,"turns":7.0},{"damage":9.0,"enemies":"Slime Boss","floor":16.0,"turns":8.0},{"damage":0.0,"enemies":"Shell Parasite","floor":18.0,"turns":4.0},{"damage":7.0,"enemies":"Spheric Guardian","floor":19.0,"turns":3.0},{"damage":11.0,"enemies":"Snake Plant","floor":21.0,"turns":3.0},{"damage":0.0,"enemies":"Masked Bandits","floor":22.0,"turns":3.0},{"damage":0.0,"enemies":"Book of Stabbing","floor":25.0,"turns":6.0},{"damage":1.0,"enemies":"Chosen and Byrds","floor":27.0,"turns":7.0},{"damage":0.0,"enemies":"Centurion and Healer","floor":29.0,"turns":6.0},{"damage":0.0,"enemies":"Slavers","floor":30.0,"turns":4.0},{"damage":11.0,"enemies":"Cultist and Chosen","floor":31.0,"turns":7.0},{"damage":25.0,"enemies":"Champ","floor":33.0,"turns":13.0},{"damage":0,"enemies":"Orb Walker","floor":35,"turns":5},{"damage":30,"enemies":"3 Shapes","floor":37,"turns":4},{"damage":0,"enemies":"Writhing Mass","floor":39,"turns":7},{"damage":3,"enemies":"Reptomancer","floor":40,"turns":8},{"damage":3,"enemies":"4 Shapes","floor":42,"turns":7},{"damage":4,"enemies":"Nemesis","floor":44,"turns":11},{"damage":0,"enemies":"Reptomancer","floor":46,"turns":9},{"damage":6,"enemies":"Spire Growth","floor":47,"turns":7},{"damage":25,"enemies":"Time Eater","floor":50,"turns":14},{"damage":31,"enemies":"Shield and Spear","floor":54,"turns":7},{"damage":3,"enemies":"The Heart","floor":55,"turns":8}],"seed_played":"7725290875999655609","potions_obtained":[{"floor":3.0,"key":"SteroidPotion"},{"floor":4.0,"key":"Fire Potion"},{"floor":7.0,"key":"Fire Potion"},{"floor":10.0,"key":"DuplicationPotion"},{"floor":19.0,"key":"LiquidMemories"},{"floor":25.0,"key":"BlessingOfTheForge"},{"floor":30.0,"key":"Block Potion"},{"floor":40,"key":"Strength Potion"},{"floor":42,"key":"GamblersBrew"},{"floor":44,"key":"BlessingOfTheForge"},{"floor":46,"key":"Fire Potion"},{"floor":47,"key":"Swift Potion"},{"floor":54,"key":"GamblersBrew"}],"is_trial":false,"path_per_floor":["M","?","M","M","?","R","E","M","T","E","M","$","?","E","R","B",null,"M","M","?","M","?","R","?","E","T","M","$","M","E","M","R","B",null,"M","?","M","?","M","E","R","M","T","E","R","E","M","$","R","B",null,"R","$","E","B",null],"character_chosen":"THE_SILENT","items_purchased":["Frozen Egg 2","Caltrops+1","Leg Sweep","Singing Bowl","Fruit Juice","Dexterity Potion","Snake Skull","Noxious Fumes+1","Bag of Preparation"],"campfire_rested":1,"item_purchase_floors":[12,12,12,28,48,48,53,53,53],"current_hp_per_floor":[48,41,40,40,40,40,27,26,26,9,9,9,9,9,30,21,70,70,63,47,36,36,36,36,36,36,35,35,37,39,30,30,5,76,78,78,50,50,52,51,51,48,48,48,48,50,48,53,53,30,93,93,93,62,61],"gold":50,"neow_bonus":"TWO_FIFTY_GOLD","is_daily":false,"chose_seed":false,"campfire_upgraded":6,"win_rate":0.0,"timestamp":1608482660,"path_taken":["M","?","M","M","?","R","E","M","T","E","?","$","?","E","R","BOSS","M","M","?","M","?","R","?","E","T","M","$","M","E","M","R","BOSS","M","?","M","?","M","E","R","M","T","E","R","E","M","$","R","BOSS","R","$","E","BOSS"],"items_purchased_type":["Relic","Card","Card","Relic","Potion","Potion","Relic","Card","Relic"],"build_version":"2020-12-13","purchased_purges":2,"victory":true,"max_hp_per_floor":[70,70,70,70,70,70,70,70,70,70,70,70,70,70,70,70,70,70,70,70,70,70,70,70,70,70,70,70,72,74,76,76,76,76,78,78,80,80,82,84,84,84,84,86,86,86,88,93,93,93,93,93,93,93,93],"relic_stats":{"Singing Bowl":18,"counters":[30,191],"Astrolabe":["Footwork","Footwork","Caltrops"],"Blue Candle":[0],"StoneCalendar":[495],"Snake Skull":[18],"Bag of Preparation":[4],"MawBank":48,"Blood Vial":10,"Nunchaku":[22],"Mummified Hand":[124],"Shuriken":[12],"Bronze Scales":[254],"obtain_stats":[{"Singing Bowl":28,"Nilry\u0027s Codex":20,"Astrolabe":17,"Blue Candle":54,"StoneCalendar":7,"Snake Skull":53,"Bag of Preparation":53,"Frozen Egg 2":12,"Empty Cage":34,"MawBank":44,"White Beast Statue":40,"Blood Vial":43,"Nunchaku":10,"Anchor":30,"Mummified Hand":14,"Shuriken":26,"Bronze Scales":46,"Red Mask":22,"Toxic Egg 2":25,"Ring of the Snake":0},{"Singing Bowl":15,"Nilry\u0027s Codex":11,"Astrolabe":9,"Blue Candle":29,"StoneCalendar":4,"Snake Skull":28,"Bag of Preparation":28,"Frozen Egg 2":7,"Empty Cage":19,"MawBank":25,"White Beast Statue":23,"Blood Vial":24,"Nunchaku":6,"Anchor":17,"Mummified Hand":8,"Shuriken":14,"Bronze Scales":26,"Red Mask":13,"Toxic Egg 2":14,"Ring of the Snake":0},{"Singing Bowl":74,"Nilry\u0027s Codex":55,"Astrolabe":48,"Blue Candle":183,"StoneCalendar":23,"Snake Skull":176,"Bag of Preparation":176,"Frozen Egg 2":33,"Empty Cage":104,"MawBank":146,"White Beast Statue":128,"Blood Vial":135,"Nunchaku":32,"Anchor":84,"Mummified Hand":40,"Shuriken":67,"Bronze Scales":155,"Red Mask":61,"Toxic Egg 2":67,"Ring of the Snake":0}],"Ring of the Snake":[61]},"card_choices":[{"not_picked":["Quick Slash","Slice"],"picked":"Flechettes","floor":1.0},{"not_picked":["Tactician","Blade Dance"],"picked":"Blur","floor":3.0},{"not_picked":["Sucker Punch","Prepared"],"picked":"Backstab","floor":4.0},{"not_picked":["Skewer","Dagger Throw"],"picked":"Die Die Die","floor":7.0},{"not_picked":["Outmaneuver","Dodge and Roll","Backflip"],"picked":"SKIP","floor":8.0},{"not_picked":["Bane","Backflip","Deadly Poison"],"picked":"SKIP","floor":10.0},{"not_picked":["Expertise","Deadly Poison","Backflip"],"picked":"SKIP","floor":11.0},{"not_picked":["Calculated Gamble","All Out Attack","Phantasmal Killer"],"picked":"SKIP","floor":14.0},{"not_picked":["Unload","Adrenaline"],"picked":"Venomology","floor":16.0},{"not_picked":["Dagger Throw+1","Blade Dance","Deflect+1"],"picked":"SKIP","floor":18.0},{"not_picked":["Dash","Catalyst+1","Flying Knee"],"picked":"SKIP","floor":19.0},{"not_picked":["Quick Slash","Blade Dance"],"picked":"Dodge and Roll","floor":21.0},{"not_picked":["Slice","Deflect+1"],"picked":"Phantasmal Killer+1","floor":25.0},{"not_picked":["Slice+1","Backflip+1","Leg Sweep+1"],"picked":"SKIP","floor":27.0},{"not_picked":["Poisoned Stab","Sucker Punch+1","PiercingWail+1"],"picked":"Singing Bowl","floor":29.0},{"not_picked":["PiercingWail+1","Quick Slash","Sucker Punch+1"],"picked":"Singing Bowl","floor":30.0},{"not_picked":["Expertise+1","Prepared+1","Dagger Spray"],"picked":"Singing Bowl","floor":31.0},{"not_picked":["Envenom+1","Die Die Die"],"picked":"Burst+1","floor":33.0},{"not_picked":["Calculated Gamble+1","Poisoned Stab","Underhanded Strike+1"],"picked":"Singing Bowl","floor":35},{"not_picked":["Underhanded Strike+1","Eviscerate+1","Crippling Poison+1"],"picked":"Singing Bowl","floor":37},{"not_picked":["Riddle With Holes+1","Sucker Punch+1","Slice+1"],"picked":"Singing Bowl","floor":39},{"not_picked":["Bane+1","Terror+1","PiercingWail+1"],"picked":"Singing Bowl","floor":40},{"not_picked":["Noxious Fumes+1","Dodge and Roll+1"],"picked":"Footwork+1","floor":42},{"not_picked":["Choke","Underhanded Strike+1","Setup+1"],"picked":"Singing Bowl","floor":44},{"not_picked":["Sucker Punch","Underhanded Strike+1"],"picked":"Footwork+1","floor":46},{"not_picked":["Sucker Punch+1","Poisoned Stab","PiercingWail+1"],"picked":"Singing Bowl","floor":47},{"not_picked":["A Thousand Cuts+1","Deflect+1"],"picked":"Blur+1","floor":54}],"player_experience":140801,"relics_obtained":[{"floor":7.0,"key":"StoneCalendar"},{"floor":10.0,"key":"Nunchaku"},{"floor":14.0,"key":"Mummified Hand"},{"floor":20.0,"key":"Nilry\u0027s Codex"},{"floor":22.0,"key":"Red Mask"},{"floor":25.0,"key":"Toxic Egg 2"},{"floor":26.0,"key":"Shuriken"},{"floor":30.0,"key":"Anchor"},{"floor":40,"key":"White Beast Statue"},{"floor":43,"key":"Blood Vial"},{"floor":44,"key":"MawBank"},{"floor":46,"key":"Bronze Scales"},{"floor":54,"key":"Blue Candle"}],"event_choices":[{"cards_removed":["Strike_G"],"damage_healed":0.0,"max_hp_gain":0.0,"max_hp_loss":0.0,"gold_gain":0.0,"event_name":"Golden Wing","player_choice":"Card Removal","floor":2.0,"gold_loss":0.0,"damage_taken":7.0},{"damage_healed":0.0,"max_hp_gain":0.0,"max_hp_loss":0.0,"gold_gain":0.0,"cards_transformed":["Strike_G"],"event_name":"Transmorgrifier","player_choice":"Transformed","floor":5.0,"gold_loss":0.0,"damage_taken":0.0,"cards_obtained":["Endless Agony"]},{"damage_healed":0.0,"max_hp_gain":0.0,"max_hp_loss":0.0,"gold_gain":0.0,"event_name":"Living Wall","player_choice":"Grow","floor":13.0,"gold_loss":0.0,"damage_taken":0.0,"cards_upgraded":["Leg Sweep"]},{"damage_healed":0.0,"max_hp_gain":0.0,"max_hp_loss":0.0,"gold_gain":0.0,"event_name":"Cursed Tome","player_choice":"Obtained Book","floor":20.0,"gold_loss":0.0,"damage_taken":16.0},{"damage_healed":0.0,"max_hp_gain":0.0,"max_hp_loss":0.0,"gold_gain":0.0,"event_name":"Masked Bandits","player_choice":"Fought Bandits","floor":22.0,"gold_loss":0.0,"damage_taken":0.0},{"cards_removed":["Strike_G"],"damage_healed":0.0,"max_hp_gain":0.0,"max_hp_loss":0.0,"gold_gain":0.0,"event_name":"Beggar","player_choice":"Gave Gold","floor":24.0,"gold_loss":75.0,"damage_taken":0.0},{"damage_healed":0,"gold_gain":222,"player_choice":"Wore Mask","damage_taken":0,"max_hp_gain":0,"max_hp_loss":0,"event_name":"Tomb of Lord Red Mask","floor":36,"gold_loss":0},{"cards_removed":["Defend_G"],"damage_healed":0,"gold_gain":0,"player_choice":"Removed Skill","damage_taken":0,"max_hp_gain":0,"max_hp_loss":0,"event_name":"Falling","floor":38,"gold_loss":0}],"is_beta":false,"boss_relics":[{"not_picked":["Fusion Hammer","Ring of the Serpent"],"picked":"Astrolabe"},{"not_picked":["Tiny House","HoveringKite"],"picked":"Empty Cage"}],"items_purged_floors":[12,48],"is_endless":false,"potions_floor_spawned":[3,4,7,10,19,25,30,33,35,40,42,44,46,47,54],"ascension_level":4}}