{"host":"e4hse1vg61zltgzv","time":1608467095,"event":{"mods":["AchievementEnabler","BaseMod","Block Reminder","Colored Map","DeckTracker","GifTheSpireLib","Minty Spire (QoL Compilation)","Rare Cards Sparkle","StSLib","SuperFastMode","everything is the same but u backflip on backflip"],"gold_per_floor":[118,118,134,153,163,163,191,191,214,240,165,165,165,196,196,291,291,311,311,12,32,68,103,103,126,203,217,217,261,177,215,215,310,310,329,329,329,248,248,248,49,83,83,108,143,164,189,227,227,227,227,227,227,141,184,184,184],"floor_reached":56,"playtime":1073,"items_purged":["Defend_G","Survivor"],"score":3018,"play_id":"adf85906-3958-49ab-afed-8242f40613c8","local_time":"20201220212455","is_ascension_mode":true,"campfire_choices":[{"data":"Strike_G","floor":6.0,"key":"PURGE"},{"data":"Defend_G","floor":8.0,"key":"PURGE"},{"data":"Tactician","floor":13.0,"key":"SMITH"},{"data":"Acrobatics","floor":15.0,"key":"SMITH"},{"data":"Defend_G+1","floor":24.0,"key":"PURGE"},{"data":"Neutralize+1","floor":28.0,"key":"PURGE"},{"floor":32.0,"key":"RECALL"},{"data":"After Image+1","floor":40.0,"key":"PURGE"},{"data":"Blur+1","floor":49.0,"key":"PURGE"},{"data":"Backflip+1","floor":53.0,"key":"PURGE"}],"circlet_count":0,"master_deck":["AscendersBane","Grand Finale+1","Tactician+1","Acrobatics+1","Backflip+1"],"relics":["Ring of the Snake","Peace Pipe","Singing Bowl","Black Star","Blood Vial","Boot","Omamori","Bag of Marbles","Golden Idol","Regal Pillow","Frozen Egg 2","Runic Pyramid","Membership Card","War Paint","Red Mask","Nunchaku","Whetstone","Pear","Smiling Mask","WingedGreaves","Lee\u0027s Waffle","Juzu Bracelet","Darkstone Periapt","Coffee Dripper","Potion Belt","TungstenRod","Pen Nib","The Specimen","Meat on the Bone","Centennial Puzzle","Anchor","Shuriken","Paper Crane","TheAbacus","Art of War","Happy Flower"],"acts_visited":["Exordium","TheCity","TheBeyond","TheEnding"],"potions_floor_usage":[56,56],"damage_taken":[{"damage":0.0,"enemies":"Jaw Worm","floor":1.0,"turns":10.0},{"damage":6.0,"enemies":"Cultist","floor":3.0,"turns":6.0},{"damage":0.0,"enemies":"Small Slimes","floor":4.0,"turns":1.0},{"damage":0.0,"enemies":"Looter","floor":5.0,"turns":1.0},{"damage":0.0,"enemies":"3 Sentries","floor":7.0,"turns":1.0},{"damage":5.0,"enemies":"Lagavulin","floor":10.0,"turns":4.0},{"damage":0.0,"enemies":"Gremlin Nob","floor":14.0,"turns":1.0},{"damage":0.0,"enemies":"Slime Boss","floor":16.0,"turns":1.0},{"damage":0.0,"enemies":"Spheric Guardian","floor":18.0,"turns":1.0},{"damage":0.0,"enemies":"3 Byrds","floor":21.0,"turns":1.0},{"damage":0.0,"enemies":"Masked Bandits","floor":22.0,"turns":1.0},{"damage":0.0,"enemies":"Gremlin Leader","floor":23.0,"turns":2.0},{"damage":0.0,"enemies":"Sentry and Sphere","floor":25.0,"turns":1.0},{"damage":0.0,"enemies":"Snecko","floor":27.0,"turns":1.0},{"damage":0.0,"enemies":"Book of Stabbing","floor":29.0,"turns":1.0},{"damage":0.0,"enemies":"Gremlin Leader","floor":31.0,"turns":1.0},{"damage":0.0,"enemies":"Champ","floor":33.0,"turns":3.0},{"damage":0.0,"enemies":"3 Shapes","floor":35.0,"turns":1.0},{"damage":0.0,"enemies":"Reptomancer","floor":42.0,"turns":1.0},{"damage":0.0,"enemies":"3 Darklings","floor":44.0,"turns":1.0},{"damage":0.0,"enemies":"Nemesis","floor":45.0,"turns":1.0},{"damage":0.0,"enemies":"Jaw Worm Horde","floor":46.0,"turns":1.0},{"damage":0.0,"enemies":"Transient","floor":47.0,"turns":1.0},{"damage":0.0,"enemies":"Giant Head","floor":48.0,"turns":2.0},{"damage":0.0,"enemies":"Donu and Deca","floor":50.0,"turns":1.0},{"damage":0.0,"enemies":"Time Eater","floor":51.0,"turns":1.0},{"damage":0,"enemies":"Shield and Spear","floor":55,"turns":1},{"damage":0,"enemies":"The Heart","floor":56,"turns":4}],"seed_played":"-5656831694523418321","potions_obtained":[{"floor":3.0,"key":"PowerPotion"},{"floor":4.0,"key":"SpeedPotion"},{"floor":21.0,"key":"Explosive Potion"},{"floor":22.0,"key":"Ancient Potion"},{"floor":42.0,"key":"Regen Potion"}],"is_trial":false,"path_per_floor":["M","?","M","M","M","R","E","R","T","E","$","?","R","E","R","B",null,"M","?","$","M","?","E","R","M","T","M","R","E","$","E","R","B",null,"M","?","?","$","?","R","$","E","T","M","E","M","M","E","R","B","B",null,"R","$","E","B"],"character_chosen":"THE_SILENT","items_purchased":["Membership Card","War Paint","Lee\u0027s Waffle","Potion Belt","TungstenRod","Block Potion","TheAbacus"],"campfire_rested":0,"item_purchase_floors":[20,20,30,38,41,41,54],"current_hp_per_floor":[46,46,42,44,46,46,48,48,48,45,45,19,19,23,23,25,65,69,69,69,73,77,81,81,85,95,99,99,102,109,109,109,111,111,113,113,115,115,115,115,115,117,117,119,121,123,125,127,127,127,127,127,127,127,129,129,129],"gold":184,"neow_bonus":"REMOVE_TWO","is_daily":false,"chose_seed":false,"campfire_upgraded":2,"win_rate":0.0,"timestamp":1608467095,"path_taken":["M","?","?","M","M","R","E","R","T","E","$","?","R","E","R","BOSS","M","?","?","M","?","E","R","?","T","?","R","E","$","E","R","BOSS","M","?","?","$","?","R","$","E","T","M","E","M","M","E","R","BOSS","BOSS","R","$","E","BOSS"],"items_purchased_type":["Relic","Relic","Relic","Relic","Relic","Potion","Relic"],"build_version":"2020-12-13","purchased_purges":2,"victory":false,"max_hp_per_floor":[68,68,70,72,74,74,76,76,76,76,76,76,76,78,78,78,78,80,80,80,82,84,86,86,88,98,100,100,102,109,109,109,111,111,113,113,115,115,115,115,115,117,117,119,121,123,125,127,127,127,127,127,127,127,129,129,129],"card_choices":[{"not_picked":["Flying Knee","Dash","Skewer"],"picked":"Singing Bowl","floor":1.0},{"not_picked":["Flying Knee","Cloak And Dagger","Outmaneuver"],"picked":"Singing Bowl","floor":3.0},{"not_picked":["Deflect","Dagger Spray","PiercingWail"],"picked":"Singing Bowl","floor":4.0},{"not_picked":["Cloak And Dagger","PiercingWail","Expertise"],"picked":"Singing Bowl","floor":5.0},{"not_picked":["Dodge and Roll","Deflect","PiercingWail"],"picked":"Singing Bowl","floor":7.0},{"not_picked":["Deflect","Leg Sweep"],"picked":"Acrobatics","floor":10.0},{"not_picked":["Bouncing Flask","Expertise","Backflip"],"picked":"Singing Bowl","floor":14.0},{"not_picked":["Die Die Die","Glass Knife"],"picked":"After Image+1","floor":16.0},{"not_picked":["PiercingWail","Skewer","Underhanded Strike"],"picked":"Singing Bowl","floor":18.0},{"not_picked":["Quick Slash","Blade Dance","Skewer"],"picked":"Singing Bowl","floor":21.0},{"not_picked":["Poisoned Stab","Escape Plan","Flying Knee+1"],"picked":"Singing Bowl","floor":22.0},{"not_picked":["Predator","Dodge and Roll","Escape Plan"],"picked":"Singing Bowl","floor":23.0},{"not_picked":["Backflip","Underhanded Strike+1","Bane"],"picked":"Singing Bowl","floor":25.0},{"not_picked":["Slice","Deflect","Setup+1"],"picked":"Singing Bowl","floor":27.0},{"not_picked":["Leg Sweep","Dagger Throw","Catalyst"],"picked":"Singing Bowl","floor":29.0},{"not_picked":["Venomology","Adrenaline"],"picked":"Blur","floor":31.0},{"not_picked":["Bullet Time","After Image+1","Adrenaline"],"picked":"Singing Bowl","floor":33.0},{"not_picked":["Noxious Fumes+1","Endless Agony","Deadly Poison"],"picked":"Singing Bowl","floor":35.0},{"not_picked":["Blind","Enlightenment","Swift Strike"],"picked":"Singing Bowl","floor":37.0},{"not_picked":["Blade Dance","Dagger Throw","Deflect"],"picked":"Singing Bowl","floor":42.0},{"not_picked":["Acrobatics+1","Envenom+1","Dodge and Roll"],"picked":"Singing Bowl","floor":44.0},{"not_picked":["Terror","Predator+1","Crippling Poison+1"],"picked":"Singing Bowl","floor":45.0},{"not_picked":["Deflect","Flying Knee","Dodge and Roll"],"picked":"Singing Bowl","floor":46.0},{"not_picked":["Flying Knee","Acrobatics","Outmaneuver"],"picked":"Singing Bowl","floor":47.0},{"not_picked":["Heel Hook","After Image+1","A Thousand Cuts+1"],"picked":"Singing Bowl","floor":48.0},{"not_picked":["Expertise","Skewer","Dagger Throw"],"picked":"Singing Bowl","floor":55}],"player_experience":747374,"relics_obtained":[{"floor":7.0,"key":"Blood Vial"},{"floor":7.0,"key":"Boot"},{"floor":10.0,"key":"Omamori"},{"floor":10.0,"key":"Bag of Marbles"},{"floor":14.0,"key":"Regal Pillow"},{"floor":14.0,"key":"Frozen Egg 2"},{"floor":22.0,"key":"Red Mask"},{"floor":23.0,"key":"Nunchaku"},{"floor":23.0,"key":"Whetstone"},{"floor":26.0,"key":"Pear"},{"floor":29.0,"key":"Smiling Mask"},{"floor":29.0,"key":"WingedGreaves"},{"floor":31.0,"key":"Juzu Bracelet"},{"floor":31.0,"key":"Darkstone Periapt"},{"floor":42.0,"key":"Pen Nib"},{"floor":42.0,"key":"The Specimen"},{"floor":43.0,"key":"Meat on the Bone"},{"floor":45.0,"key":"Centennial Puzzle"},{"floor":45.0,"key":"Anchor"},{"floor":48.0,"key":"Shuriken"},{"floor":48.0,"key":"Paper Crane"},{"floor":55,"key":"Art of War"},{"floor":55,"key":"Happy Flower"}],"event_choices":[{"cards_removed":["Defend_G"],"damage_healed":0.0,"max_hp_gain":0.0,"max_hp_loss":0.0,"gold_gain":0.0,"event_name":"Bonfire Elementals","player_choice":"Offered Basic","floor":2.0,"gold_loss":0.0,"damage_taken":0.0},{"damage_healed":0.0,"max_hp_gain":0.0,"max_hp_loss":0.0,"gold_gain":0.0,"event_name":"Golden Idol","player_choice":"Take Damage","floor":12.0,"gold_loss":0.0,"damage_taken":26.0,"relics_obtained":["Golden Idol"]},{"damage_healed":0.0,"max_hp_gain":0.0,"max_hp_loss":0.0,"gold_gain":0.0,"event_name":"Duplicator","player_choice":"Copied","floor":19.0,"gold_loss":0.0,"damage_taken":0.0,"cards_obtained":["After Image"]},{"damage_healed":0.0,"max_hp_gain":0.0,"max_hp_loss":0.0,"gold_gain":0.0,"event_name":"Masked Bandits","player_choice":"Fought Bandits","floor":22.0,"gold_loss":0.0,"damage_taken":0.0},{"damage_healed":0.0,"max_hp_gain":0.0,"max_hp_loss":0.0,"gold_gain":0.0,"event_name":"Accursed Blacksmith","player_choice":"Forge","floor":36.0,"gold_loss":0.0,"damage_taken":0.0,"cards_upgraded":["Blur"]},{"damage_healed":0.0,"max_hp_gain":0.0,"max_hp_loss":0.0,"gold_gain":0.0,"event_name":"SensoryStone","player_choice":"Memory 1","floor":37.0,"gold_loss":0.0,"damage_taken":0.0},{"cards_removed":["After Image"],"damage_healed":0.0,"max_hp_gain":0.0,"max_hp_loss":0.0,"gold_gain":0.0,"event_name":"Falling","player_choice":"Removed Power","floor":39.0,"gold_loss":0.0,"damage_taken":0.0}],"is_beta":false,"boss_relics":[{"not_picked":["SacredBark","Busted Crown"],"picked":"Runic Pyramid"},{"not_picked":["Cursed Key","Black Star"],"picked":"Coffee Dripper"}],"items_purged_floors":[11,20],"is_endless":false,"potions_floor_spawned":[3,4,5,21,22,27,29,42,44,46,47],"killed_by":"The Heart","ascension_level":20}}