{"host":"v54ek091sdz7ha6h","time":1608493241,"event":{"mods":["BaseMod","Better Vampires","Colored Map","Colored Powertips","DeckTracker","Highlight Path","KOR Keyword Fix","Minty Spire (QoL Compilation)","Rare Cards Sparkle","StSLib","SuperFastMode","The Awakened One except there are too many feathers","everything is the same but u backflip on backflip","slay the spire mod where everything is the same but ironclad has a cowboy hat"],"gold_per_floor":[117,117,2,2,15,43,43,60,84,84,95,107,126,140,140,236,236,255,272,272,48,48,48,73,73,73,173,191,222,240,256,256,355,355,374,392,443,69,87,112,112,131,183,198,226,243,257,257,257,257,257,257,4,32,32],"floor_reached":56,"playtime":1678,"items_purged":["Strike_R","Strike_R","Strike_R"],"score":1303,"play_id":"17d31868-c85f-41f1-a004-6d70a02d86e5","local_time":"20201221044041","is_ascension_mode":false,"campfire_choices":[{"data":"Fire Breathing","floor":7.0,"key":"SMITH"},{"data":"Feel No Pain","floor":10.0,"key":"SMITH"},{"data":"Bludgeon","floor":15.0,"key":"SMITH"},{"data":"Immolate","floor":23.0,"key":"SMITH"},{"data":"Dark Embrace","floor":25.0,"key":"SMITH"},{"data":"Metallicize","floor":32.0,"key":"SMITH"},{"floor":41.0,"key":"RECALL"},{"floor":49.0,"key":"DIG"},{"floor":52.0,"key":"DIG"}],"circlet_count":0,"master_deck":["Strike_R","Strike_R+1","Defend_R","Defend_R","Defend_R+1","Defend_R","Bash","Flash of Steel+1","Fire Breathing+1","Feel No Pain+1","Shockwave","Burning Pact","Reckless Charge","Bludgeon+1","Immolate+1","Disarm+1","Pommel Strike+1","Dark Embrace+1","Shame","Metallicize+1","Offering+1","Evolve","Body Slam+1","Second Wind+1","Metallicize","Impervious","Wild Strike+1","Pain","Shrug It Off+1","Warcry+1","Rupture+1","Writhe","Dual Wield+1"],"relics":["Burning Blood","MealTicket","Bottled Flame","Potion Belt","Black Star","CultistMask","OrangePellets","The Courier","PreservedInsect","Sundial","Bird Faced Urn","Meat on the Bone","Dream Catcher","Boot","Cursed Key","Ginger","War Paint","Anchor","Shovel","Nunchaku","Happy Flower","Red Skull","Calipers","Paper Frog","Kunai","TheAbacus","Bronze Scales","Bag of Preparation"],"acts_visited":["Exordium","TheCity","TheBeyond","TheEnding"],"potions_floor_usage":[55,55,55],"damage_taken":[{"damage":2.0,"enemies":"Small Slimes","floor":1.0,"turns":4.0},{"damage":0.0,"enemies":"2 Louse","floor":5.0,"turns":2.0},{"damage":17.0,"enemies":"3 Sentries","floor":6.0,"turns":5.0},{"damage":15.0,"enemies":"Jaw Worm","floor":8.0,"turns":4.0},{"damage":17.0,"enemies":"Exordium Thugs","floor":11.0,"turns":4.0},{"damage":5.0,"enemies":"2 Fungi Beasts","floor":12.0,"turns":3.0},{"damage":1.0,"enemies":"Large Slime","floor":13.0,"turns":4.0},{"damage":1.0,"enemies":"Exordium Wildlife","floor":14.0,"turns":3.0},{"damage":14.0,"enemies":"Hexaghost","floor":16.0,"turns":8.0},{"damage":5.0,"enemies":"Spheric Guardian","floor":18.0,"turns":3.0},{"damage":0.0,"enemies":"Chosen","floor":19.0,"turns":4.0},{"damage":26.0,"enemies":"Slavers","floor":24.0,"turns":3.0},{"damage":12.0,"enemies":"Colosseum Slavers","floor":27.0,"turns":4.0},{"damage":9.0,"enemies":"Colosseum Nobs","floor":27.0,"turns":3.0},{"damage":10.0,"enemies":"Centurion and Healer","floor":28.0,"turns":4.0},{"damage":26.0,"enemies":"Book of Stabbing","floor":29.0,"turns":5.0},{"damage":15.0,"enemies":"Snake Plant","floor":30.0,"turns":5.0},{"damage":12.0,"enemies":"3 Cultists","floor":31.0,"turns":4.0},{"damage":48.0,"enemies":"Champ","floor":33.0,"turns":13.0},{"damage":36.0,"enemies":"3 Darklings","floor":35.0,"turns":4.0},{"damage":16.0,"enemies":"Orb Walker","floor":36.0,"turns":4.0},{"damage":20.0,"enemies":"2 Orb Walkers","floor":37.0,"turns":4.0},{"damage":9.0,"enemies":"Transient","floor":39.0,"turns":5.0},{"damage":27.0,"enemies":"Reptomancer","floor":40.0,"turns":5.0},{"damage":37.0,"enemies":"3 Darklings","floor":42.0,"turns":4.0},{"damage":20.0,"enemies":"Maw","floor":44.0,"turns":6.0},{"damage":18.0,"enemies":"Giant Head","floor":45.0,"turns":6.0},{"damage":15.0,"enemies":"Jaw Worm Horde","floor":46.0,"turns":4.0},{"damage":11.0,"enemies":"3 Darklings","floor":47.0,"turns":4.0},{"damage":62.0,"enemies":"Awakened One","floor":50.0,"turns":12.0},{"damage":68.0,"enemies":"Shield and Spear","floor":54.0,"turns":4.0},{"damage":69,"enemies":"The Heart","floor":55,"turns":8}],"seed_played":"3953802090235537609","potions_obtained":[{"floor":5.0,"key":"FairyPotion"},{"floor":8.0,"key":"FearPotion"},{"floor":11.0,"key":"Explosive Potion"},{"floor":12.0,"key":"PowerPotion"},{"floor":13.0,"key":"Block Potion"},{"floor":14.0,"key":"FearPotion"},{"floor":18.0,"key":"Explosive Potion"},{"floor":28.0,"key":"Explosive Potion"},{"floor":29.0,"key":"ElixirPotion"},{"floor":30.0,"key":"Fire Potion"},{"floor":35.0,"key":"SpeedPotion"},{"floor":37.0,"key":"ColorlessPotion"},{"floor":40.0,"key":"Weak Potion"},{"floor":46.0,"key":"Fire Potion"},{"floor":47.0,"key":"SteroidPotion"}],"is_trial":false,"path_per_floor":["M","?","$","?","M","E","R","M","T","R","M","M","M","M","R","B",null,"M","M","?","$","?","R","E","R","T","?","M","E","M","M","R","B",null,"M","M","?","$","M","E","R","M","T","M","E","M","M","?","R","B",null,"R","$","E","B",null],"character_chosen":"IRONCLAD","items_purchased":["Feel No Pain","OrangePellets","Dark Embrace","War Paint","Metallicize","Anchor","TheAbacus","Energy Potion"],"campfire_rested":0,"item_purchase_floors":[3,21,21,38,38,38,53,53],"current_hp_per_floor":[80,64,64,39,45,34,34,25,25,25,14,15,20,25,25,17,80,80,80,80,80,80,80,60,60,60,51,51,49,58,56,56,34,80,58,58,54,69,78,69,69,48,48,58,58,61,68,80,80,46,80,80,80,40,31],"gold":32,"neow_bonus":"RANDOM_COLORLESS","is_daily":false,"chose_seed":false,"campfire_upgraded":6,"win_rate":0.0,"timestamp":1608493241,"path_taken":["M","?","$","?","M","E","R","M","T","R","M","M","M","M","R","BOSS","M","M","?","?","?","R","E","R","T","?","M","E","M","?","R","BOSS","M","M","?","$","M","E","R","M","T","M","E","M","M","?","R","BOSS","R","$","E","BOSS"],"items_purchased_type":["Card","Relic","Card","Relic","Card","Relic","Relic","Potion"],"build_version":"2020-12-13","purchased_purges":3,"victory":true,"max_hp_per_floor":[80,80,80,80,80,80,80,80,80,80,80,80,80,80,80,80,80,80,80,80,80,80,80,80,80,80,80,80,80,80,80,80,80,80,80,80,80,80,80,80,80,80,80,80,80,80,80,80,80,80,80,80,80,80,80],"card_choices":[{"not_picked":["Deep Breath","Discovery"],"picked":"Flash of Steel","floor":0.0},{"not_picked":["Anger","Clothesline"],"picked":"Fire Breathing","floor":1.0},{"not_picked":["Heavy Blade","Intimidate"],"picked":"Shockwave","floor":5.0},{"not_picked":["Infernal Blade","Body Slam"],"picked":"Burning Pact","floor":6.0},{"not_picked":["Hemokinesis","Warcry"],"picked":"Reckless Charge","floor":8.0},{"not_picked":["Havoc","Sever Soul","Twin Strike"],"picked":"SKIP","floor":11.0},{"not_picked":["Bludgeon","Body Slam","Twin Strike"],"picked":"SKIP","floor":12.0},{"not_picked":["Body Slam","Twin Strike"],"picked":"Bludgeon","floor":12.0},{"not_picked":["Entrench","Shockwave","Hemokinesis"],"picked":"SKIP","floor":13.0},{"not_picked":["Dual Wield","Clothesline","Iron Wave"],"picked":"SKIP","floor":14.0},{"not_picked":["Exhume","Juggernaut"],"picked":"Immolate","floor":16.0},{"not_picked":["True Grit","Iron Wave"],"picked":"Disarm+1","floor":18.0},{"not_picked":["Sword Boomerang","Twin Strike+1"],"picked":"Pommel Strike+1","floor":19.0},{"not_picked":["Brutality","Pommel Strike","Clothesline"],"picked":"SKIP","floor":24.0},{"not_picked":["Body Slam","Heavy Blade+1","Sever Soul"],"picked":"SKIP","floor":28.0},{"not_picked":["Spot Weakness","Twin Strike","Armaments"],"picked":"SKIP","floor":29.0},{"not_picked":["Havoc+1","Sword Boomerang","Clothesline"],"picked":"SKIP","floor":30.0},{"not_picked":["Twin Strike","Burning Pact+1"],"picked":"Metallicize","floor":31.0},{"not_picked":["Exhume","Limit Break"],"picked":"Offering","floor":33.0},{"not_picked":["Havoc","Bloodletting+1"],"picked":"Evolve","floor":35.0},{"not_picked":["Cleave","Shrug It Off"],"picked":"Body Slam+1","floor":36.0},{"not_picked":["Pommel Strike+1","Clothesline"],"picked":"Second Wind+1","floor":37.0},{"not_picked":["Perfected Strike+1","Wild Strike"],"picked":"Impervious","floor":39.0},{"not_picked":["Uppercut+1","Anger","Cleave"],"picked":"SKIP","floor":40.0},{"not_picked":["Uppercut+1","Headbutt"],"picked":"Wild Strike+1","floor":42.0},{"not_picked":["Twin Strike+1","Inflame+1","Flex+1"],"picked":"SKIP","floor":44.0},{"not_picked":["Body Slam+1","Cleave"],"picked":"Shrug It Off+1","floor":45.0},{"not_picked":["Sword Boomerang+1","Iron Wave+1"],"picked":"Warcry+1","floor":46.0},{"not_picked":["Burning Pact+1","Pommel Strike"],"picked":"Rupture+1","floor":47.0},{"not_picked":["Thunderclap","Body Slam"],"picked":"Dual Wield+1","floor":54.0}],"player_experience":1388530,"relics_obtained":[{"floor":6.0,"key":"Bottled Flame"},{"floor":9.0,"key":"Potion Belt"},{"floor":24.0,"key":"PreservedInsect"},{"floor":24.0,"key":"Sundial"},{"floor":27.0,"key":"Bird Faced Urn"},{"floor":27.0,"key":"Meat on the Bone"},{"floor":29.0,"key":"Dream Catcher"},{"floor":29.0,"key":"Boot"},{"floor":37.0,"key":"Ginger"},{"floor":40.0,"key":"Shovel"},{"floor":40.0,"key":"Nunchaku"},{"floor":43.0,"key":"Happy Flower"},{"floor":45.0,"key":"Red Skull"},{"floor":45.0,"key":"Calipers"},{"floor":49.0,"key":"Paper Frog"},{"floor":52.0,"key":"Kunai"},{"floor":54.0,"key":"Bronze Scales"},{"floor":54.0,"key":"Bag of Preparation"}],"event_choices":[{"damage_healed":0.0,"max_hp_gain":0.0,"max_hp_loss":0.0,"gold_gain":0.0,"event_name":"Shining Light","player_choice":"Entered Light","floor":2.0,"gold_loss":0.0,"damage_taken":16.0,"cards_upgraded":["Flash of Steel","Strike_R"]},{"damage_healed":0.0,"max_hp_gain":0.0,"max_hp_loss":0.0,"gold_gain":0.0,"event_name":"Scrap Ooze","player_choice":"Success","floor":4.0,"gold_loss":0.0,"damage_taken":25.0,"relics_obtained":["MealTicket"]},{"damage_healed":0.0,"max_hp_gain":0.0,"max_hp_loss":0.0,"gold_gain":0.0,"event_name":"FaceTrader","player_choice":"Trade","floor":20.0,"gold_loss":0.0,"damage_taken":0.0,"relics_obtained":["CultistMask"]},{"damage_healed":0.0,"max_hp_gain":0.0,"max_hp_loss":0.0,"gold_gain":0.0,"event_name":"Addict","player_choice":"Stole Relic","floor":22.0,"gold_loss":0.0,"damage_taken":0.0,"relics_obtained":["The Courier"],"cards_obtained":["Shame"]},{"damage_healed":0.0,"max_hp_gain":0.0,"max_hp_loss":0.0,"gold_gain":0.0,"event_name":"Colosseum","player_choice":"Fight","floor":27.0,"gold_loss":0.0,"damage_taken":0.0},{"damage_healed":0.0,"max_hp_gain":0.0,"max_hp_loss":0.0,"gold_gain":0.0,"event_name":"Colosseum","player_choice":"Fought Nobs","floor":27.0,"gold_loss":0.0,"damage_taken":0.0},{"damage_healed":0.0,"max_hp_gain":0.0,"max_hp_loss":0.0,"gold_gain":0.0,"event_name":"Mysterious Sphere","player_choice":"Fight","floor":37.0,"gold_loss":0.0,"damage_taken":0.0},{"damage_healed":20.0,"max_hp_gain":0.0,"max_hp_loss":0.0,"gold_gain":0.0,"event_name":"Winding Halls","player_choice":"Writhe","floor":48.0,"gold_loss":0.0,"damage_taken":0.0,"cards_obtained":["Writhe"]}],"is_beta":false,"boss_relics":[{"not_picked":["SlaversCollar","Tiny House"],"picked":"Black Star"},{"not_picked":["Sozu","Runic Pyramid"],"picked":"Cursed Key"}],"items_purged_floors":[3,38,53],"is_endless":false,"potions_floor_spawned":[5,8,11,12,13,14,18,28,29,30,35,37,40,46,47],"ascension_level":0}}