{"host":"5f8ute538gzudddu","time":1608456909,"event":{"mods":["BaseMod","Downfall","Highlight Path","Minty Spire (QoL Compilation)","Relic Stats","StSLib"],"gold_per_floor":[99,84,115,131,116,143,168,168,198,48,66,66,83,83,100,198,198,198,208,293,309,320,349,349,349,374,374,374,389,401,401,415,518,518,443,454,470,502,513,546,597,597,278,278,360,435,315,325,337,337,337,369,26,26,26],"floor_reached":56,"playtime":3752,"items_purged":["Guardian:Defend_Guardian","Guardian:Defend_Guardian"],"score":1340,"play_id":"a5a21eda-72cd-4251-af11-3c23db54b0dc","local_time":"20201220013509","is_ascension_mode":false,"campfire_choices":[{"data":"Guardian:TwinSlam","floor":1,"key":"SMITH"},{"data":"1","floor":8,"key":"LIFT"},{"data":"2","floor":10,"key":"LIFT"},{"data":"3","floor":18,"key":"LIFT"},{"data":"Guardian:RevengeProtocol","floor":25,"key":"SMITH"},{"floor":27,"key":"RECALL"},{"data":"Guardian:HyperBeam_Guardian","floor":35,"key":"SMITH"},{"data":"Guardian:ExploitGems","floor":44,"key":"SMITH"},{"data":"Guardian:Repulse","floor":54,"key":"SMITH"}],"circlet_count":0,"master_deck":["Guardian:Strike_Guardian","Guardian:Strike_Guardian","Guardian:Strike_Guardian","Guardian:Defend_Guardian","Guardian:CurlUp","Guardian:TwinSlam+1","Guardian:ChargeUp","Guardian:DecasProtection","Guardian:ChargeCore","Guardian:BronzeArmor","Guardian:ExploitGems+1","Guardian:PrismaticBarrier","Guardian:RevengeProtocol+1","Guardian:RollAttack+1","Guardian:EvasiveProtocol","Guardian:FloatingOrbs","Guardian:Harden+1","Guardian:HyperBeam_Guardian+1","CurseOfTheBell","Guardian:Suspension+1","Guardian:ShieldCharger+1","Guardian:VentSteam+1","Guardian:EvasiveProtocol+1","Guardian:Aged","Guardian:DecasProtection","Guardian:DecasProtection","Guardian:DecasProtection","Guardian:BronzeArmor+1","Guardian:Repulse+1"],"relics":["Guardian:ModeShifterPlus","Nunchaku","Girya","Mummified Hand","downfall:HeartBlessingGreen","downfall:HeartBlessingBlue","Letter Opener","CaptainsWheel","Darkstone Periapt","Calling Bell","Tiny Chest","Kunai","Du-Vu Doll","downfall:HeartBlessingRed","Lantern","Mercury Hourglass","PreservedInsect","Guardian:StasisEgg","Shuriken","Toolbox","Happy Flower","Dead Branch","Bag of Preparation","Sling"],"acts_visited":["Exordium","TheCity","TheBeyond","TheEnding"],"potions_floor_usage":[23,23,23,33,43,43,50,50,50,50,50],"damage_taken":[{"damage":1,"enemies":"downfall:FleeingMerchant","floor":2,"turns":4},{"damage":15,"enemies":"Gremlin Nob","floor":3,"turns":5},{"damage":0,"enemies":"Cultist","floor":4,"turns":4},{"damage":0,"enemies":"downfall:FleeingMerchant","floor":5,"turns":4},{"damage":9,"enemies":"Lagavulin","floor":6,"turns":7},{"damage":17,"enemies":"Gremlin Nob","floor":9,"turns":5},{"damage":0,"enemies":"2 Louse","floor":11,"turns":3},{"damage":0,"enemies":"Jaw Worm","floor":13,"turns":3},{"damage":0,"enemies":"3 Louse","floor":15,"turns":2},{"damage":5,"enemies":"downfall:Ironclad","floor":16,"turns":7},{"damage":0,"enemies":"Spheric Guardian","floor":19,"turns":4},{"damage":8,"enemies":"Cultist and Chosen","floor":21,"turns":5},{"damage":4,"enemies":"Chosen and Byrds","floor":22,"turns":4},{"damage":11,"enemies":"Gremlin Leader","floor":23,"turns":8},{"damage":19,"enemies":"Slavers","floor":26,"turns":3},{"damage":0,"enemies":"Sentry and Sphere","floor":29,"turns":4},{"damage":0,"enemies":"Cultist and Chosen","floor":30,"turns":4},{"damage":1,"enemies":"3 Cultists","floor":32,"turns":4},{"damage":0,"enemies":"downfall:Watcher","floor":33,"turns":10},{"damage":0,"enemies":"3 Darklings","floor":36,"turns":3},{"damage":0,"enemies":"3 Shapes","floor":37,"turns":4},{"damage":13,"enemies":"Nemesis","floor":38,"turns":7},{"damage":0,"enemies":"Spire Growth","floor":39,"turns":4},{"damage":19,"enemies":"Reptomancer","floor":40,"turns":7},{"damage":0,"enemies":"downfall:FleeingMerchant","floor":43,"turns":4},{"damage":0,"enemies":"downfall:FleeingMerchant","floor":47,"turns":4},{"damage":0,"enemies":"Jaw Worm Horde","floor":48,"turns":2},{"damage":15,"enemies":"Transient","floor":49,"turns":5},{"damage":12,"enemies":"downfall:Silent","floor":50,"turns":9},{"damage":28,"enemies":"downfall:CharBossMerchant","floor":52,"turns":9},{"damage":1,"enemies":"downfall:NeowBoss","floor":55,"turns":15}],"seed_played":"3939464031466245839","potions_obtained":[{"floor":4,"key":"SkillPotion"},{"floor":13,"key":"GamblersBrew"},{"floor":15,"key":"Weak Potion"},{"floor":19,"key":"Slimebound:ThreeZeroPotion"},{"floor":29,"key":"DistilledChaos"},{"floor":30,"key":"Energy Potion"},{"floor":32,"key":"champ:CounterPotion"},{"floor":33,"key":"LiquidMemories"},{"floor":52,"key":"GamblersBrew"}],"is_trial":false,"path_per_floor":["R","$","E","M","$","E","T","R","E","R","M","?","M","?","M","B",null,"R","M","?","M","M","E","T","R","E","R","?","M","M","?","M","B",null,"R","M","M","E","M","E","T","?","$","R","T","?","$","M","M","B",null,"E","$","R","B",null],"character_chosen":"GUARDIAN","items_purchased":["Guardian:DecasProtection","Fruit Juice","EntropicBrew","Toolbox","Happy Flower","Guardian:DecasProtection","Bag of Preparation","Sling","Guardian:Repulse"],"campfire_rested":0,"item_purchase_floors":[43,43,43,47,47,47,53,53,53],"current_hp_per_floor":[80,79,64,64,64,55,55,55,38,48,48,48,48,48,48,43,90,90,90,74,66,62,51,51,51,32,32,90,90,90,90,89,89,96,96,96,96,83,83,64,64,70,75,75,75,75,75,75,60,48,107,79,79,79,78],"gold":26,"neow_bonus":"TRANSFORM_CARD","is_daily":false,"chose_seed":false,"campfire_upgraded":5,"win_rate":0.0,"timestamp":1608456909,"path_taken":["R","?","E","M","?","E","T","R","E","R","M","?","?","?","M","BOSS","R","M","?","M","M","E","T","R","E","R","?","M","?","?","M","BOSS","R","?","M","E","M","E","T","?","?","R","?","?","$","?","M","BOSS","E","$","R","BOSS"],"items_purchased_type":["Card","Potion","Potion","Relic","Relic","Card","Relic","Relic","Card"],"build_version":"2020-12-13","purchased_purges":2,"victory":true,"max_hp_per_floor":[80,80,80,80,80,80,80,80,80,90,90,90,90,90,90,90,90,90,90,90,90,90,90,90,90,90,90,90,90,90,90,90,90,96,96,96,96,96,96,96,96,102,107,107,107,107,107,107,107,107,107,107,107,107,107],"relic_stats":{"Darkstone Periapt":12,"Happy Flower":[13],"counters":[31,163],"Dead Branch":[60],"PreservedInsect":100,"Bag of Preparation":[2],"Letter Opener":[324],"Mercury Hourglass":[79],"Nunchaku":[29],"Mummified Hand":[150],"Shuriken":[21],"Tiny Chest":1,"Kunai":[24],"obtain_stats":[{"Darkstone Periapt":26,"Lantern":38,"Guardian:ModeShifterPlus":17,"Guardian:StasisEgg":42,"downfall:HeartBlessingGreen":10,"Bag of Preparation":53,"Sling":53,"Nunchaku":3,"Mummified Hand":9,"downfall:HeartBlessingBlue":10,"Toolbox":47,"Tiny Chest":34,"Kunai":34,"Girya":6,"downfall:HeartBlessingRed":35,"Happy Flower":47,"Dead Branch":52,"Guardian:ModeShifter":0,"PreservedInsect":41,"Letter Opener":23,"Mercury Hourglass":40,"Calling Bell":34,"Du-Vu Doll":34,"CaptainsWheel":24,"Shuriken":45},{"Darkstone Periapt":15,"Lantern":22,"Guardian:ModeShifterPlus":10,"Guardian:StasisEgg":24,"downfall:HeartBlessingGreen":6,"Bag of Preparation":30,"Sling":30,"Nunchaku":2,"Mummified Hand":6,"downfall:HeartBlessingBlue":6,"Toolbox":26,"Tiny Chest":19,"Kunai":19,"Girya":5,"downfall:HeartBlessingRed":19,"Happy Flower":26,"Dead Branch":30,"Guardian:ModeShifter":0,"PreservedInsect":24,"Letter Opener":14,"Mercury Hourglass":24,"Calling Bell":19,"Du-Vu Doll":19,"CaptainsWheel":14,"Shuriken":25},{"Darkstone Periapt":68,"Lantern":104,"Guardian:ModeShifterPlus":44,"Guardian:StasisEgg":115,"downfall:HeartBlessingGreen":29,"Bag of Preparation":148,"Sling":148,"Nunchaku":9,"Mummified Hand":29,"downfall:HeartBlessingBlue":29,"Toolbox":123,"Tiny Chest":90,"Kunai":90,"Girya":24,"downfall:HeartBlessingRed":90,"Happy Flower":123,"Dead Branch":148,"Guardian:ModeShifter":0,"PreservedInsect":115,"Letter Opener":65,"Mercury Hourglass":115,"Calling Bell":90,"Du-Vu Doll":90,"CaptainsWheel":65,"Shuriken":119}]},"card_choices":[{"not_picked":["Guardian:Recover","Guardian:Gem_Lightblue"],"picked":"Guardian:Gem_Green","floor":2},{"not_picked":["Guardian:Planning","Guardian:PolyBeam"],"picked":"Guardian:ChargeUp","floor":3},{"not_picked":["Guardian:Incinerate","Guardian:Gem_Lightblue"],"picked":"Guardian:DecasProtection","floor":4},{"not_picked":["Guardian:Emergency","Guardian:ShieldCharger"],"picked":"Guardian:ChargeCore","floor":5},{"not_picked":["Guardian:DonusPower","Guardian:TemporalShield"],"picked":"Guardian:BronzeArmor","floor":6},{"not_picked":["Guardian:Reroute","Guardian:Incinerate"],"picked":"Guardian:ExploitGems","floor":9},{"not_picked":["Guardian:Recover","Guardian:Suspension","Guardian:ShieldCharger"],"picked":"SKIP","floor":11},{"not_picked":["Guardian:PiercingHide","Guardian:Incinerate","Guardian:ChargeCore"],"picked":"SKIP","floor":13},{"not_picked":["Guardian:WalkerClaw","Guardian:DonusPower"],"picked":"Guardian:PrismaticBarrier","floor":15},{"not_picked":["Guardian:StasisStrike","Guardian:BaubleBeam"],"picked":"Guardian:RevengeProtocol","floor":16},{"not_picked":["Guardian:WalkerClaw+1","Guardian:Repulse"],"picked":"Guardian:RollAttack+1","floor":19},{"not_picked":["Guardian:ChargeCore","Guardian:ShieldCharger","Guardian:Incinerate"],"picked":"SKIP","floor":21},{"not_picked":["Guardian:PrismaticBarrier+1","Guardian:RefractedBeam"],"picked":"Guardian:Gem_Cyan","floor":22},{"not_picked":["Guardian:ConstructionForm","Guardian:PrismaticBarrier","Guardian:Recover"],"picked":"SKIP","floor":23},{"not_picked":["Guardian:TemporalShield","Guardian:Gem_Cyan"],"picked":"Guardian:Gem_Green","floor":26},{"not_picked":["Guardian:TemporalShield","Guardian:Gem_Blue"],"picked":"Guardian:EvasiveProtocol","floor":29},{"not_picked":["Guardian:VentSteam","Guardian:Gem_Lightblue"],"picked":"Guardian:Gem_Red","floor":30},{"not_picked":["Guardian:Reroute","Guardian:WalkerClaw+1"],"picked":"Guardian:Harden+1","floor":32},{"not_picked":["Guardian:ConstructionForm","Guardian:StasisField"],"picked":"Guardian:HyperBeam_Guardian","floor":33},{"not_picked":["Guardian:ShieldSpikes","Guardian:Gem_Fragmented"],"picked":"Guardian:Suspension+1","floor":36},{"not_picked":["Guardian:RollAttack","Guardian:WalkerClaw"],"picked":"Guardian:ShieldCharger+1","floor":37},{"not_picked":["Guardian:RollAttack+1","Guardian:Gem_Red"],"picked":"Guardian:VentSteam+1","floor":38},{"not_picked":["Guardian:WalkerClaw","Guardian:Clone","Guardian:MultiBeam"],"picked":"SKIP","floor":39},{"not_picked":["Guardian:PrimingBeam+1","Guardian:ShieldCharger+1"],"picked":"Guardian:EvasiveProtocol+1","floor":40},{"not_picked":["Guardian:SpikerProtocol","Guardian:PiercingHide"],"picked":"Guardian:DecasProtection","floor":43},{"not_picked":["Guardian:Gem_Purple","Guardian:PiercingHide","Guardian:VentSteam+1"],"picked":"SKIP","floor":47},{"not_picked":["Guardian:CrystalBeam","Guardian:TemporalStrike","Guardian:TemporalShield"],"picked":"SKIP","floor":48},{"not_picked":["Guardian:TimeCapacitor","Guardian:Gem_Blue","Guardian:BaubleBeam"],"picked":"SKIP","floor":49},{"not_picked":["Guardian:TemporalShield+1","Guardian:Suspension+1"],"picked":"Guardian:BronzeArmor+1","floor":52}],"player_experience":896888,"relics_obtained":[{"floor":3,"key":"Nunchaku"},{"floor":6,"key":"Girya"},{"floor":9,"key":"Mummified Hand"},{"floor":23,"key":"Letter Opener"},{"floor":24,"key":"CaptainsWheel"},{"floor":26,"key":"Darkstone Periapt"},{"floor":34,"key":"Tiny Chest"},{"floor":34,"key":"Kunai"},{"floor":34,"key":"Du-Vu Doll"},{"floor":38,"key":"Lantern"},{"floor":40,"key":"Mercury Hourglass"},{"floor":41,"key":"PreservedInsect"},{"floor":45,"key":"Shuriken"},{"floor":52,"key":"Dead Branch"}],"event_choices":[{"cards_removed":["Guardian:SpikerProtocol"],"damage_healed":58,"gold_gain":0,"player_choice":"Offered Uncommon","damage_taken":0,"max_hp_gain":0,"max_hp_loss":0,"event_name":"Bonfire Elementals","floor":28,"gold_loss":0},{"damage_healed":0,"gold_gain":0,"cards_transformed":["Guardian:Strike_Guardian"],"player_choice":"Transformed","damage_taken":0,"max_hp_gain":0,"max_hp_loss":0,"event_name":"Transmorgrifier","floor":31,"gold_loss":0,"cards_obtained":["Guardian:FloatingOrbs"]}],"is_beta":false,"boss_relics":[{"not_picked":["SlaversCollar","Velvet Choker"],"picked":"Guardian:ModeShifterPlus"},{"not_picked":["SacredBark","Guardian:StasisSlotReductionRelic"],"picked":"Calling Bell"}],"items_purged_floors":[43,47],"is_endless":false,"potions_floor_spawned":[4,13,15,19,22,29,30,32,33,37,39,48,49,52],"ascension_level":0}}