{"host":"4c7oxphrh4ok8x7u","time":1608476434,"event":{"mods":["2.2 Compatiblity","Act Like it!","Aspiration","BaseMod","Better Skull","Better Vampires","BetterRewards","Challenge The Spire","Conjunction","Conspire","Custom Start","Dota2Spire","Friendly Minions","FruityMod","GifTheSpireLib","Halation","Hermit","HololiveMod","Hubris","Hyrulean Relics","Jedi Mod","Kratos Character Expansion","Minty Spire (QoL Compilation)","MostiFishMod","Permanent Neow","Prisma Mod","Quarter Circle Forward PUNCH!","RatMod","Replay The Spire","Robot Space Explorer","SCP261 Mod","Shade Mod","Slay the Relics Exporter","Small Relic Pack","Spicy Shops","Spikes Relics","Spires And Sneckos","StSLib","Stuff the Spire","The Animator","The Blue Laboratory","The Death Knight","The Edgeheg","The Exalted","The Fake Hero","The Marked","The Trickster","TheWitcher","Wandering Minibosses"],"gold_per_floor":[116,116,128,139,157,157,192,209,261,280,312,331,350,367,367,465,465,484,109,49,49,49],"floor_reached":21,"playtime":1039,"items_purged":[],"score":295,"play_id":"e200f304-5f27-48d4-b884-9cbbad9870ee","local_time":"20201220180034","is_ascension_mode":false,"campfire_choices":[{"data":"theMarked:EnhancedHearing","floor":6,"key":"SMITH"}],"circlet_count":0,"master_deck":["theMarked:Strike","theMarked:Strike","theMarked:Strike","theMarked:Strike","theMarked:Strike","theMarked:Defend","theMarked:Defend","theMarked:Defend","theMarked:Defend","theMarked:SoldierOfQuellstein+1","theMarked:EnhancedHearing+1","theMarked:EmpowerWeapon+1","theMarked:Electrocute","theMarked:GodGivenPower","theMarked:HeritageOfTheMarked","theMarked:WardOff","theMarked:MysticalArsenal","theMarked:BanishingStrike","theMarked:WardOff","theMarked:BanishingStrike","theMarked:StartUp","theMarked:SoldierForm","theMarked:Seal+1","theMarked:Overcharge"],"relics":["theMarked:ArtifactOfAir","DaveBox","OneHitWonderSystem","Question Card","Dota2Spire:UrnOfShadows","Dota2Spire:ArmletOfMordiggian","wanderingMiniBosses:CarrionFlame","ImportantClient","aspiration:PoetsPen_weak","qcfpunch:Spiky_Bracers","Lantern"],"acts_visited":["Exordium","TheCity"],"potions_floor_usage":[11,21],"damage_taken":[{"damage":0,"enemies":"Small Slimes","floor":1,"turns":3},{"damage":0,"enemies":"Jaw Worm","floor":3,"turns":3},{"damage":0,"enemies":"Cultist","floor":4,"turns":3},{"damage":0,"enemies":"3 Louse","floor":5,"turns":3},{"damage":0,"enemies":"Gremlin Nob","floor":7,"turns":4},{"damage":0,"enemies":"Large Slime","floor":8,"turns":7},{"damage":0,"enemies":"Looter","floor":10,"turns":6},{"damage":0,"enemies":"3 Sentries","floor":11,"turns":5},{"damage":0,"enemies":"3 Louse","floor":12,"turns":3},{"damage":0,"enemies":"Red Slaver","floor":13,"turns":4},{"damage":0,"enemies":"Large Slime","floor":14,"turns":3},{"damage":0,"enemies":"Hexaghost","floor":16,"turns":6},{"damage":0,"enemies":"Spheric Guardian","floor":18,"turns":3},{"damage":3,"enemies":"3 Byrds","floor":21,"turns":3}],"seed_played":"4071792988394163482","potions_obtained":[{"floor":1,"key":"Dexterity Potion"},{"floor":7,"key":"blueLaboratory:PhilterOfMotion"},{"floor":10,"key":"Dota2Spire:HealingSalve"}],"is_trial":false,"path_per_floor":["M","?","M","M","M","R","E","M","T","M","E","M","M","M","R","B",null,"M","$","?","M"],"character_chosen":"THE_DEFAULT","items_purchased":["theMarked:Overcharge","qcfpunch:Spiky_Bracers","Lantern"],"campfire_rested":0,"item_purchase_floors":[19,19,19],"current_hp_per_floor":[1,1,1,1,1,1,1,1,1,1,1,1,1,1,1,1,1,1,1,1,0,0],"gold":49,"neow_bonus":"UPGRADE_CARD","is_daily":false,"chose_seed":false,"campfire_upgraded":1,"win_rate":0.0,"timestamp":1608476434,"path_taken":["M","?","?","M","M","R","E","M","T","M","E","M","M","M","R","BOSS","M","$","?","M"],"items_purchased_type":["Card","Relic","Relic"],"build_version":"2020-12-13","purchased_purges":0,"victory":false,"max_hp_per_floor":[1,1,1,1,1,1,1,1,1,1,1,1,1,1,1,1,1,1,1,1,1,1],"card_choices":[{"not_picked":["theMarked:ShockingTouch","theMarked:ElectricStrings"],"picked":"theMarked:EnhancedHearing","floor":1},{"not_picked":["theMarked:Frustration","theMarked:ElectricStrings","theMarked:RepellingDischarge"],"picked":"theMarked:EmpowerWeapon","floor":3},{"not_picked":["theMarked:ChainLightning","theMarked:ResourceFulStrike","theMarked:HeightenedSenses"],"picked":"theMarked:Electrocute","floor":4},{"not_picked":["theMarked:ElectricStrings","theMarked:HeightenedSenses","theMarked:Parkour"],"picked":"theMarked:GodGivenPower","floor":5},{"not_picked":["theMarked:RogueSparks","theMarked:WastefulDefense","theMarked:Static"],"picked":"theMarked:HeritageOfTheMarked","floor":7},{"not_picked":["theMarked:Reabsorb","theMarked:Defy","theMarked:TwofoldDefense"],"picked":"theMarked:WardOff","floor":8},{"not_picked":["theMarked:HeightenedSenses","theMarked:RepellingDischarge","theMarked:Parkour"],"picked":"theMarked:MysticalArsenal","floor":10},{"not_picked":["theMarked:GodGivenPower","theMarked:BanishingWave","theMarked:Defy"],"picked":"theMarked:BanishingStrike","floor":11},{"not_picked":["theMarked:TwofoldDefense","theMarked:SwordAndMagic","theMarked:Overthink"],"picked":"theMarked:WardOff","floor":12},{"not_picked":["theMarked:Panic","theMarked:HeightenedSenses","theMarked:Aftermath"],"picked":"theMarked:BanishingStrike","floor":13},{"not_picked":["theMarked:EmpowerWeapon","theMarked:ResourceFulStrike","theMarked:SwordAndMagic"],"picked":"theMarked:StartUp","floor":14},{"not_picked":["theMarked:ThrowWeapon","theMarked:MuscleMemory","theMarked:DispelDoubt"],"picked":"theMarked:SoldierForm","floor":16},{"not_picked":["theMarked:SwordAndMagic","theMarked:WardOff","theMarked:DeterminationOfTheMarked"],"picked":"theMarked:Seal+1","floor":18}],"player_experience":651692,"relics_obtained":[{"floor":1,"key":"Question Card"},{"floor":7,"key":"Dota2Spire:UrnOfShadows"},{"floor":11,"key":"Dota2Spire:ArmletOfMordiggian"},{"floor":13,"key":"wanderingMiniBosses:CarrionFlame"},{"floor":16,"key":"ImportantClient"}],"event_choices":[{"damage_healed":0,"gold_gain":0,"player_choice":"Damaged","damage_taken":0,"max_hp_gain":0,"max_hp_loss":0,"event_name":"Wheel of Change","floor":2,"gold_loss":0}],"is_beta":false,"boss_relics":[{"not_picked":["StuffTheSpire:Kangaroo","EE1DDrone"],"picked":"aspiration:PoetsPen_weak"}],"items_purged_floors":[],"is_endless":false,"potions_floor_spawned":[1,7,10,14],"killed_by":"3 Byrds","ascension_level":0}}