{"host":"ky7z67tg8zpdk0g7","time":1608483641,"event":{"mods":["BaseMod","Beaked The Cultist","Better Third Choice","CapriCore","Displayed Cursed Tome","Energized Spire","Fireblade Mod","Hubris","Lobotomy","LobotomyExtend","Minty Spire (QoL Compilation)","Replay The Spire","SOS???????","Shop Mod","StSLib","Td1madao Mod","The Dragon Tamer","The Hierophant","The Immortal","The Marked","The Necromancer","TheBandit","TheWitcher"],"gold_per_floor":[112,187,197,213,388,388,388,388,388,453,473,473,166,12,12,141,141,157,157,172,192,211,211,242,242,242,280,205,205,23,43,43,163,163,186,186,186,38,53,53,74,74,74],"floor_reached":42,"playtime":1716,"items_purged":["Doubt","hierophant:ChurchCoffers","Writhe","ReplayTheSpireMod:Trickstab"],"score":474,"play_id":"aa7f2b49-ea65-485b-b720-2ac4357f44d7","local_time":"20201221000041","is_ascension_mode":false,"campfire_choices":[{"data":"theMarked:Defy","floor":6,"key":"SMITH"},{"data":"theMarked:ComboAttacks","floor":8,"key":"SMITH"},{"data":"theMarked:RogueSparks","floor":12,"key":"SMITH"},{"data":"theMarked:Overcharge","floor":15,"key":"SMITH"},{"floor":23,"key":"REST"},{"floor":25,"key":"REST"},{"floor":29,"key":"REST"},{"data":"theMarked:TurnInvisible","floor":32,"key":"SMITH"},{"data":"theMarked:PowerFlow","floor":40,"key":"SMITH"}],"circlet_count":0,"master_deck":["theMarked:Strike","theMarked:Defend","theMarked:Defend","theMarked:Defend","theMarked:Defend","theMarked:SoldierOfQuellstein","Vigilance","theMarked:Defy+1","theMarked:HeightenedSenses","theMarked:Static","theMarked:ComboAttacks+1","theMarked:RogueSparks+1","theMarked:HeightenedSenses","theMarked:GodGivenPower","theMarked:Overcharge+1","theMarked:Reabsorb","theMarked:DispelDoubt","Hallucinations","hubris:Wrath","theMarked:TakeOffHeels","theMarked:Electrocute","theMarked:TurnInvisible+1","theMarked:TwofoldDefense","theMarked:PowerFlow+1","theMarked:MagicAdept","ReplayTheSpireMod:IOU","ReplayTheSpireMod:IOU","theMarked:Static","theMarked:Levitate","theMarked:Panic+1","theMarked:ChannelForce+1","theMarked:Polarize+1","theMarked:SoldierOfQuellstein","theMarked:HeightenedSenses+1","theMarked:FavorableWinds"],"relics":["theMarked:ArtifactOfAir","LetterFromLob","Golden Idol","Garlic","Potion Belt","Membership Card","Replay:Wax Seal","Replay:Ancient Bell","MealTicket","Quantum Egg","Ginger","Shuriken","Bottled Tornado","Juzu Bracelet","theMarked:Winder","Oddly Smooth Stone","ReplayTheSpireMod:TigerMarble","Astrolabe","hubris:Towel","Lee\u0027s Waffle"],"acts_visited":["Exordium","TheCity","TheBeyond"],"potions_floor_usage":[16,16,21,24,24,33,33,35],"damage_taken":[{"damage":0,"enemies":"2 Louse","floor":1,"turns":1},{"damage":10,"enemies":"Small Slimes","floor":3,"turns":4},{"damage":2,"enemies":"Jaw Worm","floor":4,"turns":4},{"damage":3,"enemies":"Looter","floor":11,"turns":3},{"damage":13,"enemies":"Fading Forest","floor":16,"turns":11},{"damage":18,"enemies":"Spheric Guardian","floor":18,"turns":4},{"damage":18,"enemies":"Shell Parasite","floor":20,"turns":4},{"damage":6,"enemies":"Chosen and Byrds","floor":21,"turns":6},{"damage":15,"enemies":"Snake Plant","floor":22,"turns":3},{"damage":26,"enemies":"Slavers","floor":24,"turns":4},{"damage":7,"enemies":"Gremlin Leader","floor":27,"turns":5},{"damage":10,"enemies":"Centurion and Healer","floor":31,"turns":3},{"damage":25,"enemies":"Champ","floor":33,"turns":6},{"damage":31,"enemies":"3 Darklings","floor":35,"turns":7},{"damage":11,"enemies":"Orb Walker","floor":39,"turns":3},{"damage":33,"enemies":"Spire Growth","floor":41,"turns":4},{"damage":34,"enemies":"Reptomancer","floor":42,"turns":4}],"seed_played":"793982895355912813","potions_obtained":[{"floor":10,"key":"Dexterity Potion"},{"floor":16,"key":"Strength Potion"},{"floor":20,"key":"Energy Potion"},{"floor":21,"key":"Death Potion"},{"floor":33,"key":"Ancient Potion"},{"floor":41,"key":"BlessingOfTheForge"}],"is_trial":false,"path_per_floor":["M","?","M","M","?","R","?","R","T","?","M","R","$","$","R","B",null,"M","?","M","M","M","R","E","R","T","E","?","R","$","M","R","B",null,"M","?","?","$","M","R","M","E"],"character_chosen":"THE_DEFAULT","items_purchased":["Membership Card","theMarked:GodGivenPower","theMarked:Overcharge","theMarked:Reabsorb","Replay:Wax Seal","Regen Potion","Swift Potion","theMarked:Winder","theMarked:MagicAdept","Oddly Smooth Stone","ReplayTheSpireMod:TigerMarble","Energy Potion","SkillPotion","Lee\u0027s Waffle"],"campfire_rested":3,"item_purchase_floors":[13,13,13,13,14,14,14,30,30,30,30,30,30,38],"current_hp_per_floor":[70,59,49,47,47,47,47,47,47,21,18,18,18,18,18,20,65,47,47,29,23,8,27,1,20,20,13,13,32,47,37,37,12,65,34,34,34,72,61,61,28,0,0],"gold":74,"neow_bonus":"THREE_RARE_CARDS","is_daily":false,"chose_seed":false,"campfire_upgraded":6,"win_rate":0.0,"timestamp":1608483641,"path_taken":["M","?","M","M","?","R","?","R","T","?","M","R","?","$","R","BOSS","M","?","M","?","M","R","E","R","T","E","?","R","$","M","R","BOSS","M","?","?","$","M","R","M","E"],"items_purchased_type":["Relic","Card","Card","Card","Relic","Potion","Potion","Relic","Card","Relic","Relic","Potion","Potion","Relic"],"build_version":"2020-12-13","purchased_purges":4,"victory":false,"max_hp_per_floor":[70,70,70,70,70,70,65,65,65,65,65,65,65,65,65,65,65,65,65,65,65,65,65,65,65,65,65,65,65,65,65,65,65,65,65,65,65,72,72,72,72,72,72],"card_choices":[{"not_picked":["theMarked:UnarmedFury","theMarked:TakeOffHeels"],"picked":"theMarked:Defy","floor":0},{"not_picked":["theMarked:ResourceFulStrike","theMarked:Parkour"],"picked":"theMarked:HeightenedSenses","floor":1},{"not_picked":["theMarked:Aftermath","theMarked:Frustration"],"picked":"theMarked:Static","floor":3},{"not_picked":["theMarked:Parkour","theMarked:BanishingStrike"],"picked":"theMarked:ComboAttacks","floor":4},{"not_picked":["theMarked:ShockingTouch","theMarked:ContemptForTheProud"],"picked":"theMarked:RogueSparks","floor":10},{"not_picked":["theMarked:Panic","theMarked:BanishingStrike"],"picked":"theMarked:HeightenedSenses","floor":11},{"not_picked":["theMarked:SoldierForm","theMarked:UnarmedFury"],"picked":"theMarked:DispelDoubt","floor":16},{"not_picked":["SnafuTest:CurseDisclosure","hubris:Compulsion"],"picked":"Hallucinations","floor":17},{"not_picked":["ReplayTheSpireMod:Restless Dread","Regret"],"picked":"Writhe","floor":17},{"not_picked":["hubris:Envy","ReplayTheSpireMod:Compounding Headache"],"picked":"hubris:Wrath","floor":17},{"not_picked":["theMarked:WardOff","theMarked:Parkour","theMarked:TakeCover"],"picked":"SKIP","floor":18},{"not_picked":["theMarked:WastefulAttack","theMarked:Panic","theMarked:ContemptForTheProud"],"picked":"SKIP","floor":20},{"not_picked":["theMarked:ComboAttacks","theMarked:Panic"],"picked":"theMarked:Electrocute","floor":21},{"not_picked":["theMarked:Polarize","theMarked:ResourceFulStrike"],"picked":"theMarked:TurnInvisible","floor":22},{"not_picked":["theMarked:WastefulDefense+1","theMarked:ResourceFulStrike"],"picked":"theMarked:TwofoldDefense","floor":24},{"not_picked":["theMarked:WastefulAttack+1","theMarked:Convert"],"picked":"theMarked:PowerFlow","floor":27},{"not_picked":["theMarked:RogueSparks","theMarked:ReduceFriction"],"picked":"theMarked:Static","floor":31},{"not_picked":["theMarked:BindingBlade","theMarked:ChannelForce"],"picked":"theMarked:Levitate","floor":33},{"not_picked":["theMarked:WastefulAttack+1","theMarked:ElectricStrings","theMarked:RogueSparks"],"picked":"SKIP","floor":35},{"not_picked":["theMarked:SwordAndMagic+1","theMarked:Opportunist"],"picked":"theMarked:HeightenedSenses+1","floor":39},{"not_picked":["theMarked:TwofoldDefense+1","theMarked:Frustration"],"picked":"theMarked:FavorableWinds","floor":41}],"player_experience":282192,"relics_obtained":[{"floor":1,"key":"LetterFromLob"},{"floor":9,"key":"Garlic"},{"floor":10,"key":"Potion Belt"},{"floor":24,"key":"Shuriken"},{"floor":26,"key":"Bottled Tornado"},{"floor":27,"key":"Juzu Bracelet"}],"event_choices":[{"damage_healed":0,"gold_gain":75,"player_choice":"Gold","damage_taken":11,"max_hp_gain":0,"max_hp_loss":0,"event_name":"betterThird:BetterGoop","floor":2,"gold_loss":0},{"damage_healed":0,"gold_gain":175,"player_choice":"AGREE","damage_taken":213,"max_hp_gain":0,"max_hp_loss":0,"event_name":"betterThird:BetterSerpent","floor":5,"gold_loss":0},{"damage_healed":0,"gold_gain":0,"player_choice":"Lose Max HP","damage_taken":0,"relics_obtained":["Golden Idol"],"max_hp_gain":0,"max_hp_loss":5,"event_name":"Golden Idol","floor":7,"gold_loss":0},{"damage_healed":0,"gold_gain":0,"player_choice":"2 cards matched","damage_taken":0,"max_hp_gain":0,"max_hp_loss":0,"event_name":"Match and Keep!","floor":19,"gold_loss":0,"cards_obtained":["theMarked:TakeOffHeels","ReplayTheSpireMod:Trickstab"]},{"cards_removed":["theMarked:Strike"],"damage_healed":0,"gold_gain":0,"player_choice":"Gave Gold","damage_taken":0,"max_hp_gain":0,"max_hp_loss":0,"event_name":"Beggar","floor":28,"gold_loss":75},{"damage_healed":0,"gold_gain":0,"player_choice":"1 cards matched","damage_taken":0,"max_hp_gain":0,"max_hp_loss":0,"event_name":"Match and Keep!","floor":37,"gold_loss":0,"cards_obtained":["theMarked:SoldierOfQuellstein"]}],"is_beta":false,"boss_relics":[{"not_picked":["energizedSpire:SpiderWeb","Fusion Hammer"],"picked":"Replay:Ancient Bell"},{"not_picked":["Blood Vial","Replay:Baseball"],"picked":"MealTicket"},{"not_picked":["Sundial","beaked:ShinyBauble"],"picked":"Quantum Egg"},{"not_picked":["Pocketwatch","Calipers"],"picked":"Ginger"},{"not_picked":["energizedSpire:RedRose","Coffee Dripper"],"picked":"Astrolabe"}],"items_purged_floors":[13,14,30,38],"is_endless":false,"potions_floor_spawned":[16,20,21,33,41],"killed_by":"Reptomancer","ascension_level":0}}