{"host":"f14d6hm2349s9jse","time":1608481911,"event":{"mods":["2.2 Compatiblity","BaseMod","Minty Spire (QoL Compilation)","StSLib","The Marked"],"gold_per_floor":[112,112,122,138,313,340,340,340,340,358,372,386,386,405,405,500,500,512,522,572,590,610,610,610],"floor_reached":23,"playtime":1864,"items_purged":[],"score":197,"play_id":"2c88d443-9426-4ca6-a0f2-045c9cdac0c1","local_time":"20201220113151","is_ascension_mode":false,"campfire_choices":[{"floor":13,"key":"REST"},{"floor":15,"key":"REST"}],"circlet_count":0,"master_deck":["theMarked:SoldierOfQuellstein","theMarked:Opportunist","theMarked:EmpowerWeapon+1","theMarked:Parkour","theMarked:ComboAttacks","theMarked:SummonStrength","theMarked:StartUp","theMarked:EmpowerWeapon","theMarked:TakeCover","theMarked:SoldierForm","theMarked:Snap","theMarked:WastefulDefense","theMarked:ReduceFriction","theMarked:SoldierForm","theMarked:KeepCalmAndFightOn","theMarked:ElectricStrings","theMarked:PowerFlow","theMarked:TakeCover","theMarked:Opportunist","theMarked:LightningStrikesTwice+1","theMarked:TakeCover"],"relics":["theMarked:ArtifactOfAir","Singing Bowl","TungstenRod","Pantograph","Pandora\u0027s Box"],"acts_visited":["Exordium","TheCity"],"potions_floor_usage":[11,16,16,22,22,22,23],"damage_taken":[{"damage":1,"enemies":"Jaw Worm","floor":1,"turns":4},{"damage":2,"enemies":"Small Slimes","floor":3,"turns":3},{"damage":0,"enemies":"Cultist","floor":4,"turns":3},{"damage":27,"enemies":"Lagavulin","floor":6,"turns":8},{"damage":6,"enemies":"Blue Slaver","floor":10,"turns":4},{"damage":4,"enemies":"Gremlin Gang","floor":11,"turns":4},{"damage":5,"enemies":"Exordium Wildlife","floor":12,"turns":3},{"damage":0,"enemies":"Blue Slaver","floor":14,"turns":5},{"damage":8,"enemies":"Slime Boss","floor":16,"turns":9},{"damage":9,"enemies":"Spheric Guardian","floor":18,"turns":3},{"damage":9,"enemies":"Shell Parasite","floor":19,"turns":8},{"damage":13,"enemies":"Cultist and Chosen","floor":21,"turns":6},{"damage":23,"enemies":"3 Cultists","floor":22,"turns":5},{"damage":24,"enemies":"Book of Stabbing","floor":23,"turns":5}],"seed_played":"735408754632896607","potions_obtained":[{"floor":4,"key":"Energy Potion"},{"floor":12,"key":"DistilledChaos"},{"floor":14,"key":"EntropicBrew"},{"floor":16,"key":"BlessingOfTheForge"},{"floor":18,"key":"LiquidMemories"},{"floor":22,"key":"Strength Potion"}],"is_trial":false,"path_per_floor":["M","?","M","M","?","E","?","?","T","M","M","M","R","M","R","B",null,"M","M","?","M","M","E"],"character_chosen":"THE_DEFAULT","items_purchased":[],"campfire_rested":2,"item_purchase_floors":[],"current_hp_per_floor":[69,55,53,53,53,26,23,17,17,11,7,2,23,23,44,61,70,63,54,54,41,18,0,0],"gold":610,"neow_bonus":"TRANSFORM_CARD","is_daily":false,"chose_seed":false,"campfire_upgraded":0,"win_rate":0.0,"timestamp":1608481911,"path_taken":["M","?","M","M","?","E","?","?","T","M","M","?","R","M","R","BOSS","M","?","?","?","M","E"],"items_purchased_type":[],"build_version":"2020-12-13","purchased_purges":0,"victory":false,"max_hp_per_floor":[70,70,70,70,70,70,70,70,70,70,70,70,70,70,70,70,70,72,72,72,72,72,72,72],"card_choices":[{"not_picked":["theMarked:RepellingDischarge","theMarked:ChainLightning"],"picked":"theMarked:EmpowerWeapon","floor":1},{"not_picked":["theMarked:RepellingDischarge","theMarked:Static"],"picked":"theMarked:Parkour","floor":3},{"not_picked":["theMarked:RepellingDischarge","theMarked:Improvise","theMarked:HeightenedSenses"],"picked":"SKIP","floor":4},{"not_picked":["theMarked:ResourceFulStrike","theMarked:Aftermath"],"picked":"theMarked:ComboAttacks","floor":6},{"not_picked":["theMarked:ElectricStrings","theMarked:StartUp"],"picked":"theMarked:SummonStrength","floor":10},{"not_picked":["theMarked:RepellingDischarge","theMarked:HeightenedSenses"],"picked":"theMarked:StartUp","floor":11},{"not_picked":["theMarked:ContemptForTheProud","theMarked:Convert"],"picked":"theMarked:EmpowerWeapon","floor":12},{"not_picked":["theMarked:ContemptForTheProud","theMarked:Parkour"],"picked":"theMarked:TakeCover","floor":14},{"not_picked":["theMarked:Challenge","theMarked:EternalStudent"],"picked":"theMarked:SoldierForm","floor":16},{"not_picked":["theMarked:Static+1","theMarked:Frustration","theMarked:WastefulAttack"],"picked":"Singing Bowl","floor":18},{"not_picked":["theMarked:ContemptForTheProud","theMarked:Aftermath"],"picked":"theMarked:Opportunist","floor":19},{"not_picked":["theMarked:EmpowerWeapon+1","theMarked:Seal"],"picked":"theMarked:LightningStrikesTwice+1","floor":21},{"not_picked":["theMarked:EmpowerWeapon","theMarked:Electrocute"],"picked":"theMarked:TakeCover","floor":22}],"player_experience":2466101,"relics_obtained":[{"floor":6,"key":"Singing Bowl"},{"floor":9,"key":"Pantograph"}],"event_choices":[{"damage_healed":0,"gold_gain":0,"player_choice":"Entered Light","damage_taken":14,"max_hp_gain":0,"max_hp_loss":0,"event_name":"Shining Light","floor":2,"gold_loss":0,"cards_upgraded":["theMarked:EmpowerWeapon","theMarked:Defend"]},{"damage_healed":0,"gold_gain":175,"player_choice":"AGREE","damage_taken":0,"max_hp_gain":0,"max_hp_loss":0,"event_name":"Liars Game","floor":5,"gold_loss":0,"cards_obtained":["Doubt"]},{"damage_healed":0,"gold_gain":0,"player_choice":"Success","damage_taken":3,"relics_obtained":["TungstenRod"],"max_hp_gain":0,"max_hp_loss":0,"event_name":"Scrap Ooze","floor":7,"gold_loss":0},{"cards_removed":["Doubt"],"damage_healed":0,"gold_gain":0,"player_choice":"Card Removal","damage_taken":7,"max_hp_gain":0,"max_hp_loss":0,"event_name":"Golden Wing","floor":8,"gold_loss":0},{"damage_healed":0,"gold_gain":100,"player_choice":"Bet on Murderer","damage_taken":0,"max_hp_gain":0,"max_hp_loss":0,"event_name":"The Joust","floor":20,"gold_loss":50}],"is_beta":false,"boss_relics":[{"not_picked":["SacredBark","Tiny House"],"picked":"Pandora\u0027s Box"}],"items_purged_floors":[],"is_endless":false,"potions_floor_spawned":[4,12,14,16,18,21,22],"killed_by":"Book of Stabbing","ascension_level":0}}