{"host":"cz3p2o9n3b1gdmkz","time":1608483893,"event":{"mods":["AchievementEnabler","BaseMod","CapriCore","GungeonMod","Hermit","Lobotomy","Minty Spire (QoL Compilation)","Replay The Spire","Shop Mod","StSLib","SuperFastMode","The Cursed","The Dragon Tamer","The Gatherer","The Jungle","The Poker Player","The Runesmith"],"gold_per_floor":[109,259,284,294,310,310,335,16,16,27,27,27,27,43,61,74,74,145,145,165,165,199,219,219,219,250,250,250,61,74,87,87,118,118,194,194,209,209,224,224,59,87,87,155,155,155,174,174,206,225,225,225,225],"floor_reached":54,"playtime":1961,"items_purged":[],"score":2022,"play_id":"97286767-fed6-4f2d-aaa7-a9209ddcea14","local_time":"20201221020453","is_ascension_mode":true,"campfire_choices":[{"floor":6.0,"key":"REST"},{"floor":17.0,"key":"DIG"},{"floor":25.0,"key":"REST"},{"data":"hermit:Maintenance","floor":27.0,"key":"SMITH"},{"floor":43.0,"key":"REST"},{"data":"Transmutation","floor":46.0,"key":"SMITH"},{"floor":51,"key":"REST"}],"circlet_count":0,"master_deck":["AscendersBane","hermit:Strike_Hermit","hermit:Strike_Hermit","hermit:Strike_Hermit+1","hermit:Defend_Hermit","hermit:Defend_Hermit","hermit:Defend_Hermit","hermit:Defend_Hermit","hermit:Snapshot","hermit:Covet","CommonCold","Doubt","hermit:CursedWeapon","hermit:Roughhouse","hermit:Deadeye","hermit:Ricochet","hermit:Maintenance+1","hermit:Misfire","Decay","hermit:Maintenance+1","CommonCold","hermit:Brawl","hermit:FinalCanter","hermit:Misfire","Dramatic Entrance","Replay:BasicMightCard","Transmutation+1"],"relics":["hermit:Momento","DemoMod:PartiallyEatenCheese","DemoMod:ClearGuonStone","DemoMod:Antibody","DemoMod:MeatBun","Mirror","Blue Doll","DemoMod:RiddleOfLead","Ring of Misfortune","Red Mask","Pet Ghost","Bottled Lightning","Lee\u0027s Waffle","Omamori","Torii","Cursed Key","PreservedInsect","Anchor","Frozen Egg 2","Mercury Hourglass","Pen Nib"],"acts_visited":["Exordium","TheCity","TheBeyond"],"potions_floor_usage":[52,52],"damage_taken":[{"damage":12.0,"enemies":"Small Slimes","floor":1.0,"turns":4.0},{"damage":10.0,"enemies":"Jaw Worm","floor":4.0,"turns":5.0},{"damage":10.0,"enemies":"2 Louse","floor":5.0,"turns":2.0},{"damage":0.0,"enemies":"Gremlin Nob","floor":7.0,"turns":2.0},{"damage":0.0,"enemies":"Exordium Thugs","floor":10.0,"turns":1.0},{"damage":0.0,"enemies":"2 Fungi Beasts","floor":14.0,"turns":3.0},{"damage":0.0,"enemies":"Blue Slaver","floor":15.0,"turns":1.0},{"damage":0.0,"enemies":"Looter","floor":16.0,"turns":2.0},{"damage":13.0,"enemies":"The Guardian","floor":18.0,"turns":12.0},{"damage":9.0,"enemies":"Chosen","floor":20.0,"turns":4.0},{"damage":38.0,"enemies":"Masked Bandits","floor":22.0,"turns":6.0},{"damage":0.0,"enemies":"Shell Parasite","floor":23.0,"turns":4.0},{"damage":84.0,"enemies":"Gremlin Leader","floor":26.0,"turns":11.0},{"damage":5.0,"enemies":"Shelled Parasite and Fungi","floor":30.0,"turns":6.0},{"damage":0.0,"enemies":"Snecko","floor":31.0,"turns":4.0},{"damage":0.0,"enemies":"Slavers","floor":33.0,"turns":7.0},{"damage":19.0,"enemies":"Pondfish","floor":35.0,"turns":8.0},{"damage":0.0,"enemies":"Orb Walker","floor":37.0,"turns":4.0},{"damage":2.0,"enemies":"3 Darklings","floor":39.0,"turns":6.0},{"damage":19.0,"enemies":"R_Hoarder","floor":42.0,"turns":6.0},{"damage":7.0,"enemies":"Writhing Mass","floor":47.0,"turns":4.0},{"damage":0,"enemies":"Reptomancer","floor":49,"turns":1},{"damage":10,"enemies":"Spire Growth","floor":50,"turns":4},{"damage":69,"enemies":"Awakened One","floor":52,"turns":18}],"seed_played":"7835053416960432868","potions_obtained":[{"floor":5.0,"key":"Strength Potion"},{"floor":15.0,"key":"ColorlessPotion"},{"floor":16.0,"key":"FairyPotion"},{"floor":18.0,"key":"Weak Potion"},{"floor":20.0,"key":"Reflective Coating"},{"floor":30.0,"key":"Adrenaline Potion"},{"floor":31.0,"key":"DistilledChaos"},{"floor":37.0,"key":"Weak Potion"},{"floor":39.0,"key":"SkillPotion"},{"floor":49,"key":"Elixir"}],"is_trial":false,"path_per_floor":["M","?","T","M","M","R","E","$","T","M","?","PTL","PTL","M","M","M","R","B",null,"M","?","?","M","?","R","E","R","T","$","M","M","?","E","R","B",null,"M","?","M","?","$","E","R","T","T","R","M","?","E","M","R","B",null,null],"character_chosen":"HERMIT","items_purchased":["DemoMod:MeatBun","hermit:Roughhouse","Lee\u0027s Waffle","hermit:Maintenance","PreservedInsect"],"campfire_rested":4,"item_purchase_floors":[8,8,29,29,41],"current_hp_per_floor":[52,52,52,42,32,53,53,71,71,71,71,71,71,71,71,71,71,58,81,72,72,34,34,34,58,22,22,22,88,83,83,83,83,88,69,88,88,75,73,63,63,44,70,70,70,70,63,63,63,53,79,10,10],"gold":225,"neow_bonus":"ONE_RARE_RELIC","is_daily":false,"chose_seed":false,"campfire_upgraded":2,"win_rate":0.0,"timestamp":1608483893,"path_taken":["M","?","?","M","M","R","E","$","T","M","?","PTL","PTL","M","M","M","R","BOSS","M","?","?","?","?","R","E","R","T","$","M","M","?","E","R","BOSS","M","?","?","?","$","E","R","?","T","R","?","?","E","M","R","BOSS"],"items_purchased_type":["Relic","Card","Relic","Card","Relic"],"build_version":"2020-12-13","purchased_purges":0,"victory":true,"max_hp_per_floor":[71,71,71,71,71,71,71,71,71,71,71,71,71,71,71,71,71,71,81,81,81,81,81,81,81,81,81,81,88,88,88,88,88,88,88,88,88,88,88,88,88,88,88,88,88,88,88,88,88,88,88,88,88],"card_choices":[{"not_picked":["hermit:WideOpen","hermit:Snipe","hermit:CalledShot"],"picked":"SKIP","floor":1.0},{"not_picked":["hermit:CalledShot","hermit:Headshot"],"picked":"hermit:CursedWeapon","floor":4.0},{"not_picked":["hermit:EyeOfTheStorm","hermit:Feint","hermit:EternalForm"],"picked":"SKIP","floor":5.0},{"not_picked":["hermit:HighCaliber","hermit:Showdown","hermit:Roulette"],"picked":"SKIP","floor":7.0},{"not_picked":["hermit:HighCaliber","hermit:Coalescence"],"picked":"hermit:Deadeye","floor":10.0},{"not_picked":["hermit:OverwhelmingPower","hermit:Glare"],"picked":"hermit:Ricochet","floor":14.0},{"not_picked":["hermit:Roulette","hermit:HoleUp"],"picked":"hermit:Maintenance","floor":15.0},{"not_picked":["hermit:SprayPray","hermit:Snipe","hermit:Glare"],"picked":"SKIP","floor":16.0},{"not_picked":["hermit:ItchyTrigger","hermit:HighCaliber","hermit:CalledShot"],"picked":"SKIP","floor":20.0},{"not_picked":["hermit:Coalescence","hermit:EyeOfTheStorm"],"picked":"hermit:Misfire","floor":22.0},{"not_picked":["hermit:DeadMansHand","hermit:Scavenge","hermit:Vantage"],"picked":"SKIP","floor":23.0},{"not_picked":["hermit:ItchyTrigger","hermit:CursedWeapon","hermit:LoneWolf"],"picked":"SKIP","floor":26.0},{"not_picked":["hermit:Headshot","hermit:Quickdraw","hermit:HighCaliber"],"picked":"SKIP","floor":30.0},{"not_picked":["hermit:Scavenge","hermit:TrackingShot","hermit:Spite"],"picked":"SKIP","floor":31.0},{"not_picked":["hermit:Gestalt","hermit:Glare","hermit:Brawl"],"picked":"SKIP","floor":33.0},{"not_picked":["hermit:Gestalt","hermit:Glare"],"picked":"hermit:Brawl","floor":33.0},{"not_picked":["hermit:Purgatory","hermit:Magnum"],"picked":"hermit:FinalCanter","floor":35.0},{"not_picked":["hermit:PistolWhip","hermit:Vantage","hermit:Enervate"],"picked":"SKIP","floor":37.0},{"not_picked":["hermit:Cheat","hermit:CalledShot"],"picked":"hermit:Misfire","floor":39.0},{"not_picked":["DemoMod:Spice","Jack Of All Trades"],"picked":"Dramatic Entrance","floor":40.0},{"not_picked":["Poisoned Strike","Good Instincts"],"picked":"Replay:BasicMightCard","floor":40.0},{"not_picked":["Good Instincts","Sadistic Nature"],"picked":"Transmutation","floor":40.0},{"not_picked":["hermit:WideOpen","hermit:LowProfile+1","hermit:HoleUp"],"picked":"SKIP","floor":42.0},{"not_picked":["hermit:Gestalt","hermit:GoldenBullet","hermit:Headshot"],"picked":"SKIP","floor":47.0},{"not_picked":["hermit:Headshot","hermit:GoldenBullet","hermit:Dive+1"],"picked":"SKIP","floor":49},{"not_picked":["hermit:Headshot+1","hermit:Dive","hermit:Gestalt"],"picked":"SKIP","floor":50}],"player_experience":998532,"relics_obtained":[{"floor":3.0,"key":"DemoMod:ClearGuonStone"},{"floor":7.0,"key":"DemoMod:Antibody"},{"floor":9.0,"key":"Mirror"},{"floor":17.0,"key":"Blue Doll"},{"floor":21.0,"key":"Ring of Misfortune"},{"floor":22.0,"key":"Red Mask"},{"floor":26.0,"key":"Pet Ghost"},{"floor":28.0,"key":"Bottled Lightning"},{"floor":33.0,"key":"Torii"},{"floor":42.0,"key":"Anchor"},{"floor":44.0,"key":"Frozen Egg 2"},{"floor":45.0,"key":"Mercury Hourglass"},{"floor":49,"key":"Pen Nib"}],"event_choices":[{"damage_healed":0.0,"max_hp_gain":0.0,"max_hp_loss":0.0,"gold_gain":150.0,"event_name":"Liars Game","player_choice":"AGREE","floor":2.0,"gold_loss":0.0,"damage_taken":0.0,"cards_obtained":["Doubt"]},{"damage_healed":0.0,"max_hp_gain":0.0,"max_hp_loss":0.0,"gold_gain":0.0,"event_name":"Masked Bandits","player_choice":"Fought Bandits","floor":22.0,"gold_loss":0.0,"damage_taken":0.0},{"damage_healed":0.0,"max_hp_gain":0.0,"max_hp_loss":0.0,"gold_gain":0.0,"event_name":"Forgotten Altar","player_choice":"Smashed Altar","floor":24.0,"gold_loss":0.0,"damage_taken":0.0,"cards_obtained":["Decay"]},{"damage_healed":0.0,"max_hp_gain":0.0,"max_hp_loss":0.0,"gold_gain":0.0,"event_name":"Wheel of Change","player_choice":"Damaged","floor":38.0,"gold_loss":0.0,"damage_taken":13.0},{"damage_healed":0.0,"max_hp_gain":0.0,"max_hp_loss":0.0,"gold_gain":0.0,"event_name":"SensoryStone","player_choice":"Memory 3","floor":40.0,"gold_loss":0.0,"damage_taken":10.0},{"cards_removed":["hermit:Strike_Hermit"],"damage_healed":0.0,"max_hp_gain":0.0,"max_hp_loss":0.0,"gold_gain":0.0,"event_name":"Falling","player_choice":"Removed Attack","floor":48.0,"gold_loss":0.0,"damage_taken":0.0}],"is_beta":false,"boss_relics":[{"not_picked":["ReplayTheSpireMod:DimensionalGlitch","Sozu"],"picked":"DemoMod:RiddleOfLead"},{"not_picked":["SlaversCollar","Runesmith:UraniumAnvil"],"picked":"Cursed Key"}],"items_purged_floors":[],"is_endless":false,"potions_floor_spawned":[5,15,16,18,20,30,31,37,39,49],"ascension_level":18}}