{"host":"q9718omregw4er46","time":1608495413,"event":{"mods":["BaseMod","Bestiary","Colored Powertips","Minty Spire (QoL Compilation)","Quick Restart","Relic Stats"],"gold_per_floor":[11,24,35,55,55,81,81,81,160,160,174,186,186,214,214,286,286,306,316,332,257,257,289,289,318,318,349,378,378,412,431,431,508,508,528,20,34,47,61,88,0,25,25,25,60,60,95,121,121,121,121,121,7,38,38,38],"floor_reached":55,"playtime":2396,"items_purged":["Strike_R","Strike_R"],"score":1800,"play_id":"8494dac3-e71b-4ac3-9e86-dd5f3ee829d0","local_time":"20201221011653","is_ascension_mode":true,"campfire_choices":[{"data":"Bash","floor":7.0,"key":"SMITH"},{"data":"Whirlwind","floor":10.0,"key":"SMITH"},{"data":"Fiend Fire","floor":13.0,"key":"SMITH"},{"floor":15.0,"key":"REST"},{"data":"Clothesline","floor":24.0,"key":"SMITH"},{"data":"Immolate","floor":29.0,"key":"SMITH"},{"data":"Demon Form","floor":32.0,"key":"SMITH"},{"floor":44.0,"key":"RECALL"},{"data":"Demon Form","floor":46.0,"key":"SMITH"},{"data":"Feel No Pain","floor":49.0,"key":"SMITH"},{"data":"Feel No Pain","floor":52.0,"key":"SMITH"}],"circlet_count":0,"master_deck":["AscendersBane","Strike_R","Strike_R","Defend_R","Defend_R","Defend_R","Defend_R","Bash+1","Master of Strategy","Clothesline+1","Whirlwind+1","Ghostly Armor","Fiend Fire+1","Feel No Pain+1","Offering","Thunderclap+1","Blood for Blood+1","Spot Weakness","Immolate+1","Shockwave","Demon Form+1","Demon Form+1","Feel No Pain+1","Evolve","Feel No Pain","Exhume","Fiend Fire","Shrug It Off+1"],"relics":["Burning Blood","WingedGreaves","Matryoshka","Snecko Eye","Nloth\u0027s Gift","Darkstone Periapt","Blood Vial","Red Skull","Bag of Preparation","Boot","Omamori","Art of War","Cursed Key","Bird Faced Urn","Ancient Tea Set","Red Mask","InkBottle","Juzu Bracelet","Vajra","Gremlin Horn","Letter Opener","Incense Burner"],"acts_visited":["Exordium","TheCity","TheBeyond","TheEnding"],"potions_floor_usage":[55],"damage_taken":[{"damage":2.0,"enemies":"Jaw Worm","floor":1.0,"turns":6.0},{"damage":3.0,"enemies":"Cultist","floor":2.0,"turns":4.0},{"damage":6.0,"enemies":"2 Louse","floor":3.0,"turns":3.0},{"damage":24.0,"enemies":"Exordium Wildlife","floor":4.0,"turns":5.0},{"damage":32.0,"enemies":"Gremlin Nob","floor":6.0,"turns":5.0},{"damage":23.0,"enemies":"Exordium Thugs","floor":11.0,"turns":5.0},{"damage":0.0,"enemies":"3 Louse","floor":12.0,"turns":2.0},{"damage":14.0,"enemies":"Lagavulin","floor":14.0,"turns":9.0},{"damage":25.0,"enemies":"The Guardian","floor":16.0,"turns":10.0},{"damage":12.0,"enemies":"3 Byrds","floor":18.0,"turns":5.0},{"damage":12.0,"enemies":"Shell Parasite","floor":19.0,"turns":2.0},{"damage":3.0,"enemies":"3 Cultists","floor":20.0,"turns":4.0},{"damage":8.0,"enemies":"Gremlin Leader","floor":23.0,"turns":5.0},{"damage":18.0,"enemies":"Book of Stabbing","floor":25.0,"turns":4.0},{"damage":6.0,"enemies":"Slavers","floor":27.0,"turns":1.0},{"damage":6.0,"enemies":"Book of Stabbing","floor":28.0,"turns":2.0},{"damage":14.0,"enemies":"Slavers","floor":30.0,"turns":2.0},{"damage":3.0,"enemies":"Snecko","floor":31.0,"turns":3.0},{"damage":26.0,"enemies":"Collector","floor":33.0,"turns":5.0},{"damage":0.0,"enemies":"Orb Walker","floor":35.0,"turns":1.0},{"damage":7.0,"enemies":"3 Darklings","floor":37.0,"turns":2.0},{"damage":6.0,"enemies":"Transient","floor":38.0,"turns":6.0},{"damage":0.0,"enemies":"Maw","floor":39.0,"turns":5.0},{"damage":26.0,"enemies":"Giant Head","floor":40.0,"turns":5.0},{"damage":15.0,"enemies":"Nemesis","floor":42.0,"turns":5.0},{"damage":9.0,"enemies":"Giant Head","floor":45.0,"turns":4.0},{"damage":44.0,"enemies":"Nemesis","floor":47.0,"turns":5.0},{"damage":3.0,"enemies":"Reptomancer","floor":48.0,"turns":3.0},{"damage":17.0,"enemies":"Time Eater","floor":50.0,"turns":5.0},{"damage":46.0,"enemies":"Shield and Spear","floor":54.0,"turns":3.0},{"damage":57,"enemies":"The Heart","floor":55,"turns":3}],"seed_played":"8787611422467800296","potions_obtained":[{"floor":2.0,"key":"Dexterity Potion"},{"floor":3.0,"key":"Block Potion"},{"floor":6.0,"key":"HeartOfIron"},{"floor":14.0,"key":"PowerPotion"},{"floor":18.0,"key":"LiquidMemories"},{"floor":20.0,"key":"Fruit Juice"},{"floor":25.0,"key":"BlessingOfTheForge"},{"floor":30.0,"key":"Explosive Potion"},{"floor":35.0,"key":"Explosive Potion"}],"is_trial":false,"path_per_floor":["M","M","M","M","$","E","R","?","T","R","M","M","R","E","R","B",null,"M","M","M","$","?","E","R","E","T","E","E","R","E","M","R","B",null,"M","$","M","M","M","E","?","E","T","R","E","R","E","E","R","B",null,"R","$","E","B"],"character_chosen":"IRONCLAD","items_purchased":["Feel No Pain","Bird Faced Urn","CultistPotion"],"campfire_rested":1,"item_purchase_floors":[36,36,53],"current_hp_per_floor":[72,75,75,57,57,31,31,31,31,31,14,20,20,12,34,15,60,54,48,51,51,51,49,49,42,42,44,46,46,40,45,45,27,67,75,75,79,80,80,66,66,71,71,71,80,80,45,62,62,65,76,76,76,46,0,0],"gold":38,"neow_bonus":"RANDOM_COLORLESS_2","is_daily":false,"chose_seed":false,"campfire_upgraded":9,"win_rate":0.0,"timestamp":1608495413,"path_taken":["M","M","M","M","$","E","R","?","T","R","M","M","R","E","R","BOSS","M","M","?","$","?","E","R","E","T","E","E","R","E","M","R","BOSS","M","?","M","M","M","E","?","E","T","R","E","R","E","E","R","BOSS","R","$","E","BOSS"],"items_purchased_type":["Card","Relic","Potion"],"build_version":"2020-12-13","purchased_purges":2,"victory":false,"max_hp_per_floor":[75,75,75,75,75,75,75,75,75,75,75,75,75,75,75,75,75,75,75,75,75,75,75,75,80,80,80,80,80,80,80,80,80,80,80,80,80,80,80,80,80,80,80,80,80,80,80,80,80,80,80,80,80,80,80,80],"relic_stats":{"Darkstone Periapt":0,"Gremlin Horn":[5,5],"counters":[31,129],"Bag of Preparation":[34],"Juzu Bracelet":0,"Letter Opener":[15],"Boot":[36],"Cursed Key":1,"Burning Blood":172,"Blood Vial":27,"Bird Faced Urn":[76],"Snecko Eye":[152,151,155,145],"Nloth\u0027s Gift":7,"Art of War":[6],"obtain_stats":[{"Darkstone Periapt":23,"Gremlin Horn":47,"Vajra":45,"Pen Nib":14,"Bag of Preparation":26,"Omamori":28,"Juzu Bracelet":43,"Incense Burner":54,"Letter Opener":48,"Boot":27,"Cursed Key":34,"Ancient Tea Set":40,"Burning Blood":0,"Blood Vial":25,"Matryoshka":9,"Bird Faced Urn":36,"Snecko Eye":17,"WingedGreaves":6,"Nloth\u0027s Gift":22,"Art of War":30,"Red Mask":41,"Red Skull":26,"InkBottle":42},{"Darkstone Periapt":13,"Gremlin Horn":27,"Vajra":26,"Pen Nib":8,"Bag of Preparation":14,"Omamori":16,"Juzu Bracelet":25,"Incense Burner":30,"Letter Opener":28,"Boot":15,"Cursed Key":19,"Ancient Tea Set":24,"Burning Blood":0,"Blood Vial":14,"Matryoshka":5,"Bird Faced Urn":20,"Snecko Eye":9,"WingedGreaves":5,"Nloth\u0027s Gift":12,"Art of War":17,"Red Mask":24,"Red Skull":14,"InkBottle":25},{"Darkstone Periapt":65,"Gremlin Horn":115,"Vajra":110,"Pen Nib":39,"Bag of Preparation":69,"Omamori":72,"Juzu Bracelet":106,"Incense Burner":126,"Letter Opener":118,"Boot":70,"Cursed Key":82,"Ancient Tea Set":101,"Burning Blood":0,"Blood Vial":69,"Matryoshka":23,"Bird Faced Urn":83,"Snecko Eye":49,"WingedGreaves":23,"Nloth\u0027s Gift":60,"Art of War":74,"Red Mask":101,"Red Skull":69,"InkBottle":106}],"InkBottle":[8]},"card_choices":[{"not_picked":["Thinking Ahead","Mayhem"],"picked":"Master of Strategy","floor":0.0},{"not_picked":["Bloodletting","Clash"],"picked":"Clothesline","floor":1.0},{"not_picked":["Perfected Strike","Infernal Blade"],"picked":"Whirlwind","floor":2.0},{"not_picked":["Sever Soul","Warcry"],"picked":"Ghostly Armor","floor":3.0},{"not_picked":["Feel No Pain","Wild Strike","Fire Breathing"],"picked":"SKIP","floor":4.0},{"not_picked":["Flex","Thunderclap"],"picked":"Fiend Fire","floor":6.0},{"not_picked":["Wild Strike","Clothesline","Clash"],"picked":"SKIP","floor":11.0},{"not_picked":["Clothesline","Pommel Strike"],"picked":"Feel No Pain","floor":12.0},{"not_picked":["Hemokinesis","Sentinel","Reckless Charge"],"picked":"SKIP","floor":14.0},{"not_picked":["Reaper","Limit Break"],"picked":"Offering","floor":16.0},{"not_picked":["Metallicize","Second Wind","Seeing Red"],"picked":"SKIP","floor":18.0},{"not_picked":["Headbutt","Anger"],"picked":"Thunderclap+1","floor":19.0},{"not_picked":["Flex","Intimidate+1"],"picked":"Blood for Blood+1","floor":20.0},{"not_picked":["Battle Trance","Infernal Blade"],"picked":"Spot Weakness","floor":23.0},{"not_picked":["Whirlwind","Searing Blow"],"picked":"Immolate","floor":25.0},{"not_picked":["Double Tap","Rupture"],"picked":"Shockwave","floor":27.0},{"not_picked":["Rage","Havoc+1","Clothesline"],"picked":"SKIP","floor":28.0},{"not_picked":["Intimidate","Dropkick","Whirlwind"],"picked":"SKIP","floor":30.0},{"not_picked":["Rage","Flex+1"],"picked":"Demon Form","floor":31.0},{"not_picked":["Double Tap","Barricade"],"picked":"Demon Form","floor":33.0},{"not_picked":["Armaments","Cleave+1","Headbutt"],"picked":"SKIP","floor":35.0},{"not_picked":["Clothesline+1","Havoc","Warcry"],"picked":"SKIP","floor":37.0},{"not_picked":["Clothesline+1","Havoc","Warcry"],"picked":"SKIP","floor":37.0},{"not_picked":["Combust","Havoc","Clash+1"],"picked":"SKIP","floor":38.0},{"not_picked":["Clothesline","Perfected Strike"],"picked":"Evolve","floor":39.0},{"not_picked":["Anger","Combust"],"picked":"Feel No Pain","floor":40.0},{"not_picked":["Immolate","Clash+1"],"picked":"Exhume","floor":42.0},{"not_picked":["Corruption","Clothesline"],"picked":"Fiend Fire","floor":45.0},{"not_picked":["Searing Blow","Body Slam+1","Uppercut"],"picked":"SKIP","floor":47.0},{"not_picked":["Whirlwind","Ghostly Armor","Heavy Blade+1"],"picked":"SKIP","floor":48.0},{"not_picked":["Havoc","Spot Weakness"],"picked":"Shrug It Off+1","floor":54.0}],"player_experience":1078142,"relics_obtained":[{"floor":6.0,"key":"WingedGreaves"},{"floor":9.0,"key":"Matryoshka"},{"floor":14.0,"key":"Pen Nib"},{"floor":23.0,"key":"Darkstone Periapt"},{"floor":25.0,"key":"Blood Vial"},{"floor":26.0,"key":"Red Skull"},{"floor":26.0,"key":"Bag of Preparation"},{"floor":27.0,"key":"Boot"},{"floor":28.0,"key":"Omamori"},{"floor":30.0,"key":"Art of War"},{"floor":40.0,"key":"Ancient Tea Set"},{"floor":42.0,"key":"InkBottle"},{"floor":43.0,"key":"Juzu Bracelet"},{"floor":45.0,"key":"Vajra"},{"floor":47.0,"key":"Gremlin Horn"},{"floor":48.0,"key":"Letter Opener"},{"floor":54.0,"key":"Incense Burner"}],"event_choices":[{"cards_removed":["Strike_R"],"damage_healed":0.0,"max_hp_gain":0.0,"max_hp_loss":0.0,"gold_gain":0.0,"event_name":"Wheel of Change","player_choice":"Card Removal","floor":8.0,"gold_loss":0.0,"damage_taken":0.0},{"damage_healed":0.0,"max_hp_gain":0.0,"max_hp_loss":0.0,"gold_gain":0.0,"event_name":"N\u0027loth","player_choice":"Traded Relic","floor":22.0,"relics_lost":["Pen Nib"],"gold_loss":0.0,"damage_taken":0.0,"relics_obtained":["Nloth\u0027s Gift"]},{"damage_healed":0.0,"max_hp_gain":0.0,"max_hp_loss":0.0,"gold_gain":0.0,"event_name":"Tomb of Lord Red Mask","player_choice":"Paid","floor":41.0,"gold_loss":88.0,"damage_taken":0.0,"relics_obtained":["Red Mask"]}],"is_beta":false,"boss_relics":[{"not_picked":["Sozu","Runic Pyramid"],"picked":"Snecko Eye"},{"not_picked":["Mark of Pain","Black Star"],"picked":"Cursed Key"}],"items_purged_floors":[21,36],"is_endless":false,"potions_floor_spawned":[2,3,6,11,14,18,20,25,28,30,35,40,42,45,54],"killed_by":"The Heart","ascension_level":19}}