{"host":"syse7109pvnv9ewm","time":1608488350,"event":{"mods":["Act Like it!","Aspiration","BaseMod","Beaked The Cultist","Better Altar","Better Match","Better Note","Better Sensory Stone","Better Skull","Better Third Choice","CCEM","Challenge The Spire","Colored Map","Conspire","Dio Mod","Elementarium","Energized Spire","Halation","Hallownest","Highlight Path","Hubris","Infinite Spire","Mad Scientist","Menagerie","Minty Spire (QoL Compilation)","Replay The Spire","Retaliation","Spicy Shops","StSLib","The Blue Laboratory","The Bug Knight","The Cursed","The Death Knight","The Disciple","The Factory","The Jungle","Thieving Mod"],"gold_per_floor":[113,131,56,56,72,72,99,99,181,181,193,193,208,155,155,155,155],"floor_reached":16,"playtime":1085,"items_purged":[],"score":100,"play_id":"a53b494e-5dd7-4a53-b500-41d5c18f15c2","local_time":"20201220191910","is_ascension_mode":false,"campfire_choices":[{"data":"SecondHand","floor":6,"key":"SMITH"},{"data":"LockedAnchor","floor":8,"key":"SMITH"},{"floor":12,"key":"REST"},{"floor":15,"key":"REST"}],"circlet_count":0,"master_deck":["Strike_Br","Strike_Br","Strike_Br","Strike_Br","Defend_Br","Defend_Br","Defend_Br","Defend_Br","SecondHand+1","PatternShift","ReapSow","BlueShift","PrimeTime+1","SlimeSpray","LockedAnchor+1","LockedScales","LockedAnchor","Engulf"],"relics":["Chronometer","aspiration:BabyByrd","aspiration:EmptySkull","Garlic","SpringShield","hubris:Reverence"],"acts_visited":["Exordium"],"potions_floor_usage":[],"damage_taken":[{"damage":0.0,"enemies":"Small Slimes","floor":1.0,"turns":5.0},{"damage":1.0,"enemies":"Cultist","floor":2.0,"turns":4.0},{"damage":2,"enemies":"conspire:RoseBush","floor":5,"turns":3},{"damage":31,"enemies":"3 Sentries","floor":7,"turns":7},{"damage":2,"enemies":"2 Fungi Beasts","floor":11,"turns":4},{"damage":4,"enemies":"Large Slime","floor":13,"turns":5},{"damage":25,"enemies":"The Guardian","floor":16,"turns":14}],"seed_played":"4838858666797943253","potions_obtained":[{"floor":1.0,"key":"SpeedPotion"},{"floor":5,"key":"blueLaboratory:HorrorPotion"},{"floor":13,"key":"blueLaboratory:BottleOfRum"}],"is_trial":false,"path_per_floor":["M","M","?","?","M","R","E","R","T","?","M","R","M","$","R","B"],"character_chosen":"CHRONO_CLASS","items_purchased":["Engulf"],"campfire_rested":2,"item_purchase_floors":[14],"current_hp_per_floor":[71,70,70,70,68,68,37,37,37,15,13,34,30,30,51,26,26],"gold":155,"neow_bonus":"TEN_PERCENT_HP_BONUS","is_daily":false,"chose_seed":false,"campfire_upgraded":2,"win_rate":0.0,"timestamp":1608488350,"path_taken":["M","M","?","?","M","R","E","R","T","?","M","R","M","$","R","BOSS"],"items_purchased_type":["Card"],"build_version":"2020-12-13","purchased_purges":0,"victory":false,"max_hp_per_floor":[71,71,71,71,71,71,71,71,71,71,71,71,71,71,71,71,71],"card_choices":[{"not_picked":["Break","Echoward"],"picked":"ReapSow","floor":1.0},{"not_picked":["LockedWarPaint","LockedScales"],"picked":"BlueShift","floor":2.0},{"not_picked":["LockedBlood+1","LockedScales+1"],"picked":"PrimeTime+1","floor":3.0},{"not_picked":["ReapSow","MasterKey"],"picked":"SlimeSpray","floor":5},{"not_picked":["DaylightSavings","BlueShift"],"picked":"LockedAnchor","floor":7},{"not_picked":["BlueShift","WindUp"],"picked":"LockedScales","floor":11},{"not_picked":["Backlash","EscortCommand"],"picked":"LockedAnchor","floor":13}],"player_experience":157493,"relics_obtained":[{"floor":7,"key":"aspiration:EmptySkull"},{"floor":9,"key":"Garlic"}],"event_choices":[{"damage_healed":0.0,"max_hp_gain":0.0,"max_hp_loss":0.0,"gold_gain":0.0,"event_name":"betterMatch:BetterMatch","player_choice":"2","floor":3.0,"gold_loss":0.0,"damage_taken":0.0,"cards_obtained":["betterMatch:CommonCard"]},{"damage_healed":0,"gold_gain":1,"player_choice":"Relic Relic ","damage_taken":22,"max_hp_gain":0,"max_hp_loss":0,"event_name":"betterThird:BetterScrap","floor":10,"gold_loss":0,"cards_obtained":["DDmod:SpikeInjectionSkill"]}],"is_beta":false,"boss_relics":[],"items_purged_floors":[],"is_endless":false,"potions_floor_spawned":[1,5,13],"killed_by":"The Guardian","ascension_level":0}}