{"host":"ovxa65d68iy9l57e","time":1608469506,"event":{"mods":["AchievementEnabler","BaseMod","Better Vampires","Colored Map","Curses Come First","Minty Spire (QoL Compilation)","Relic Stats","StSLib","The Alterego"],"gold_per_floor":[112,125,141,157,176,176,176],"floor_reached":6,"playtime":540,"items_purged":[],"score":44,"play_id":"d98a742e-c6a6-44df-812d-3cefe9f4a848","local_time":"20201220140506","is_ascension_mode":true,"campfire_choices":[],"circlet_count":0,"master_deck":["Strike_G","Strike_G","Strike_G","Strike_G","Strike_G","Defend_G","Defend_G","Defend_G","Defend_G","Defend_G","Survivor","Neutralize","Dagger Throw","PiercingWail","Acrobatics","Flying Knee","Dagger Spray"],"relics":["Ring of the Snake"],"acts_visited":["Exordium"],"potions_floor_usage":[4,4],"damage_taken":[{"damage":1,"enemies":"Small Slimes","floor":1,"turns":4},{"damage":0,"enemies":"Cultist","floor":2,"turns":4},{"damage":0,"enemies":"2 Louse","floor":3,"turns":2},{"damage":5,"enemies":"Exordium Thugs","floor":4,"turns":4},{"damage":4,"enemies":"2 Fungi Beasts","floor":5,"turns":3},{"damage":73,"enemies":"Lagavulin","floor":6,"turns":11}],"seed_played":"7840325573733146092","potions_obtained":[{"floor":1,"key":"Explosive Potion"},{"floor":3,"key":"Fire Potion"}],"is_trial":false,"path_per_floor":["M","M","M","M","M","E"],"character_chosen":"THE_SILENT","items_purchased":[],"campfire_rested":0,"item_purchase_floors":[],"current_hp_per_floor":[76,76,76,71,67,0,0],"gold":176,"neow_bonus":"TEN_PERCENT_HP_BONUS","is_daily":false,"chose_seed":false,"campfire_upgraded":0,"win_rate":0.0,"timestamp":1608469506,"path_taken":["M","M","M","M","M","E"],"items_purchased_type":[],"build_version":"2020-12-13","purchased_purges":0,"victory":false,"max_hp_per_floor":[77,77,77,77,77,77,77],"relic_stats":{"counters":[6,28],"obtain_stats":[{"Ring of the Snake":0},{"Ring of the Snake":0},{"Ring of the Snake":0}],"Ring of the Snake":[12]},"card_choices":[{"not_picked":["Calculated Gamble","Flechettes"],"picked":"Dagger Throw","floor":1},{"not_picked":["Slice","Poisoned Stab"],"picked":"PiercingWail","floor":2},{"not_picked":["Bane","Dodge and Roll"],"picked":"Acrobatics","floor":3},{"not_picked":["Flechettes","Dagger Throw"],"picked":"Flying Knee","floor":4},{"not_picked":["PiercingWail","Prepared"],"picked":"Dagger Spray","floor":5}],"player_experience":223568,"relics_obtained":[],"event_choices":[],"is_beta":false,"boss_relics":[],"items_purged_floors":[],"is_endless":false,"potions_floor_spawned":[1,3],"killed_by":"Lagavulin","ascension_level":2}}