{"host":"xb2tau8pgi8aflss","time":1608454966,"event":{"mods":["AchievementEnabler","BaseMod","Hermit","Minty Spire (QoL Compilation)","StSLib","SuperFastMode"],"gold_per_floor":[114,114,128,140,140,140,156,156,181,194,37,55,85,260,260,260,260],"floor_reached":16,"playtime":433,"items_purged":[],"score":128,"play_id":"ea4634af-b4be-43f1-9256-721eb68fc9e7","local_time":"20201220180246","is_ascension_mode":true,"campfire_choices":[{"data":"Hologram","floor":6,"key":"SMITH"},{"data":"Dualcast","floor":8,"key":"SMITH"},{"floor":15,"key":"REST"}],"circlet_count":0,"master_deck":["Strike_B","Strike_B","Strike_B","Defend_B","Defend_B","Defend_B","Defend_B","Zap","Dualcast+1","Hologram+1","Multi-Cast","Sweeping Beam","Coolheaded","Recycle","Chill","Core Surge"],"relics":["Cracked Core","NeowsBlessing","Omamori","Strawberry","PrismaticShard","Blood Vial"],"acts_visited":["Exordium"],"potions_floor_usage":[13,13,16],"damage_taken":[{"damage":0,"enemies":"2 Louse","floor":1,"turns":1},{"damage":0,"enemies":"Cultist","floor":3,"turns":1},{"damage":0,"enemies":"Jaw Worm","floor":4,"turns":1},{"damage":12,"enemies":"2 Fungi Beasts","floor":7,"turns":3},{"damage":9,"enemies":"Looter","floor":10,"turns":3},{"damage":4,"enemies":"Blue Slaver","floor":12,"turns":3},{"damage":28,"enemies":"Gremlin Nob","floor":13,"turns":5},{"damage":61,"enemies":"Slime Boss","floor":16,"turns":12}],"seed_played":"5411517810581556038","potions_obtained":[{"floor":3,"key":"FocusPotion"},{"floor":7,"key":"Strength Potion"},{"floor":10,"key":"SteroidPotion"},{"floor":13,"key":"Weak Potion"}],"is_trial":false,"path_per_floor":["M","?","M","M","T","R","M","R","T","M","$","M","E","?","R","B"],"character_chosen":"DEFECT","items_purchased":["PrismaticShard"],"campfire_rested":1,"item_purchase_floors":[11],"current_hp_per_floor":[75,75,75,75,75,75,63,63,70,61,61,57,29,29,53,0,0],"gold":260,"neow_bonus":"THREE_ENEMY_KILL","is_daily":false,"chose_seed":false,"campfire_upgraded":2,"win_rate":0.0,"timestamp":1608454966,"path_taken":["M","?","?","?","?","R","M","R","T","M","$","M","E","?","R","BOSS"],"items_purchased_type":["Relic"],"build_version":"2020-12-13","purchased_purges":0,"victory":false,"max_hp_per_floor":[75,75,75,75,75,75,75,75,82,82,82,82,82,82,82,82,82],"card_choices":[{"not_picked":["Reinforced Body","Barrage"],"picked":"Hologram","floor":1},{"not_picked":["Streamline","Gash"],"picked":"Sweeping Beam","floor":3},{"not_picked":["Redo","Go for the Eyes"],"picked":"Coolheaded","floor":4},{"not_picked":["Gash","Beam Cell","Undo"],"picked":"SKIP","floor":7},{"not_picked":["Streamline","Go for the Eyes"],"picked":"Recycle","floor":10},{"not_picked":["Dodge and Roll","hermit:Enervate"],"picked":"Chill","floor":12},{"not_picked":["Stack","Worship"],"picked":"Core Surge","floor":13}],"player_experience":749664,"relics_obtained":[{"floor":5,"key":"Omamori"},{"floor":9,"key":"Strawberry"},{"floor":13,"key":"Blood Vial"}],"event_choices":[{"damage_healed":0,"gold_gain":0,"cards_transformed":["Strike_B"],"player_choice":"Transformed","damage_taken":0,"max_hp_gain":0,"max_hp_loss":0,"event_name":"Transmorgrifier","floor":2,"gold_loss":0,"cards_obtained":["Multi-Cast"]},{"damage_healed":0,"gold_gain":175,"player_choice":"AGREE","damage_taken":0,"max_hp_gain":0,"max_hp_loss":0,"event_name":"Liars Game","floor":14,"gold_loss":0,"cards_obtained":["Doubt"]}],"is_beta":false,"boss_relics":[],"items_purged_floors":[],"is_endless":false,"potions_floor_spawned":[3,7,10,13],"killed_by":"Slime Boss","ascension_level":5}}