{"host":"85dtmvttrcbdj5h5","time":1608437606,"event":{"mods":["AchievementEnabler","BaseMod","Bestiary","Colored Powertips","Filter the Spire","Highlight Path","Minty Spire (QoL Compilation)","Potion Indicator Mod","Relic Stats"],"gold_per_floor":[111,34,53,53,67,67,97,97,97,97,97,47,66,76,76,180,180,195,207,157,171,186,215,215,140,140,140,140,540,540,552,552,652,652,664,764,347,365,365,365,397,397,473,490,83,94,124,141,141,141],"floor_reached":51,"playtime":3152,"items_purged":["Defend_B"],"score":875,"play_id":"d07383e0-25bf-4f48-8035-4a5b4a8c796b","local_time":"20201219231326","is_ascension_mode":false,"campfire_choices":[{"data":"Zap","floor":6,"key":"SMITH"},{"data":"Dualcast","floor":8,"key":"SMITH"},{"data":"Streamline","floor":11,"key":"SMITH"},{"data":"Glacier","floor":15,"key":"SMITH"},{"data":"Conserve Battery","floor":24,"key":"SMITH"},{"data":"Go for the Eyes","floor":28,"key":"SMITH"},{"data":"Undo","floor":30,"key":"SMITH"},{"floor":32,"key":"REST"},{"data":"Defragment","floor":40,"key":"SMITH"},{"data":"White Noise","floor":42,"key":"SMITH"},{"data":"Beam Cell","floor":49,"key":"SMITH"}],"circlet_count":0,"master_deck":["Strike_B+1","Strike_B+1","Defend_B","Defend_B","Defend_B","Zap+1","Dualcast+1","Swift Strike","Beam Cell+1","Gash","Leap","Streamline+1","Machine Learning","Go for the Eyes+1","Skim","Glacier+1","Hyperbeam","Sweeping Beam","Gash","Blizzard+1","Rebound","Conserve Battery+1","Undo+1","All For One","Defragment+1","Steam Power+1","White Noise+1","Gash","Coolheaded+1","Gash","Redo+1"],"relics":["FrozenCore","Shuriken","White Beast Statue","SlaversCollar","Ornamental Fan","Ancient Tea Set","Old Coin","Bottled Tornado","Potion Belt","Matryoshka","Meat on the Bone","Letter Opener","Bottled Lightning","Toxic Egg 2","Question Card"],"acts_visited":["Exordium","TheCity","TheBeyond"],"potions_floor_usage":[7,14,14,14,16,18,19,19,21,23,29,29,29,31,33,35,35,41,41,44,46,47,47,50,50,50,50,50,50,50,50,50,50,50,50,50,50],"damage_taken":[{"damage":5.0,"enemies":"Small Slimes","floor":1.0,"turns":3.0},{"damage":1,"enemies":"Jaw Worm","floor":3,"turns":2},{"damage":0,"enemies":"Cultist","floor":5,"turns":3},{"damage":17,"enemies":"3 Sentries","floor":7,"turns":6},{"damage":1,"enemies":"3 Louse","floor":13,"turns":3},{"damage":8,"enemies":"2 Fungi Beasts","floor":14,"turns":2},{"damage":18,"enemies":"Slime Boss","floor":16,"turns":9},{"damage":1,"enemies":"2 Thieves","floor":18,"turns":2},{"damage":10,"enemies":"3 Byrds","floor":19,"turns":3},{"damage":19,"enemies":"Shelled Parasite and Fungi","floor":21,"turns":7},{"damage":5,"enemies":"3 Cultists","floor":22,"turns":4},{"damage":22,"enemies":"Gremlin Leader","floor":23,"turns":6},{"damage":0,"enemies":"Colosseum Slavers","floor":29,"turns":1},{"damage":0,"enemies":"Colosseum Nobs","floor":29,"turns":3},{"damage":18,"enemies":"Snecko","floor":31,"turns":8},{"damage":21,"enemies":"Champ","floor":33,"turns":10},{"damage":3,"enemies":"3 Darklings","floor":35,"turns":3},{"damage":0,"enemies":"3 Shapes","floor":38,"turns":6},{"damage":18,"enemies":"Giant Head","floor":41,"turns":9},{"damage":2,"enemies":"Spire Growth","floor":44,"turns":4},{"damage":0,"enemies":"Maw","floor":46,"turns":7},{"damage":0,"enemies":"Nemesis","floor":47,"turns":7},{"damage":13,"enemies":"4 Shapes","floor":48,"turns":4},{"damage":0,"enemies":"Donu and Deca","floor":50,"turns":5}],"seed_played":"-6476313370942869768","potions_obtained":[{"floor":3,"key":"ColorlessPotion"},{"floor":7,"key":"DistilledChaos"},{"floor":13,"key":"EssenceOfSteel"},{"floor":14,"key":"EntropicBrew"},{"floor":16,"key":"Energy Potion"},{"floor":18,"key":"ColorlessPotion"},{"floor":19,"key":"SmokeBomb"},{"floor":21,"key":"FearPotion"},{"floor":22,"key":"SpeedPotion"},{"floor":23,"key":"Energy Potion"},{"floor":29,"key":"SpeedPotion"},{"floor":31,"key":"Block Potion"},{"floor":33,"key":"ColorlessPotion"},{"floor":35,"key":"Fruit Juice"},{"floor":38,"key":"Fire Potion"},{"floor":41,"key":"Fruit Juice"},{"floor":44,"key":"EntropicBrew"},{"floor":46,"key":"Block Potion"},{"floor":47,"key":"GamblersBrew"},{"floor":48,"key":"BlessingOfTheForge"}],"is_trial":false,"path_per_floor":["M","$","M","?","M","R","E","R","T","?","R","?","M","M","R","B",null,"M","M","?","M","M","E","R","?","T","?","R","?","R","M","R","B",null,"M","?","$","M","T","R","E","R","T","M","$","M","E","M","R","B",null],"character_chosen":"DEFECT","items_purchased":["Gash","Leap","Potion Belt","SkillPotion","LiquidMemories","Ancient Potion","FocusPotion","Toxic Egg 2","Coolheaded+1","BlessingOfTheForge"],"campfire_rested":1,"item_purchase_floors":[2,2,37,37,37,37,45,45,45,45],"current_hp_per_floor":[70,70,69,74,74,74,57,57,57,41,41,41,40,32,32,29,80,79,69,69,65,60,38,38,38,38,38,38,38,38,20,44,23,80,82,82,82,82,82,82,69,69,69,67,67,67,67,54,54,54],"gold":141,"neow_bonus":"RANDOM_COLORLESS","is_daily":false,"chose_seed":false,"campfire_upgraded":10,"win_rate":0.0,"timestamp":1608437606,"path_taken":["M","$","M","?","M","R","E","R","T","?","R","?","M","M","R","BOSS","M","M","?","?","M","E","R","?","T","?","R","?","R","M","R","BOSS","M","?","$","?","?","R","E","R","T","M","$","M","E","M","R","BOSS"],"items_purchased_type":["Card","Card","Relic","Potion","Potion","Potion","Potion","Relic","Card","Potion"],"build_version":"2020-12-13","purchased_purges":1,"victory":true,"max_hp_per_floor":[75,75,75,80,80,80,80,80,80,80,80,80,80,80,80,80,80,80,80,80,80,80,80,80,80,80,80,80,80,80,80,80,80,80,85,85,85,85,85,85,90,90,90,90,90,90,90,90,90,90],"relic_stats":{"counters":[24,117],"Shuriken":[56],"Ornamental Fan":[156],"Letter Opener":[143],"Question Card":1,"obtain_stats":[{"Potion Belt":37,"Letter Opener":43,"Bottled Tornado":29,"Ancient Tea Set":26,"Question Card":47,"White Beast Statue":9,"Old Coin":29,"FrozenCore":34,"SlaversCollar":17,"Matryoshka":39,"Shuriken":7,"Ornamental Fan":23,"Bottled Lightning":43,"Toxic Egg 2":45,"Cracked Core":0,"Meat on the Bone":41},{"Potion Belt":17,"Letter Opener":19,"Bottled Tornado":14,"Ancient Tea Set":12,"Question Card":22,"White Beast Statue":4,"Old Coin":14,"FrozenCore":16,"SlaversCollar":7,"Matryoshka":18,"Shuriken":4,"Ornamental Fan":12,"Bottled Lightning":19,"Toxic Egg 2":20,"Cracked Core":0,"Meat on the Bone":19},{"Potion Belt":75,"Letter Opener":90,"Bottled Tornado":54,"Ancient Tea Set":50,"Question Card":108,"White Beast Statue":14,"Old Coin":54,"FrozenCore":72,"SlaversCollar":28,"Matryoshka":81,"Shuriken":14,"Ornamental Fan":50,"Bottled Lightning":90,"Toxic Egg 2":94,"Cracked Core":0,"Meat on the Bone":90}],"FrozenCore":[13],"Meat on the Bone":0},"card_choices":[{"not_picked":["Finesse","Forethought"],"picked":"Swift Strike","floor":0.0},{"not_picked":["Leap","Steam"],"picked":"Beam Cell","floor":1.0},{"not_picked":["Rebound","Beam Cell"],"picked":"Streamline","floor":3},{"not_picked":["Sweeping Beam","Leap"],"picked":"Machine Learning","floor":5},{"not_picked":["Ball Lightning","Barrage"],"picked":"Go for the Eyes","floor":7},{"not_picked":["Coolheaded","Fusion"],"picked":"Skim","floor":13},{"not_picked":["Heatsinks","Stack"],"picked":"Glacier","floor":14},{"not_picked":["Amplify","Multi-Cast"],"picked":"Hyperbeam","floor":16},{"not_picked":["Conserve Battery","Turbo"],"picked":"Sweeping Beam","floor":18},{"not_picked":["Sweeping Beam","Meteor Strike"],"picked":"Gash","floor":19},{"not_picked":["Leap","Aggregate"],"picked":"Blizzard+1","floor":21},{"not_picked":["Storm+1","Ball Lightning"],"picked":"Rebound","floor":22},{"not_picked":["Steam Power+1","Steam+1"],"picked":"Conserve Battery","floor":23},{"not_picked":["Streamline","Skim"],"picked":"Undo","floor":29},{"not_picked":["Rainbow","Streamline","Recycle"],"picked":"SKIP","floor":31},{"not_picked":["Hyperbeam","Thunder Strike"],"picked":"All For One","floor":33},{"not_picked":["Sweeping Beam","White Noise"],"picked":"Defragment","floor":35},{"not_picked":["Fusion","Stack+1"],"picked":"Steam Power+1","floor":38},{"not_picked":["Rebound","Aggregate"],"picked":"White Noise","floor":41},{"not_picked":["Turbo+1","Ball Lightning+1"],"picked":"Gash","floor":44},{"not_picked":["Turbo+1","Ball Lightning+1"],"picked":"Gash","floor":46},{"not_picked":["Go for the Eyes+1","Amplify+1"],"picked":"Redo+1","floor":47},{"not_picked":["Streamline+1","Leap+1","Undo+1","Compile Driver+1"],"picked":"SKIP","floor":48}],"player_experience":128703,"relics_obtained":[{"floor":7,"key":"Shuriken"},{"floor":9,"key":"White Beast Statue"},{"floor":23,"key":"Ornamental Fan"},{"floor":26,"key":"Ancient Tea Set"},{"floor":29,"key":"Old Coin"},{"floor":29,"key":"Bottled Tornado"},{"floor":39,"key":"Matryoshka"},{"floor":41,"key":"Meat on the Bone"},{"floor":43,"key":"Letter Opener"},{"floor":43,"key":"Bottled Lightning"},{"floor":47,"key":"Question Card"}],"event_choices":[{"damage_healed":0,"gold_gain":0,"player_choice":"Donut","damage_taken":0,"max_hp_gain":5,"max_hp_loss":0,"event_name":"Big Fish","floor":4,"gold_loss":0},{"damage_healed":0,"gold_gain":0,"player_choice":"Entered Light","damage_taken":16,"max_hp_gain":0,"max_hp_loss":0,"event_name":"Shining Light","floor":10,"gold_loss":0,"cards_upgraded":["Strike_B","Strike_B"]},{"cards_removed":["Strike_B"],"damage_healed":0,"gold_gain":0,"player_choice":"Card Removal","damage_taken":0,"max_hp_gain":0,"max_hp_loss":0,"event_name":"The Cleric","floor":12,"gold_loss":50},{"damage_healed":0,"gold_gain":0,"player_choice":"Bet on Owner","damage_taken":0,"max_hp_gain":0,"max_hp_loss":0,"event_name":"The Joust","floor":20,"gold_loss":50},{"cards_removed":["Strike_B"],"damage_healed":0,"gold_gain":0,"player_choice":"Gave Gold","damage_taken":0,"max_hp_gain":0,"max_hp_loss":0,"event_name":"Beggar","floor":25,"gold_loss":75},{"damage_healed":0,"gold_gain":0,"player_choice":"Ignored","damage_taken":0,"max_hp_gain":0,"max_hp_loss":0,"event_name":"Ghosts","floor":27,"gold_loss":0},{"damage_healed":0,"gold_gain":0,"player_choice":"Fight","damage_taken":0,"max_hp_gain":0,"max_hp_loss":0,"event_name":"Colosseum","floor":29,"gold_loss":0},{"damage_healed":0,"gold_gain":0,"player_choice":"Fought Nobs","damage_taken":0,"max_hp_gain":0,"max_hp_loss":0,"event_name":"Colosseum","floor":29,"gold_loss":0},{"damage_healed":0,"gold_gain":100,"player_choice":"Pray","damage_taken":0,"max_hp_gain":0,"max_hp_loss":0,"event_name":"Golden Shrine","floor":36,"gold_loss":0}],"is_beta":false,"boss_relics":[{"not_picked":["Runic Pyramid","Runic Dome"],"picked":"SlaversCollar"},{"not_picked":["Snecko Eye","Tiny House"],"picked":"FrozenCore"}],"items_purged_floors":[37],"is_endless":false,"potions_floor_spawned":[3,7,13,14,16,18,19,21,22,23,29,29,31,33,35,38,41,44,46,47,48],"ascension_level":0}}