{"host":"bxn2em57qlx5u4i0","time":1608480886,"event":{"mods":["BaseMod","Colored Map","Colored Powertips","Highlight Path","Minty Spire (QoL Compilation)","Random Character Button","Relic Sorter","Relic Stats","StSLib","SuperFastMode"],"gold_per_floor":[118,130,55,65,79,79,79,79,102,135,135,170,185,27,27,99,99,110,130,30,30,43,43,43,56,102,114,114,114,114,114,114,114,114],"floor_reached":33,"playtime":956,"items_purged":["Strike_G","Strike_G"],"score":510,"play_id":"7434543e-b442-491d-af17-30d1d4e97ea7","local_time":"20201220111446","is_ascension_mode":true,"campfire_choices":[{"data":"Bouncing Flask","floor":6.0,"key":"SMITH"},{"data":"Flechettes","floor":11.0,"key":"SMITH"},{"data":"Footwork","floor":15.0,"key":"SMITH"},{"data":"Riddle With Holes","floor":23,"key":"SMITH"},{"data":"Dagger Spray","floor":24,"key":"SMITH"},{"floor":28,"key":"REST"},{"data":"Blade Dance","floor":32,"key":"SMITH"}],"circlet_count":0,"master_deck":["AscendersBane","Strike_G","Strike_G","Defend_G","Defend_G+1","Defend_G+1","Defend_G","Defend_G","Survivor","Neutralize","Flechettes+1","Dagger Spray+1","Bouncing Flask+1","PiercingWail","Blade Dance+1","Envenom","Infinite Blades","Footwork+1","Bullet Time","Riddle With Holes+1","Pain","PiercingWail+1","Slice","Escape Plan"],"relics":["Ring of the Snake","NeowsBlessing","Nunchaku","Vajra","War Paint","Boot","WingedGreaves","Runic Pyramid","WarpedTongs","Blood Vial"],"acts_visited":["Exordium","TheCity"],"potions_floor_usage":[22,33],"damage_taken":[{"damage":0.0,"enemies":"Cultist","floor":1.0,"turns":1.0},{"damage":0.0,"enemies":"Small Slimes","floor":2.0,"turns":1.0},{"damage":0.0,"enemies":"2 Louse","floor":4.0,"turns":1.0},{"damage":4.0,"enemies":"Looter","floor":5.0,"turns":4.0},{"damage":3.0,"enemies":"Gremlin Nob","floor":10.0,"turns":3.0},{"damage":16.0,"enemies":"Lagavulin","floor":12.0,"turns":5.0},{"damage":0.0,"enemies":"Exordium Wildlife","floor":13.0,"turns":2.0},{"damage":7.0,"enemies":"Hexaghost","floor":16.0,"turns":6.0},{"damage":20.0,"enemies":"3 Byrds","floor":18.0,"turns":4.0},{"damage":6.0,"enemies":"2 Thieves","floor":19.0,"turns":4.0},{"damage":1,"enemies":"Shelled Parasite and Fungi","floor":22,"turns":2},{"damage":8,"enemies":"Cultist and Chosen","floor":25,"turns":6},{"damage":8,"enemies":"Centurion and Healer","floor":27,"turns":6},{"damage":54,"enemies":"Collector","floor":33,"turns":8}],"seed_played":"5231134557328850793","potions_obtained":[{"floor":2.0,"key":"Dexterity Potion"},{"floor":4.0,"key":"Energy Potion"},{"floor":10.0,"key":"BlessingOfTheForge"},{"floor":19.0,"key":"SteroidPotion"},{"floor":27,"key":"ColorlessPotion"}],"is_trial":false,"path_per_floor":["M","M","?","M","M","R","?","?","T","E","R","E","M","$","R","B",null,"M","M","$","?","M","R","R","M","T","M","R","?","$","?","R","B"],"character_chosen":"THE_SILENT","items_purchased":["Footwork"],"campfire_rested":1,"item_purchase_floors":[14],"current_hp_per_floor":[59,59,59,59,55,55,48,37,37,34,34,18,18,18,18,11,52,32,26,26,26,25,25,25,17,17,11,30,30,30,43,43,0,0],"gold":114,"neow_bonus":"THREE_ENEMY_KILL","is_daily":false,"chose_seed":false,"campfire_upgraded":6,"win_rate":0.0,"timestamp":1608480886,"path_taken":["M","?","?","M","?","R","?","?","T","E","R","E","M","$","R","BOSS","M","M","$","?","M","R","R","?","T","M","R","?","$","?","R","BOSS"],"items_purchased_type":["Card"],"build_version":"2020-12-13","purchased_purges":2,"victory":false,"max_hp_per_floor":[66,66,66,66,66,66,66,66,66,66,66,66,66,66,66,66,66,66,66,66,66,66,66,66,66,66,66,66,66,66,66,66,66,66],"relic_stats":{"Blood Vial":4,"Nunchaku":[13],"counters":[14,53],"War Paint":["Defend_G","Defend_G"],"Boot":[87],"obtain_stats":[{"Blood Vial":26,"Nunchaku":3,"NeowsBlessing":0,"Vajra":8,"WingedGreaves":12,"War Paint":9,"Boot":10,"Ring of the Snake":0,"Runic Pyramid":17,"WarpedTongs":21},{"Blood Vial":12,"Nunchaku":2,"NeowsBlessing":0,"Vajra":4,"WingedGreaves":6,"War Paint":4,"Boot":5,"Ring of the Snake":0,"Runic Pyramid":8,"WarpedTongs":10},{"Blood Vial":39,"Nunchaku":2,"NeowsBlessing":0,"Vajra":7,"WingedGreaves":15,"War Paint":7,"Boot":10,"Ring of the Snake":0,"Runic Pyramid":23,"WarpedTongs":31}],"Ring of the Snake":[28],"WarpedTongs":[22]},"card_choices":[{"not_picked":["Underhanded Strike","Expertise"],"picked":"Flechettes","floor":1.0},{"not_picked":["Outmaneuver","Concentrate"],"picked":"Dagger Spray","floor":2.0},{"not_picked":["Poisoned Stab","Dagger Spray"],"picked":"Bouncing Flask","floor":4.0},{"not_picked":["Flying Knee","Dodge and Roll"],"picked":"PiercingWail","floor":5.0},{"not_picked":["Dagger Throw","Skewer"],"picked":"Blade Dance","floor":10.0},{"not_picked":["Concentrate","Dagger Throw"],"picked":"Envenom","floor":12.0},{"not_picked":["Caltrops","Prepared"],"picked":"Infinite Blades","floor":13.0},{"not_picked":["Phantasmal Killer","Storm of Steel"],"picked":"Bullet Time","floor":16.0},{"not_picked":["Underhanded Strike","Reflex","Predator"],"picked":"SKIP","floor":18.0},{"not_picked":["Heel Hook","Acrobatics"],"picked":"Riddle With Holes","floor":19.0},{"not_picked":["Dagger Spray","Malaise"],"picked":"PiercingWail+1","floor":22},{"not_picked":["Bouncing Flask","Dash"],"picked":"Slice","floor":25},{"not_picked":["Backflip","PiercingWail"],"picked":"Escape Plan","floor":27}],"player_experience":2824629,"relics_obtained":[{"floor":9.0,"key":"War Paint"},{"floor":10.0,"key":"Boot"},{"floor":12.0,"key":"WingedGreaves"},{"floor":26,"key":"Blood Vial"}],"event_choices":[{"damage_healed":0.0,"max_hp_gain":0.0,"max_hp_loss":0.0,"gold_gain":0.0,"event_name":"WeMeetAgain","player_choice":"Paid Gold","floor":3.0,"gold_loss":75.0,"damage_taken":0.0,"relics_obtained":["Nunchaku"]},{"cards_removed":["Strike_G"],"damage_healed":0.0,"max_hp_gain":0.0,"max_hp_loss":0.0,"gold_gain":0.0,"event_name":"Golden Wing","player_choice":"Card Removal","floor":7.0,"gold_loss":0.0,"damage_taken":7.0},{"damage_healed":0.0,"max_hp_gain":0.0,"max_hp_loss":0.0,"gold_gain":0.0,"event_name":"Scrap Ooze","player_choice":"Success","floor":8.0,"gold_loss":0.0,"damage_taken":11.0,"relics_obtained":["Vajra"]},{"damage_healed":0.0,"max_hp_gain":0.0,"max_hp_loss":0.0,"gold_gain":0.0,"event_name":"Accursed Blacksmith","player_choice":"Rummage","floor":21.0,"gold_loss":0.0,"damage_taken":0.0,"relics_obtained":["WarpedTongs"],"cards_obtained":["Pain"]},{"damage_healed":0,"gold_gain":0,"player_choice":"Ignored","damage_taken":0,"max_hp_gain":0,"max_hp_loss":0,"event_name":"Vampires","floor":29,"gold_loss":0},{"damage_healed":13,"gold_gain":0,"player_choice":"Heal","damage_taken":0,"max_hp_gain":0,"max_hp_loss":0,"event_name":"The Library","floor":31,"gold_loss":0}],"is_beta":false,"boss_relics":[{"not_picked":["Philosopher\u0027s Stone","SacredBark"],"picked":"Runic Pyramid"}],"items_purged_floors":[14,20],"is_endless":false,"potions_floor_spawned":[2,4,10,19,27],"killed_by":"Collector","ascension_level":20}}