{"host":"m3herrhkesxm9ooc","time":1608454551,"event":{"mods":["BaseMod","Hermit","Minty Spire (QoL Compilation)","StSLib","The Hierophant"],"gold_per_floor":[112,14,14,25,25,25,55,86,86,51,69,80,113,10,10,81,81,100,132,150,150,150,150,150,150,150,1,14,14,26,38,38,116,116,136,136,67,67,85,85,85,85,112,112,112,112],"floor_reached":45,"playtime":1328,"items_purged":[],"score":780,"play_id":"65122d90-7ca7-4dc5-a882-2edaeafc7d28","local_time":"20201220175551","is_ascension_mode":true,"campfire_choices":[{"floor":6.0,"key":"REST"},{"data":"hermit:LoneWolf","floor":15,"key":"SMITH"},{"floor":23,"key":"REST"},{"floor":25,"key":"REST"},{"floor":29,"key":"REST"},{"floor":32,"key":"REST"},{"floor":40,"key":"REST"},{"floor":42,"key":"REST"},{"floor":44,"key":"REST"}],"circlet_count":0,"master_deck":["AscendersBane","hermit:Strike_Hermit","hermit:Strike_Hermit","hermit:Strike_Hermit","hermit:Strike_Hermit","hermit:Defend_Hermit","hermit:Defend_Hermit","hermit:Defend_Hermit","hermit:Defend_Hermit","hermit:Snapshot","hermit:Covet","hermit:Glare","hermit:Headshot","Pain","hermit:Malice","hermit:LoneWolf+1","hermit:TakeCover","hermit:ShadowCloak","hermit:GhostlyPresence","hermit:Headshot","hermit:OverwhelmingPower+1","hermit:WideOpen","hermit:Headshot","hermit:GhostlyPresence","Writhe","hermit:WideOpen","hermit:Brawl","hermit:Determination","hermit:Adapt","hermit:ShadowCloak","hermit:ShadowCloak","hermit:ShadowCloak"],"relics":["hermit:Momento","WarpedTongs","Juzu Bracelet","Mercury Hourglass","Blood Vial","Vajra","Philosopher\u0027s Stone","Red Mask","Darkstone Periapt","HornCleat","Centennial Puzzle","Black Star","Meat on the Bone","MealTicket"],"acts_visited":["Exordium","TheCity","TheBeyond"],"potions_floor_usage":[13,16,19,20,20,33],"damage_taken":[{"damage":8.0,"enemies":"Jaw Worm","floor":1.0,"turns":4.0},{"damage":0.0,"enemies":"Cultist","floor":4.0,"turns":2.0},{"damage":12,"enemies":"3 Sentries","floor":8,"turns":5},{"damage":0,"enemies":"Small Slimes","floor":11,"turns":2},{"damage":3,"enemies":"Looter","floor":12,"turns":2},{"damage":7,"enemies":"Gremlin Nob","floor":13,"turns":3},{"damage":1,"enemies":"Slime Boss","floor":16,"turns":9},{"damage":4,"enemies":"Chosen","floor":18,"turns":4},{"damage":37,"enemies":"Masked Bandits","floor":19,"turns":4},{"damage":32,"enemies":"3 Byrds","floor":20,"turns":5},{"damage":37,"enemies":"Snake Plant","floor":28,"turns":5},{"damage":12,"enemies":"3 Cultists","floor":30,"turns":5},{"damage":18,"enemies":"Cultist and Chosen","floor":31,"turns":6},{"damage":46,"enemies":"Collector","floor":33,"turns":9},{"damage":56,"enemies":"3 Darklings","floor":35,"turns":9},{"damage":2,"enemies":"Orb Walker","floor":39,"turns":3},{"damage":104,"enemies":"Giant Head","floor":45,"turns":8}],"seed_played":"-4350691110791051399","potions_obtained":[{"floor":1.0,"key":"hermit:BlackBile"},{"floor":8,"key":"AttackPotion"},{"floor":18,"key":"hermit:BlackBile"},{"floor":19,"key":"Swift Potion"},{"floor":20,"key":"Weak Potion"},{"floor":36,"key":"GamblersBrew"},{"floor":36,"key":"Ancient Potion"}],"is_trial":false,"path_per_floor":["M","$","?","M","$","R","?","E","T","?","M","M","E","$","R","B",null,"M","?","M","?","?","R","?","R","T","$","M","R","M","M","R","B",null,"M","?","$","?","M","R","T","R","T","R","E"],"character_chosen":"HERMIT","items_purchased":["hermit:Headshot","hermit:Tonic","hermit:Headshot","Energy Potion","Centennial Puzzle","hermit:ShadowCloak"],"campfire_rested":8,"item_purchase_floors":[2,2,14,14,27,37],"current_hp_per_floor":[52,52,52,52,52,77,77,65,65,85,85,82,77,77,77,78,83,81,46,16,16,33,58,64,91,91,91,54,81,71,55,82,38,78,24,24,24,19,19,46,46,73,73,91,0,0],"gold":112,"neow_bonus":"TWENTY_PERCENT_HP_BONUS","is_daily":false,"chose_seed":false,"campfire_upgraded":1,"win_rate":0.0,"timestamp":1608454551,"path_taken":["M","$","?","M","?","R","?","E","T","?","M","M","E","?","R","BOSS","M","?","M","?","?","R","?","R","T","?","M","R","M","M","R","BOSS","M","?","$","?","M","R","?","R","T","R","E"],"items_purchased_type":["Card","Potion","Card","Potion","Relic","Card"],"build_version":"2020-12-13","purchased_purges":0,"victory":false,"max_hp_per_floor":[85,85,85,85,85,85,85,85,85,85,85,85,85,85,85,85,85,85,85,85,85,85,85,91,91,91,91,91,91,91,91,91,91,91,91,91,91,91,91,91,91,91,91,91,91,91],"card_choices":[{"not_picked":["hermit:Enervate","hermit:LowProfile"],"picked":"hermit:Glare","floor":1.0},{"not_picked":["hermit:Misfire","hermit:BodyArmor"],"picked":"hermit:Malice","floor":4.0},{"not_picked":["hermit:Vantage","hermit:Showdown"],"picked":"hermit:LoneWolf","floor":8},{"not_picked":["hermit:Vantage","hermit:Grudge"],"picked":"hermit:TakeCover","floor":11},{"not_picked":["hermit:LowProfile","hermit:BigShot"],"picked":"hermit:ShadowCloak","floor":12},{"not_picked":["hermit:Glare","hermit:Desperado"],"picked":"hermit:GhostlyPresence","floor":13},{"not_picked":["hermit:Dissolve","hermit:Magnum"],"picked":"hermit:OverwhelmingPower","floor":16},{"not_picked":["hermit:Cheat","hermit:Feint"],"picked":"hermit:WideOpen","floor":18},{"not_picked":["hermit:CalledShot","hermit:Desperado"],"picked":"hermit:Headshot","floor":19},{"not_picked":["hermit:Scavenge","hermit:Glare"],"picked":"hermit:GhostlyPresence","floor":20},{"not_picked":["hermit:Headshot","hermit:Desperado"],"picked":"hermit:WideOpen","floor":28},{"not_picked":["hermit:Roulette","hermit:Misfire"],"picked":"hermit:Brawl","floor":30},{"not_picked":["hermit:Headshot","hermit:LowProfile"],"picked":"hermit:Determination","floor":31},{"not_picked":["hermit:Magnum","hermit:HighNoon"],"picked":"hermit:Adapt","floor":33},{"not_picked":["hermit:HoleUp","hermit:Coalescence"],"picked":"hermit:ShadowCloak","floor":35},{"not_picked":["hermit:Dive","hermit:Showdown"],"picked":"hermit:ShadowCloak","floor":39}],"player_experience":644911,"relics_obtained":[{"floor":8,"key":"Mercury Hourglass"},{"floor":9,"key":"Blood Vial"},{"floor":13,"key":"Vajra"},{"floor":19,"key":"Red Mask"},{"floor":26,"key":"HornCleat"},{"floor":41,"key":"Meat on the Bone"},{"floor":43,"key":"MealTicket"}],"event_choices":[{"damage_healed":0.0,"max_hp_gain":0.0,"max_hp_loss":0.0,"gold_gain":0.0,"event_name":"Accursed Blacksmith","player_choice":"Rummage","floor":3.0,"gold_loss":0.0,"damage_taken":0.0,"relics_obtained":["WarpedTongs"],"cards_obtained":["Pain"]},{"damage_healed":0.0,"max_hp_gain":0.0,"max_hp_loss":0.0,"gold_gain":30.0,"event_name":"Dead Adventurer","player_choice":"Searched \u00272\u0027 times","floor":7.0,"gold_loss":0.0,"damage_taken":0.0,"relics_obtained":["Juzu Bracelet"]},{"damage_healed":21,"gold_gain":0,"player_choice":"Healed","damage_taken":0,"max_hp_gain":0,"max_hp_loss":0,"event_name":"The Cleric","floor":10,"gold_loss":35},{"damage_healed":0,"gold_gain":0,"player_choice":"Fought Bandits","damage_taken":0,"max_hp_gain":0,"max_hp_loss":0,"event_name":"Masked Bandits","floor":19,"gold_loss":0},{"damage_healed":0,"gold_gain":0,"player_choice":"Upgraded","damage_taken":0,"max_hp_gain":0,"max_hp_loss":0,"event_name":"Upgrade Shrine","floor":21,"gold_loss":0,"cards_upgraded":["hermit:OverwhelmingPower"]},{"damage_healed":17,"gold_gain":0,"player_choice":"Heal","damage_taken":0,"max_hp_gain":0,"max_hp_loss":0,"event_name":"The Library","floor":22,"gold_loss":0},{"damage_healed":0,"gold_gain":0,"player_choice":"Opened","damage_taken":0,"relics_obtained":["Darkstone Periapt"],"max_hp_gain":0,"max_hp_loss":0,"event_name":"The Mausoleum","floor":24,"gold_loss":0,"cards_obtained":["Writhe"]},{"damage_healed":0,"gold_gain":0,"player_choice":"Got Potions","damage_taken":0,"max_hp_gain":0,"max_hp_loss":0,"event_name":"Lab","floor":36,"gold_loss":0},{"damage_healed":0,"gold_gain":0,"player_choice":"Bought 0 Potions","damage_taken":0,"max_hp_gain":0,"max_hp_loss":0,"event_name":"The Woman in Blue","floor":38,"gold_loss":0}],"is_beta":false,"boss_relics":[{"not_picked":["Busted Crown","Runic Pyramid"],"picked":"Philosopher\u0027s Stone"},{"not_picked":["Coffee Dripper","SacredBark"],"picked":"Black Star"}],"items_purged_floors":[],"is_endless":false,"potions_floor_spawned":[1,8,11,18,19,20,39],"killed_by":"Giant Head","ascension_level":15}}