{"host":"0azimyi6n3ugndj4","time":1608472185,"event":{"mods":["BaseMod","Bestiary","Conspire","Curses Come First","Defuse TimeMaze Blight","Hyrulean Relics","Infinite Spire","Minty Spire (QoL Compilation)","Relic Sorter","Relic Stats","Replay The Spire","StSLib","SuperFastMode","Uncapped","¡¼?Úª?ø«¡½REMEMod"],"gold_per_floor":[147,183,12,69,128,128,230,230,230,314,374,473,650,575,575,575,575],"floor_reached":16,"playtime":272,"items_purged":[],"score":315,"play_id":"6ea42bfe-69fb-4524-981c-b37e3c475b04","local_time":"20201220224945","daily_mods":["Insanity","Chimera","Specialized","Vintage","ControlledChaos","Allstar","Diverse","Colorless Cards","Heirloom","Time Dilation","Binary","Elite Swarm","Lethality","Midas","Uncertain Future"],"is_ascension_mode":true,"campfire_choices":[{"floor":6,"key":"REST"},{"floor":8,"key":"REST"},{"floor":15,"key":"REST"}],"circlet_count":0,"master_deck":["Demon Form","Wraith Form v2","Echo Form","DevaForm","AscendersBane","Bash","Survivor","Zap","Eruption","Strike_R","Strike_G","Strike_B","Defend_R","Defend_G","Defend_P","BowlingBash","Metallicize","Crystallizer","Glacier","Catalyst","Turbo","Perfected Strike","ReplayTheSpireMod:GoodbyeWorld","REME_Repentance","JustLucky","Consecrate","Steam","Replay:Undeath\u0027s Touch","Pommel Strike","EmptyBody","Havoc","Lockon","Cloak And Dagger","Swift Strike+1","Caltrops","REME_Cut","Hidden Blade","Cloak And Dagger","Leap","Streamline","Prepared","Flex","Anger","Swift Strike","PiercingWail","Shrug It Off","Intimidate","Chaos","Quick Slash","ReplayTheSpireMod:The Works","Infernal Blade","Sentinel","FlyingSleeves","Noxious Fumes","Dark Embrace","Gash","PiercingWail","Wild Strike","Deflect","Chaos","All Out Attack","REME_SingleHolding","Skim","Sanctity","Dark Embrace","Replay:Poison Smokescreen","Replay:Poison Smokescreen","Replay:Poison Smokescreen","Replay:Poison Smokescreen","Replay:Poison Smokescreen","Discovery","Replay:Parry","Metamorphosis","Midas Touch","HandOfGreed","Master of Strategy","Replay:Bag of Tricks","REME_TheLastStrike","Brutality","REME_Repentance","Sunder"],"relics":["Cracked Core","Frozen Eye","REME_ComplimentaryCards","Durian","Iron Hammer","Cables","Toy Ornithopter","Tiny Chest","Solar Panel","zeldaRelics:CourageTriforce","Potion Belt","zeldaRelics:WisdomPiece","Gremlin Food"],"acts_visited":["Exordium"],"potions_floor_usage":[16,16,16],"damage_taken":[{"damage":0,"enemies":"Cultist","floor":1,"turns":3},{"damage":0,"enemies":"Small Slimes","floor":2,"turns":1},{"damage":0,"enemies":"Jaw Worm","floor":4,"turns":2},{"damage":0,"enemies":"Large Slime","floor":5,"turns":4},{"damage":10,"enemies":"Gremlin Nob","floor":7,"turns":3},{"damage":22,"enemies":"3 Sentries","floor":10,"turns":5},{"damage":2,"enemies":"Looter","floor":11,"turns":2},{"damage":41,"enemies":"Lagavulin","floor":12,"turns":5},{"damage":55,"enemies":"The Guardian","floor":16,"turns":4}],"seed_played":"-4183755588715583020","potions_obtained":[{"floor":2,"key":"PowerPotion"},{"floor":4,"key":"Energy Potion"},{"floor":11,"key":"AttackPotion"}],"is_trial":true,"path_per_floor":["M","M","$","M","M","R","E","R","T","E","M","E","?","?","R","B"],"character_chosen":"DEFECT","items_purchased":["Toy Ornithopter"],"campfire_rested":3,"item_purchase_floors":[3],"current_hp_per_floor":[69,69,69,69,69,76,70,76,76,56,56,17,17,17,39,0,0],"gold":575,"neow_bonus":"","is_daily":false,"chose_seed":false,"campfire_upgraded":0,"win_rate":0.0,"timestamp":1608472185,"path_taken":["M","?","$","M","M","R","E","R","T","E","M","E","?","?","R","BOSS"],"items_purchased_type":["Relic"],"build_version":"2020-12-13","purchased_purges":0,"victory":false,"max_hp_per_floor":[76,76,76,76,76,76,76,76,76,76,76,76,76,76,76,76,76],"relic_stats":{"counters":[9,29],"Tiny Chest":0,"obtain_stats":[{"Solar Panel":5,"Potion Belt":11,"Gremlin Food":13,"zeldaRelics:WisdomPiece":12,"zeldaRelics:CourageTriforce":10,"Cables":2,"Frozen Eye":0,"Tiny Chest":4,"Iron Hammer":1,"Durian":0,"zeldaRelics:CouragePiece":7,"Cracked Core":0,"Toy Ornithopter":3,"REME_ComplimentaryCards":0},{"Solar Panel":4,"Potion Belt":7,"Gremlin Food":8,"zeldaRelics:WisdomPiece":8,"zeldaRelics:CourageTriforce":6,"Cables":2,"Frozen Eye":0,"Tiny Chest":3,"Iron Hammer":1,"Durian":0,"zeldaRelics:CouragePiece":5,"Cracked Core":0,"Toy Ornithopter":2,"REME_ComplimentaryCards":0},{"Solar Panel":10,"Potion Belt":20,"Gremlin Food":25,"zeldaRelics:WisdomPiece":25,"zeldaRelics:CourageTriforce":18,"Cables":4,"Frozen Eye":0,"Tiny Chest":6,"Iron Hammer":3,"Durian":0,"zeldaRelics:CouragePiece":13,"Cracked Core":0,"Toy Ornithopter":4,"REME_ComplimentaryCards":0}],"Toy Ornithopter":15,"Cables":[23,23,0,0,0]},"card_choices":[{"not_picked":["Replay:AllIn"],"picked":"Replay:Bag of Tricks","floor":7},{"not_picked":["Unload"],"picked":"REME_TheLastStrike","floor":10},{"not_picked":["REME_Fury"],"picked":"Brutality","floor":12},{"not_picked":["Crescendo"],"picked":"REME_Repentance","floor":13},{"not_picked":["ThirdEye"],"picked":"Sunder","floor":13}],"player_experience":1481574,"relics_obtained":[{"floor":1,"key":"Iron Hammer"},{"floor":2,"key":"Cables"},{"floor":4,"key":"Tiny Chest"},{"floor":5,"key":"Solar Panel"},{"floor":7,"key":"zeldaRelics:CouragePiece"},{"floor":9,"key":"zeldaRelics:CouragePiece"},{"floor":10,"key":"zeldaRelics:CouragePiece"},{"floor":11,"key":"Potion Belt"},{"floor":12,"key":"zeldaRelics:WisdomPiece"},{"floor":13,"key":"Gremlin Food"}],"event_choices":[{"cards_removed":["Pain"],"damage_healed":0,"gold_gain":0,"player_choice":"Card Removal","damage_taken":0,"max_hp_gain":0,"max_hp_loss":0,"event_name":"The Cleric","floor":14,"gold_loss":75}],"is_beta":false,"boss_relics":[],"items_purged_floors":[],"is_endless":false,"potions_floor_spawned":[2,4,10,11],"killed_by":"The Guardian","ascension_level":20}}