{"host":"wha9hktbkslqvblg","time":1608464280,"event":{"mods":["BaseMod","Colored Map","Minty Spire (QoL Compilation)","Relic Stats","SuperFastMode","everything is the same but u backflip on backflip"],"gold_per_floor":[113,113,113,12,12,44,44,74,74,99,117,117,132,32,32,106,106,122,37,87,87,11,11,11,11],"floor_reached":24,"playtime":256,"items_purged":["Strike_R","Strike_R"],"score":596,"play_id":"6c0a1f30-594f-4c2d-9de0-32d60255f462","local_time":"20201220203800","is_ascension_mode":true,"campfire_choices":[{"data":"Inflame","floor":7.0,"key":"SMITH"},{"floor":12,"key":"DIG"},{"data":"Fire Breathing","floor":15,"key":"SMITH"},{"data":"Evolve","floor":23,"key":"SMITH"}],"circlet_count":0,"master_deck":["AscendersBane","Strike_R+1","Defend_R","Defend_R","Defend_R","Bash","Inflame+1","Pommel Strike","Wild Strike","Fire Breathing+1","Dropkick","Double Tap","CurseOfTheBell","Second Wind","Perfected Strike","Double Tap","Evolve+1"],"relics":["Burning Blood","NeowsBlessing","Ancient Tea Set","Gremlin Horn","Shovel","Question Card","Calling Bell","Bronze Scales","Matryoshka","Torii","StrikeDummy"],"acts_visited":["Exordium","TheCity"],"potions_floor_usage":[16,24],"damage_taken":[{"damage":0.0,"enemies":"2 Louse","floor":1.0,"turns":1.0},{"damage":0.0,"enemies":"Lagavulin","floor":6.0,"turns":1.0},{"damage":0,"enemies":"3 Sentries","floor":10,"turns":1},{"damage":7,"enemies":"Jaw Worm","floor":11,"turns":2},{"damage":0,"enemies":"Small Slimes","floor":13,"turns":2},{"damage":0,"enemies":"Slime Boss","floor":16,"turns":6},{"damage":42,"enemies":"2 Thieves","floor":18,"turns":4},{"damage":34,"enemies":"Book of Stabbing","floor":24,"turns":3}],"seed_played":"2580130417426907998","potions_obtained":[{"floor":10,"key":"LiquidBronze"},{"floor":11,"key":"LiquidBronze"}],"is_trial":false,"path_per_floor":["M","?","?","$","?","E","R","?","T","E","M","R","M","$","R","B",null,"M","?","?","?","$","R","E"],"character_chosen":"IRONCLAD","items_purchased":["Pommel Strike","Evolve"],"campfire_rested":0,"item_purchase_floors":[4,22],"current_hp_per_floor":[74,79,79,79,55,61,61,61,61,67,66,66,72,72,72,78,80,44,44,44,44,44,44,10,10],"gold":11,"neow_bonus":"THREE_ENEMY_KILL","is_daily":false,"chose_seed":false,"campfire_upgraded":3,"win_rate":0.0,"timestamp":1608464280,"path_taken":["M","?","?","$","?","E","R","?","T","E","M","R","M","$","R","BOSS","M","?","?","?","?","R","E"],"items_purchased_type":["Card","Card"],"build_version":"2020-12-13","purchased_purges":2,"victory":false,"max_hp_per_floor":[75,80,80,80,80,80,80,80,80,80,80,80,80,80,80,80,80,80,80,80,80,80,80,80,80],"relic_stats":{"Shovel":1,"Gremlin Horn":[6,6],"Torii":1,"counters":[8,20],"Bronze Scales":[27],"Question Card":4,"obtain_stats":[{"Calling Bell":17,"Shovel":10,"Matryoshka":17,"NeowsBlessing":0,"Gremlin Horn":9,"Torii":17,"Bronze Scales":17,"Ancient Tea Set":6,"Question Card":12,"StrikeDummy":19,"Burning Blood":0},{"Calling Bell":6,"Shovel":3,"Matryoshka":6,"NeowsBlessing":0,"Gremlin Horn":2,"Torii":6,"Bronze Scales":6,"Ancient Tea Set":2,"Question Card":4,"StrikeDummy":7,"Burning Blood":0},{"Calling Bell":13,"Shovel":3,"Matryoshka":13,"NeowsBlessing":0,"Gremlin Horn":2,"Torii":13,"Bronze Scales":13,"Ancient Tea Set":2,"Question Card":5,"StrikeDummy":17,"Burning Blood":0}],"Burning Blood":42},"card_choices":[{"not_picked":["Headbutt","Cleave","Armaments"],"picked":"SKIP","floor":1.0},{"not_picked":["Havoc","Shockwave"],"picked":"Wild Strike","floor":6.0},{"not_picked":["Corruption","Cleave"],"picked":"Fire Breathing","floor":10},{"not_picked":["Anger","Clash"],"picked":"Dropkick","floor":11},{"not_picked":["Inflame","Whirlwind","Feel No Pain","Cleave"],"picked":"SKIP","floor":13},{"not_picked":["Impervious","Limit Break","Brutality"],"picked":"Double Tap","floor":16},{"not_picked":["Sentinel","Spot Weakness+1","Infernal Blade"],"picked":"Second Wind","floor":18}],"player_experience":876630,"relics_obtained":[{"floor":6.0,"key":"Ancient Tea Set"},{"floor":9,"key":"Gremlin Horn"},{"floor":10,"key":"Shovel"},{"floor":12,"key":"Question Card"},{"floor":17,"key":"Bronze Scales"},{"floor":17,"key":"Matryoshka"},{"floor":17,"key":"Torii"}],"event_choices":[{"damage_healed":0.0,"max_hp_gain":5.0,"max_hp_loss":0.0,"gold_gain":0.0,"event_name":"Big Fish","player_choice":"Donut","floor":2.0,"gold_loss":0.0,"damage_taken":0.0},{"damage_healed":0.0,"max_hp_gain":0.0,"max_hp_loss":0.0,"gold_gain":0.0,"cards_transformed":["Strike_R"],"event_name":"Living Wall","player_choice":"Change","floor":3.0,"gold_loss":0.0,"damage_taken":0.0,"cards_obtained":["Inflame"]},{"damage_healed":0.0,"max_hp_gain":0.0,"max_hp_loss":0.0,"gold_gain":0.0,"event_name":"Shining Light","player_choice":"Entered Light","floor":5.0,"gold_loss":0.0,"damage_taken":24.0,"cards_upgraded":["Strike_R","Strike_R"]},{"damage_healed":0,"gold_gain":30,"player_choice":"Searched \u00271\u0027 times","damage_taken":0,"max_hp_gain":0,"max_hp_loss":0,"event_name":"Dead Adventurer","floor":8,"gold_loss":0},{"damage_healed":0,"gold_gain":0,"player_choice":"Obtained Relic","damage_taken":0,"relics_obtained":["StrikeDummy"],"max_hp_gain":0,"max_hp_loss":0,"event_name":"Addict","floor":19,"gold_loss":85},{"damage_healed":0,"gold_gain":50,"player_choice":"Stole From Cult","damage_taken":0,"max_hp_gain":0,"max_hp_loss":0,"event_name":"Nest","floor":20,"gold_loss":0},{"damage_healed":0,"gold_gain":0,"cards_transformed":["Strike_R","Defend_R"],"player_choice":"Became Test Subject","damage_taken":0,"max_hp_gain":0,"max_hp_loss":0,"event_name":"Drug Dealer","floor":21,"gold_loss":0,"cards_obtained":["Perfected Strike","Double Tap"]}],"is_beta":false,"boss_relics":[{"not_picked":["Runic Cube","SacredBark"],"picked":"Calling Bell"}],"items_purged_floors":[4,14],"is_endless":false,"potions_floor_spawned":[10,11],"killed_by":"Book of Stabbing","ascension_level":20}}