{"host":"eq1m0q9u0q68wvol","time":1608442380,"event":{"mods":["Act Like it!","BaseMod","Colored Powertips","Gensokyo","Marisa（霧雨　魔理沙）","Minty Spire (QoL Compilation)","StSLib","The Servant 0.9.4","[IsaacMod]以撒尖塔"],"gold_per_floor":[134,34,54,54,54,85,99,124,147,159,4,4,14,14,14,132,132,147,182,182,182,5,45,45,88,88,108,121,138,157,191,191,306,306,316,170,189,42,52,86,106,125,202,202,202,237,249,275,275,275],"floor_reached":51,"playtime":4266,"items_purged":[],"score":814,"play_id":"82796675-0b86-407c-afd6-61970900e896","local_time":"20201220133300","is_ascension_mode":false,"campfire_choices":[{"data":"Zap","floor":15,"key":"SMITH"},{"data":"ElectricPowerLearning","floor":24,"key":"SMITH"},{"floor":32,"key":"REST"},{"data":"Static Discharge","floor":44,"key":"SMITH"},{"data":"Steam Power","floor":49,"key":"SMITH"}],"circlet_count":0,"master_deck":["Strike_B","Strike_B","Defend_B","Defend_B","Defend_B","Defend_B","Zap+1","BettingIsNotGood","Gensokyo:CrescentMoonSlash","Steam Power+1","ElectricPowerLearning+1","CurseOfTheBell","Panache","Gash","Static Discharge","Static Discharge+1","Heatsinks+1","Rip and Tear+1","Panache","Turbo+1","Turbo+1","Storm+1","Defragment","Defragment+1"],"relics":["HushsDoor","D4","Ring of the Snake","Shovel","MoneyPower","Dead Branch","Diplopia","Bird Faced Urn","GuppysTail","Pantograph","Toxic Egg 2","Sundial","Blue Candle","Matryoshka","Omamori","Ancient Tea Set","PreservedInsect","Dream Catcher","Inserter","RottenBaby","Astrolabe","DollysMirror","Runic Capacitor","DataDisk","Smiling Mask","Letter Opener","Frozen Egg 2","Bag of Marbles"],"acts_visited":["Exordium","TheCity","TheBeyond"],"potions_floor_usage":[19,25,31,31,31,41,50],"damage_taken":[{"damage":6,"enemies":"Gensokyo:2_Kodama","floor":1,"turns":3},{"damage":4,"enemies":"Gensokyo:Python","floor":3,"turns":3},{"damage":4,"enemies":"Gensokyo:Cirno","floor":6,"turns":5},{"damage":0,"enemies":"Gensokyo:3_Fairies","floor":7,"turns":3},{"damage":2,"enemies":"Gensokyo:Mamizou","floor":8,"turns":6},{"damage":9,"enemies":"Gensokyo:Kitsune","floor":10,"turns":3},{"damage":8,"enemies":"Gensokyo:CorruptedTreant","floor":13,"turns":2},{"damage":16,"enemies":"Gensokyo:Yukari","floor":16,"turns":7},{"damage":19,"enemies":"Shell Parasite","floor":18,"turns":5},{"damage":3,"enemies":"Masked Bandits","floor":19,"turns":2},{"damage":6,"enemies":"Slavers","floor":23,"turns":3},{"damage":22,"enemies":"Gremlin Leader","floor":25,"turns":5},{"damage":28,"enemies":"2 Thieves","floor":27,"turns":3},{"damage":22,"enemies":"Snake Plant","floor":28,"turns":4},{"damage":13,"enemies":"Snecko","floor":29,"turns":3},{"damage":9,"enemies":"Centurion and Healer","floor":30,"turns":3},{"damage":15,"enemies":"Chosen and Byrds","floor":31,"turns":3},{"damage":30,"enemies":"Automaton","floor":33,"turns":5},{"damage":11,"enemies":"Orb Walker","floor":35,"turns":3},{"damage":1,"enemies":"3 Darklings","floor":37,"turns":2},{"damage":24,"enemies":"4 Shapes","floor":39,"turns":3},{"damage":30,"enemies":"Giant Head","floor":40,"turns":6},{"damage":51,"enemies":"Jaw Worm Horde","floor":41,"turns":3},{"damage":4,"enemies":"Transient","floor":42,"turns":5},{"damage":19,"enemies":"Nemesis","floor":46,"turns":2},{"damage":0,"enemies":"Sphere and 2 Shapes","floor":47,"turns":1},{"damage":22,"enemies":"Giant Head","floor":48,"turns":5},{"damage":61,"enemies":"Time Eater","floor":50,"turns":3}],"seed_played":"-661577868547643818","potions_obtained":[{"floor":1,"key":"Explosive Potion"},{"floor":7,"key":"FearPotion"},{"floor":8,"key":"PowerPotion"},{"floor":18,"key":"PotionOfCapacity"},{"floor":19,"key":"Dexterity Potion"},{"floor":27,"key":"DuplicationPotion"},{"floor":29,"key":"FocusPotion"},{"floor":33,"key":"PowerPotion"},{"floor":37,"key":"FearPotion"},{"floor":39,"key":"PotionOfCapacity"},{"floor":46,"key":"SpeedPotion"}],"is_trial":false,"path_per_floor":["M","?","M","?","?","E","M","E","T","M","$","?","M","?","R","B",null,"M","?","?","?","$","E","R","E","T","M","M","M","M","M","R","B",null,"M","$","M","$","M","E","M","M","T","R","?","E","M","E","R","B",null],"character_chosen":"DEFECT","items_purchased":["Vajra","Panache","DollysMirror","Runic Capacitor"],"campfire_rested":1,"item_purchase_floors":[11,22,36,38],"current_hp_per_floor":[62,62,58,52,45,46,46,44,44,42,42,40,39,39,39,23,96,77,74,74,74,74,75,75,53,53,34,22,15,10,1,31,36,103,98,98,103,103,88,70,35,49,49,49,49,45,61,55,55,35],"gold":275,"neow_bonus":"ONE_RARE_RELIC","is_daily":false,"chose_seed":false,"campfire_upgraded":4,"win_rate":0.0,"timestamp":1608442380,"path_taken":["M","?","M","?","?","E","?","E","T","?","$","?","M","?","R","BOSS","M","?","?","?","?","E","R","E","T","M","M","M","M","M","R","BOSS","M","$","M","?","M","E","M","M","T","R","?","E","M","E","R","BOSS"],"items_purchased_type":["Relic","Card","Relic","Relic"],"build_version":"2020-12-13","purchased_purges":0,"victory":true,"max_hp_per_floor":[68,68,68,68,82,82,82,82,82,82,82,96,96,96,96,96,96,96,96,96,96,96,103,103,103,103,103,103,103,103,103,103,103,103,103,103,103,103,103,103,103,103,103,103,103,103,103,103,103,103],"card_choices":[{"not_picked":[],"picked":"BettingIsNotGood","floor":0},{"not_picked":["Skim","Pulse","Fusion"],"picked":"SKIP","floor":1},{"not_picked":["Pulse","Stack","Go for the Eyes"],"picked":"SKIP","floor":3},{"not_picked":["Genetic Algorithm","Amplify","Redo"],"picked":"SKIP","floor":6},{"not_picked":["Hologram","Steam"],"picked":"Steam Power","floor":7},{"not_picked":["Coolheaded","Biased Cognition"],"picked":"Self Repair","floor":8},{"not_picked":["Rebound","Redo","Undo"],"picked":"SKIP","floor":10},{"not_picked":["Beam Cell","Turbo","Consume"],"picked":"SKIP","floor":13},{"not_picked":["Reboot","Rainbow"],"picked":"ElectricPowerLearning","floor":16},{"not_picked":["Fusion","Recycle","Compile Driver+1"],"picked":"SKIP","floor":18},{"not_picked":["Cold Snap","Streamline","Sunder+1"],"picked":"SKIP","floor":23},{"not_picked":["Leap+1","Amplify","Rebound"],"picked":"SKIP","floor":25},{"not_picked":["Go for the Eyes","Darkness+1","Leap+1"],"picked":"SKIP","floor":27},{"not_picked":["Go for the Eyes","Reinforced Body+1","Sweeping Beam"],"picked":"SKIP","floor":28},{"not_picked":["Leap+1","Fan+1"],"picked":"Gash","floor":29},{"not_picked":["Recycle+1","Chill+1"],"picked":"Static Discharge","floor":30},{"not_picked":["Stack+1","Coolheaded+1","Melter"],"picked":"SKIP","floor":31},{"not_picked":["Darkness+1","Redo+1"],"picked":"Static Discharge","floor":32},{"not_picked":["Darkness+1","Sweeping Beam+1","Rebound+1"],"picked":"SKIP","floor":35},{"not_picked":["Chill+1","Ball Lightning+1"],"picked":"Turbo+1","floor":37},{"not_picked":["Fan+1","Stack+1"],"picked":"Turbo+1","floor":39},{"not_picked":["Consume+1","Beam Cell"],"picked":"Storm+1","floor":40},{"not_picked":["Sweeping Beam","Gash+1"],"picked":"Defragment","floor":41},{"not_picked":["Streamline","Stack+1","Fusion+1"],"picked":"SKIP","floor":42},{"not_picked":["Glacier+1","Coolheaded+1","Redo+1"],"picked":"SKIP","floor":46},{"not_picked":["Glacier+1","Biased Cognition+1"],"picked":"Defragment+1","floor":47},{"not_picked":["Beam Cell","Conserve Battery+1","Reprogram+1"],"picked":"SKIP","floor":48}],"player_experience":306988,"relics_obtained":[{"floor":6,"key":"GnawedLeaf"},{"floor":8,"key":"HowToJump"},{"floor":16,"key":"Gensokyo:OccultBall"},{"floor":17,"key":"Anchor"},{"floor":17,"key":"Cables"},{"floor":17,"key":"BlankCard"},{"floor":19,"key":"Red Mask"},{"floor":23,"key":"Strawberry"},{"floor":25,"key":"D6"},{"floor":26,"key":"Bottled Tornado"},{"floor":40,"key":"DataDisk"},{"floor":43,"key":"Smiling Mask"},{"floor":43,"key":"Letter Opener"},{"floor":46,"key":"Frozen Egg 2"},{"floor":48,"key":"Bag of Marbles"}],"event_choices":[{"damage_healed":0,"gold_gain":0,"player_choice":"Fought Bandits","damage_taken":0,"max_hp_gain":0,"max_hp_loss":0,"event_name":"Masked Bandits","floor":19,"gold_loss":0},{"damage_healed":0,"gold_gain":0,"player_choice":"Ignored","damage_taken":0,"max_hp_gain":0,"max_hp_loss":0,"event_name":"Vampires","floor":20,"gold_loss":0},{"damage_healed":0,"gold_gain":0,"player_choice":"Opened","damage_taken":0,"relics_obtained":["Thread and Needle"],"max_hp_gain":0,"max_hp_loss":0,"event_name":"The Mausoleum","floor":21,"gold_loss":0},{"cards_removed":["Steam"],"damage_healed":0,"gold_gain":0,"player_choice":"Removed Skill","damage_taken":0,"max_hp_gain":0,"max_hp_loss":0,"event_name":"Falling","floor":45,"gold_loss":0}],"is_beta":false,"boss_relics":[{"not_picked":["Sozu","Ectoplasm"],"picked":"Calling Bell"},{"not_picked":[]},{"not_picked":["Coffee Dripper","ChampionBelt"],"picked":"Astrolabe"},{"not_picked":[]}],"items_purged_floors":[],"is_endless":false,"potions_floor_spawned":[1,7,8,13,18,19,27,29,33,37,39,46,47],"ascension_level":0}}