{"host":"46hhpd9tbruz5rpt","time":1608446397,"event":{"mods":["BaseMod","Minty Spire (QoL Compilation)","Quick Restart","Replay The Spire","StSLib","The Cursed"],"gold_per_floor":[110,285,137,157,107,107,182,193,493,511,538,598,632,652,652,753,753,772,786,803,803,803,834,847,877,901,936,936,686,686,699,699,794,794,808,683,698,708,708,708,708,708,708,722,767,777,795,795,827,827,880,880,880,880,476,504,504],"floor_reached":58,"playtime":2883,"items_purged":["Doubt","TheCursedMod:CursedWand","TheCursedMod:SurpriseAttack"],"score":1405,"play_id":"b955687e-dfd7-4bbc-8a86-795b1fac9ddf","local_time":"20201220143957","is_ascension_mode":true,"campfire_choices":[{"data":"TheCursedMod:CircleOfCorruption","floor":6.0,"key":"SMITH"},{"data":"TheCursedMod:CleanUpWorkshop","floor":15.0,"key":"SMITH"},{"data":"TheCursedMod:CursedBoomerang","floor":28.0,"key":"SMITH"},{"floor":32,"key":"RECALL"},{"data":"TheCursedMod:CursedSpellbook","floor":40,"key":"SMITH"},{"data":"TheCursedMod:NeowsMight","floor":48,"key":"SMITH"},{"floor":54,"key":"REST"}],"circlet_count":0,"master_deck":["TheCursedMod:CleanUpWorkshop+1","TheCursedMod:CircleOfCorruption+1","TheCursedMod:CursedBoomerang+1","TheCursedMod:CursedSpellbook+1","TheCursedMod:NeowsMight+1","TheCursedMod:CircleOfCorruption+1","TheCursedMod:CircleOfCorruption+1"],"relics":["Pandora\u0027s Box","Old Coin","ReplayTheSpireMod:TigerMarble","Juzu Bracelet","Centennial Puzzle","Astrolabe","FaceOfCleric","Durian","TheCursedMod:Tack","Art of War","Divine Protection","Medical Kit","Black Star","Du-Vu Doll","Replay:Baseball","StoneCalendar","TheCursedMod:PinkPellets","Gremlin Horn","InkBottle","Replay:Multitool"],"acts_visited":["Exordium","TheCity","TheBeyond","TheEnding"],"potions_floor_usage":[57],"damage_taken":[{"damage":4.0,"enemies":"Small Slimes","floor":1.0,"turns":4.0},{"damage":4.0,"enemies":"Jaw Worm","floor":4.0,"turns":2.0},{"damage":0.0,"enemies":"2 Louse","floor":8.0,"turns":1.0},{"damage":0.0,"enemies":"Exordium Wildlife","floor":10.0,"turns":1.0},{"damage":8.0,"enemies":"Lagavulin","floor":11.0,"turns":3.0},{"damage":0.0,"enemies":"Gremlin Nob","floor":12.0,"turns":1.0},{"damage":12.0,"enemies":"3 Sentries","floor":13.0,"turns":4.0},{"damage":0.0,"enemies":"Blue Slaver","floor":14.0,"turns":1.0},{"damage":0.0,"enemies":"Slime Boss","floor":16.0,"turns":1.0},{"damage":0.0,"enemies":"2 Thieves","floor":18.0,"turns":1.0},{"damage":0.0,"enemies":"Shell Parasite","floor":19.0,"turns":1.0},{"damage":0.0,"enemies":"3 Cultists","floor":20.0,"turns":1.0},{"damage":0.0,"enemies":"Slavers","floor":23.0,"turns":1.0},{"damage":0.0,"enemies":"Centurion and Healer","floor":24.0,"turns":1.0},{"damage":0.0,"enemies":"Gremlin Leader","floor":25.0,"turns":1.0},{"damage":0.0,"enemies":"Replay:Snechameleon","floor":27.0,"turns":1.0},{"damage":0.0,"enemies":"Shelled Parasite and Fungi","floor":31.0,"turns":1.0},{"damage":2,"enemies":"Champ","floor":33,"turns":1},{"damage":0,"enemies":"3 Darklings","floor":35,"turns":1},{"damage":0,"enemies":"Orb Walker","floor":37,"turns":1},{"damage":0,"enemies":"Spire Growth","floor":38,"turns":1},{"damage":0,"enemies":"Sphere and 2 Shapes","floor":44,"turns":1},{"damage":0,"enemies":"Transient","floor":46,"turns":1},{"damage":0,"enemies":"Spire Growth","floor":47,"turns":1},{"damage":0,"enemies":"Giant Head","floor":49,"turns":1},{"damage":0,"enemies":"2 Orb Walkers","floor":51,"turns":1},{"damage":0,"enemies":"Replay:Hell Engine","floor":52,"turns":1},{"damage":0,"enemies":"Shield and Spear","floor":56,"turns":1},{"damage":52,"enemies":"The Heart","floor":57,"turns":4}],"seed_played":"-6416559910696270859","potions_obtained":[{"floor":1.0,"key":"ColorlessPotion"},{"floor":10.0,"key":"Weak Potion"},{"floor":11.0,"key":"Block Potion"},{"floor":14.0,"key":"TheCursedMod:DregsPotion"},{"floor":23.0,"key":"Death Potion"}],"is_trial":false,"path_per_floor":["M","?","$","M","?","R","?","M","T","M","E","?","E","M","R","B",null,"M","M","M","?","?","E","M","E","T","E","R","$","?","M","R","B",null,"M","$","M","M","?","R","PTL","PTL","?","M","T","M","M","R","E","$","R","B",null,"R","$","E","B",null],"character_chosen":"THE_CURSED","items_purchased":["TheCursedMod:CursedBoomerang","Medical Kit","TheCursedMod:PinkPellets","Gremlin Horn"],"campfire_rested":1,"item_purchase_floors":[3,29,55,55],"current_hp_per_floor":[71,71,71,67,67,67,56,56,56,56,48,50,38,38,38,43,77,77,77,77,77,77,83,84,85,85,86,86,86,86,87,87,86,88,89,89,90,91,91,91,91,91,86,87,87,88,89,89,90,90,91,92,92,92,92,93,42],"gold":504,"neow_bonus":"BOSS_RELIC","is_daily":false,"chose_seed":false,"campfire_upgraded":5,"win_rate":0.0,"timestamp":1608446397,"path_taken":["M","?","$","M","?","R","?","M","T","?","E","?","E","M","R","BOSS","M","M","M","?","?","E","M","E","T","E","R","$","?","M","R","BOSS","M","$","M","M","?","R","PTL","PTL","?","M","T","M","M","R","E","$","R","BOSS","R","$","E","BOSS"],"items_purchased_type":["Card","Relic","Relic","Relic"],"build_version":"2020-12-13","purchased_purges":3,"victory":true,"max_hp_per_floor":[75,75,75,75,75,75,75,75,75,75,75,77,77,77,77,77,77,77,77,77,77,77,83,84,85,85,86,86,86,86,87,87,88,88,89,89,90,91,91,91,91,91,86,87,87,88,89,89,90,90,91,92,92,92,92,93,94],"card_choices":[{"not_picked":["TheCursedMod:LuckyCharm","TheCursedMod:SmokeScreen"],"picked":"TheCursedMod:CircleOfCorruption","floor":1.0},{"not_picked":["TheCursedMod:FleshFromBone","TheCursedMod:PrepareRite"],"picked":"TheCursedMod:CursedSpellbook","floor":4.0},{"not_picked":["TheCursedMod:CircleOfFlame","TheCursedMod:BloodBarrier","TheCursedMod:Obscuration"],"picked":"SKIP","floor":8.0},{"not_picked":["TheCursedMod:VitalStrike","TheCursedMod:WearCloak","TheCursedMod:AbyssShockwave"],"picked":"SKIP","floor":10.0},{"not_picked":["TheCursedMod:Evocation","TheCursedMod:ManaCirculation"],"picked":"TheCursedMod:SurpriseAttack","floor":11.0},{"not_picked":["TheCursedMod:CursedBlade","TheCursedMod:ReleasedKnowledge","TheCursedMod:CircleOfAmplification"],"picked":"SKIP","floor":13.0},{"not_picked":["TheCursedMod:CursedAmulet","TheCursedMod:Stretching","TheCursedMod:CursedArmor"],"picked":"SKIP","floor":14.0},{"not_picked":["TheCursedMod:CursedRelics","TheCursedMod:VoidForm"],"picked":"TheCursedMod:NeowsMight","floor":16.0},{"not_picked":["TheCursedMod:SurpriseAttack","TheCursedMod:Torture"],"picked":"TheCursedMod:CircleOfCorruption+1","floor":18.0},{"not_picked":["TheCursedMod:WearCloak+1","TheCursedMod:LuckyCharm","TheCursedMod:CircleOfAmplification"],"picked":"SKIP","floor":19.0},{"not_picked":["TheCursedMod:AbyssShockwave","TheCursedMod:SurpriseAttack","TheCursedMod:LuckyCharm+1"],"picked":"SKIP","floor":20.0},{"not_picked":["TheCursedMod:SurpriseAttack","TheCursedMod:WearCloak","TheCursedMod:Neurasthenia"],"picked":"SKIP","floor":23.0},{"not_picked":["TheCursedMod:CursedMace","TheCursedMod:TacticalStrike","TheCursedMod:CursedShiv"],"picked":"SKIP","floor":24.0},{"not_picked":["TheCursedMod:Obscuration+1","TheCursedMod:Stigma","TheCursedMod:HellsGateOpen+1"],"picked":"SKIP","floor":25.0},{"not_picked":["TheCursedMod:Torture","TheCursedMod:CircleOfFlame","TheCursedMod:SpitefulStrike"],"picked":"SKIP","floor":27.0},{"not_picked":["TheCursedMod:SpitefulPlan","TheCursedMod:Wield+1","TheCursedMod:HellfireBreathing"],"picked":"SKIP","floor":31.0},{"not_picked":["TheCursedMod:WearCloak+1","TheCursedMod:Hemoplague+1","TheCursedMod:Wield+1"],"picked":"SKIP","floor":35},{"not_picked":["TheCursedMod:AshesToAshes+1","TheCursedMod:Torture"],"picked":"TheCursedMod:CircleOfCorruption+1","floor":37},{"not_picked":["TheCursedMod:Neurasthenia","TheCursedMod:Stigma+1","TheCursedMod:CircleOfFlame+1"],"picked":"SKIP","floor":38},{"not_picked":["TheCursedMod:Mangle+1","TheCursedMod:WearCloak","TheCursedMod:FleshFromBone+1"],"picked":"SKIP","floor":44},{"not_picked":["TheCursedMod:RavingStaff+1","TheCursedMod:Stigma","TheCursedMod:ReleasedKnowledge+1"],"picked":"SKIP","floor":46},{"not_picked":["TheCursedMod:Evocation","TheCursedMod:FleshFromBone","TheCursedMod:RavingStaff"],"picked":"SKIP","floor":47},{"not_picked":["TheCursedMod:AbyssShockwave+1","TheCursedMod:Grudge","TheCursedMod:CursedAmulet"],"picked":"SKIP","floor":49},{"not_picked":["TheCursedMod:LuckyCharm","TheCursedMod:CollectTribute","TheCursedMod:BlessingInDisguise"],"picked":"SKIP","floor":56}],"player_experience":74283,"relics_obtained":[{"floor":9.0,"key":"Old Coin"},{"floor":11.0,"key":"ReplayTheSpireMod:TigerMarble"},{"floor":12.0,"key":"Juzu Bracelet"},{"floor":13.0,"key":"Centennial Puzzle"},{"floor":23.0,"key":"Durian"},{"floor":25.0,"key":"TheCursedMod:Tack"},{"floor":26.0,"key":"Art of War"},{"floor":27.0,"key":"Divine Protection"},{"floor":49,"key":"Du-Vu Doll"},{"floor":49,"key":"Replay:Baseball"},{"floor":51,"key":"StoneCalendar"},{"floor":56,"key":"InkBottle"},{"floor":56,"key":"Replay:Multitool"}],"event_choices":[{"damage_healed":0.0,"max_hp_gain":0.0,"max_hp_loss":0.0,"gold_gain":175.0,"event_name":"Liars Game","player_choice":"AGREE","floor":2.0,"gold_loss":0.0,"damage_taken":0.0,"cards_obtained":["Doubt"]},{"cards_removed":["TheCursedMod:Dregs"],"damage_healed":0.0,"max_hp_gain":0.0,"max_hp_loss":0.0,"gold_gain":0.0,"event_name":"The Cleric","player_choice":"Card Removal","floor":5.0,"gold_loss":50.0,"damage_taken":0.0},{"damage_healed":0.0,"max_hp_gain":0.0,"max_hp_loss":0.0,"gold_gain":75.0,"event_name":"World of Goop","player_choice":"Gather Gold","floor":7.0,"gold_loss":0.0,"damage_taken":11.0},{"damage_healed":0.0,"max_hp_gain":0.0,"max_hp_loss":0.0,"gold_gain":0.0,"event_name":"Dead Adventurer","player_choice":"Searched \u00271\u0027 times","floor":12.0,"gold_loss":0.0,"damage_taken":0.0},{"damage_healed":0.0,"max_hp_gain":0.0,"max_hp_loss":0.0,"gold_gain":0.0,"event_name":"FaceTrader","player_choice":"Trade","floor":21.0,"gold_loss":0.0,"damage_taken":0.0,"relics_obtained":["FaceOfCleric"]},{"damage_healed":0.0,"max_hp_gain":0.0,"max_hp_loss":0.0,"gold_gain":0.0,"event_name":"The Mausoleum","player_choice":"Ignored","floor":22.0,"gold_loss":0.0,"damage_taken":0.0},{"damage_healed":0.0,"max_hp_gain":0.0,"max_hp_loss":0.0,"gold_gain":0.0,"event_name":"Vampires","player_choice":"Ignored","floor":30.0,"gold_loss":0.0,"damage_taken":0.0},{"damage_healed":0,"gold_gain":0,"player_choice":"Max HP","damage_taken":0,"max_hp_gain":0,"max_hp_loss":5,"event_name":"Winding Halls","floor":43,"gold_loss":0},{"damage_healed":0,"gold_gain":0,"player_choice":"Fight","damage_taken":0,"max_hp_gain":0,"max_hp_loss":0,"event_name":"Mysterious Sphere","floor":51,"gold_loss":0}],"is_beta":false,"boss_relics":[{"not_picked":["Velvet Choker","Calling Bell"],"picked":"Astrolabe"},{"not_picked":["TheCursedMod:OminousMark","SlaversCollar"],"picked":"Black Star"}],"items_purged_floors":[3,29,36],"is_endless":false,"potions_floor_spawned":[1,10,11,14,18,20,23,31,33,37,44],"ascension_level":2}}