{"host":"cc187","time":1608460663,"event":{"mods":["AchievementEnabler","BaseMod","Bestiary","Colored Map","Colored Powertips","Highlight Path","Keyboard Shortcuts","Minty Spire (QoL Compilation)","Quick Restart","Rare Cards Sparkle","Relic Stats","StSLib","SuperFastMode","Synergy Search"],"gold_per_floor":[112,112,61,81,99,127,87,87,87],"floor_reached":8,"playtime":386,"items_purged":[],"score":104,"play_id":"59bbe5a1-c470-4357-a1f5-c5c737d9aecc","local_time":"20201220103743","is_ascension_mode":true,"campfire_choices":[],"circlet_count":0,"master_deck":["AscendersBane","Strike_G","Strike_G","Strike_G","Strike_G","Strike_G","Defend_G","Defend_G","Defend_G","Defend_G","Defend_G","Survivor","Neutralize","Riddle With Holes+1","Dagger Throw","Cloak And Dagger","Prepared","Night Terror","Dagger Spray"],"relics":["SlaversCollar","Torii"],"acts_visited":["Exordium"],"potions_floor_usage":[6,8],"damage_taken":[{"damage":13,"enemies":"2 Louse","floor":1,"turns":4},{"damage":6,"enemies":"Cultist","floor":4,"turns":5},{"damage":2,"enemies":"Small Slimes","floor":5,"turns":4},{"damage":20,"enemies":"Gremlin Nob","floor":6,"turns":6},{"damage":6,"enemies":"Looter","floor":7,"turns":4},{"damage":12,"enemies":"3 Sentries","floor":8,"turns":4}],"seed_played":"-9000472241506709247","potions_obtained":[{"floor":1,"key":"PowerPotion"},{"floor":5,"key":"ColorlessPotion"}],"is_trial":false,"path_per_floor":["M","?","$","M","M","E","M","E"],"character_chosen":"THE_SILENT","items_purchased":["Dagger Throw"],"campfire_rested":0,"item_purchase_floors":[3],"current_hp_per_floor":[46,46,46,40,38,18,12,0,0],"gold":87,"neow_bonus":"BOSS_RELIC","is_daily":false,"chose_seed":false,"campfire_upgraded":0,"win_rate":0.0,"timestamp":1608460663,"path_taken":["M","?","$","M","M","E","M","E"],"items_purchased_type":["Card"],"build_version":"2020-12-18","purchased_purges":0,"victory":false,"max_hp_per_floor":[66,66,66,66,66,66,66,66,66],"relic_stats":{"Torii":4,"counters":[6,27],"obtain_stats":[{"SlaversCollar":0,"Torii":6,"Ring of the Snake":0},{"SlaversCollar":0,"Torii":4,"Ring of the Snake":0},{"SlaversCollar":0,"Torii":19,"Ring of the Snake":0}]},"card_choices":[{"not_picked":["Prepared","Bane"],"picked":"Riddle With Holes","floor":1},{"not_picked":["Calculated Gamble","Flying Knee"],"picked":"Cloak And Dagger","floor":4},{"not_picked":["Sucker Punch","Crippling Poison"],"picked":"Prepared","floor":5},{"not_picked":["Underhanded Strike","Crippling Poison"],"picked":"Night Terror","floor":6},{"not_picked":["Slice","Prepared"],"picked":"Dagger Spray","floor":7}],"player_experience":797975,"relics_obtained":[{"floor":6,"key":"Torii"}],"event_choices":[{"damage_healed":0,"gold_gain":0,"player_choice":"Forge","damage_taken":0,"max_hp_gain":0,"max_hp_loss":0,"event_name":"Accursed Blacksmith","floor":2,"gold_loss":0,"cards_upgraded":["Riddle With Holes"]}],"is_beta":true,"boss_relics":[],"items_purged_floors":[],"is_endless":false,"potions_floor_spawned":[1,5],"killed_by":"3 Sentries","ascension_level":17}}