{"host":"jzehok24c0182h89","time":1608485569,"event":{"mods":["Bard","BaseMod","Colored Map","Colored Powertips","Downfall","Hermit","Marisa????????","Minty Spire (QoL Compilation)","Random Character Button","Shade Mod","StSLib","The Alterego","The Blackbeard","The Bug Knight","The Construct","The Cursed","The Disciple","The Hierophant","The Necromancer","The Servant 0.9.4"],"gold_per_floor":[19,19,35,35,48,102,27,71,97,136,136,197,211,286,286,286,286],"floor_reached":16,"playtime":1042,"items_purged":["Strike_MRS"],"score":112,"play_id":"6b31cda3-1772-4361-9797-9b486ac73329","local_time":"20201220123249","is_ascension_mode":false,"campfire_choices":[{"data":"OrrerysSun","floor":11,"key":"SMITH"},{"floor":15,"key":"REST"}],"circlet_count":0,"master_deck":["Strike_MRS","Strike_MRS","Strike_MRS","Defend_MRS","Defend_MRS+1","Defend_MRS","Defend_MRS+1","MasterSpark","UpSweep","CasketOfStar","EventHorizon","DarkSpark","WitchOfGreed","GrandCross","RefractionSpark","OrrerysSun+1","DC","MilkyWay"],"relics":["MiniHakkero","Golden Idol","Anchor","War Paint","Smiling Mask"],"acts_visited":["Exordium"],"potions_floor_usage":[6,8,12,16],"damage_taken":[{"damage":1,"enemies":"Jaw Worm","floor":1,"turns":4},{"damage":0,"enemies":"Small Slimes","floor":3,"turns":4},{"damage":0,"enemies":"Cultist","floor":5,"turns":2},{"damage":21,"enemies":"Lagavulin","floor":6,"turns":8},{"damage":5,"enemies":"Large Slime","floor":8,"turns":6},{"damage":2,"enemies":"3 Louse","floor":10,"turns":3},{"damage":8,"enemies":"3 Sentries","floor":12,"turns":7},{"damage":0,"enemies":"Red Slaver","floor":13,"turns":3},{"damage":32,"enemies":"The Guardian","floor":16,"turns":5}],"seed_played":"4243999636502282771","potions_obtained":[{"floor":4,"key":"DuplicationPotion"},{"floor":4,"key":"DuplicationPotion"},{"floor":4,"key":"FairyPotion"},{"floor":6,"key":"Weak Potion"},{"floor":6,"key":"BottledSpark"},{"floor":8,"key":"SkillPotion"},{"floor":10,"key":"EssenceOfSteel"},{"floor":12,"key":"construct:ShiftPotion"}],"is_trial":false,"path_per_floor":["M","?","M","?","M","E","$","M","T","M","R","E","M","?","R","B"],"character_chosen":"MARISA","items_purchased":[],"campfire_rested":1,"item_purchase_floors":[],"current_hp_per_floor":[74,56,56,56,56,35,35,30,30,28,28,20,20,9,31,0,0],"gold":286,"neow_bonus":"THREE_RARE_CARDS","is_daily":false,"chose_seed":false,"campfire_upgraded":1,"win_rate":0.0,"timestamp":1608485569,"path_taken":["M","?","M","?","M","E","$","M","T","M","R","E","?","?","R","BOSS"],"items_purchased_type":[],"build_version":"2020-12-13","purchased_purges":1,"victory":false,"max_hp_per_floor":[75,75,75,75,75,75,75,75,75,75,75,75,75,75,75,75,75],"card_choices":[{"not_picked":["UltimateShortwave","SatelliteIllusion"],"picked":"CasketOfStar","floor":0},{"not_picked":["UnstableBomb","EarthLightRay"],"picked":"EventHorizon","floor":1},{"not_picked":["OneTimeOff","IllusionStar"],"picked":"DarkSpark","floor":3},{"not_picked":["EventHorizon","StarBarrage"],"picked":"WitchOfGreed","floor":5},{"not_picked":["ChargingUp","PowerUp"],"picked":"GrandCross","floor":6},{"not_picked":["ChargeUpSpray","IllusionStar"],"picked":"RefractionSpark","floor":8},{"not_picked":["BlazeAway","AsteroidBelt"],"picked":"OrrerysSun","floor":10},{"not_picked":["FairyDestructionRay","GalacticHalo"],"picked":"DC","floor":12},{"not_picked":["PowerUp","GravityBeat"],"picked":"MilkyWay","floor":13}],"player_experience":827192,"relics_obtained":[{"floor":6,"key":"Anchor"},{"floor":9,"key":"War Paint"},{"floor":12,"key":"Smiling Mask"}],"event_choices":[{"damage_healed":0,"gold_gain":0,"player_choice":"Take Damage","damage_taken":18,"relics_obtained":["Golden Idol"],"max_hp_gain":0,"max_hp_loss":0,"event_name":"Golden Idol","floor":2,"gold_loss":0},{"damage_healed":0,"gold_gain":0,"player_choice":"Got Potions","damage_taken":0,"max_hp_gain":0,"max_hp_loss":0,"event_name":"Lab","floor":4,"gold_loss":0},{"damage_healed":0,"gold_gain":75,"player_choice":"Gather Gold","damage_taken":11,"max_hp_gain":0,"max_hp_loss":0,"event_name":"World of Goop","floor":14,"gold_loss":0}],"is_beta":false,"boss_relics":[],"items_purged_floors":[7],"is_endless":false,"potions_floor_spawned":[5,6],"killed_by":"The Guardian","ascension_level":0}}