{"host":"5gc11emcm5chfr5t","time":1608492754,"event":{"mods":["2.2 Compatiblity","AchievementEnabler","BaseMod","Bestiary","Better Note","Colored Map","Colored Powertips","Downfall","Googly Eyes","Minty Spire (QoL Compilation)","Rare Cards Sparkle","StSLib"],"gold_per_floor":[99,99,24,24,50,50,50,200,200,234,245,265,55,80,109,109,109],"floor_reached":16,"playtime":360,"items_purged":[],"score":205,"play_id":"70793e81-9ee6-48e5-abff-eb26cc6a9192","local_time":"20201220143234","is_ascension_mode":true,"campfire_choices":[{"floor":1,"key":"RECALL"},{"data":"sneckomod:TailWhip","floor":3,"key":"SMITH"},{"floor":6,"key":"REST"},{"floor":9,"key":"REST"}],"circlet_count":0,"master_deck":["AscendersBane","sneckomod:Strike","sneckomod:Strike","sneckomod:Defend","sneckomod:Defend","sneckomod:TailWhip+1","sneckomod:SnekBite+1","sneckomod:Unknown+1","sneckomod:Unknown+1","sneckomod:UnknownStrike","Doubt","sneckomod:UnknownUncommonAttack","sneckomod:IronFang","sneckomod:DiceBoulder","sneckomod:GlitteringGambit","expansioncontent:QuickStudy","sneckomod:UnknownClassRED","sneckomod:QuickMove"],"relics":["Empty Cage","downfall:HeartBlessingRed","Kunai","Toy Ornithopter","Darkstone Periapt"],"acts_visited":["Exordium"],"potions_floor_usage":[11],"damage_taken":[{"damage":35,"enemies":"Lagavulin","floor":5,"turns":4},{"damage":60,"enemies":"Gremlin Nob","floor":10,"turns":5},{"damage":0,"enemies":"2 Louse","floor":11,"turns":1},{"damage":0,"enemies":"Small Slimes","floor":12,"turns":2},{"damage":10,"enemies":"downfall:FleeingMerchant","floor":13,"turns":4},{"damage":0,"enemies":"Cultist","floor":14,"turns":3},{"damage":18,"enemies":"Red Slaver","floor":15,"turns":3},{"damage":31,"enemies":"downfall:Ironclad","floor":16,"turns":3}],"seed_played":"-2256949594509395990","potions_obtained":[{"floor":10,"key":"Explosive Potion"},{"floor":15,"key":"champ:CounterPotion"}],"is_trial":false,"path_per_floor":["R","?","R","?","E","R","T","?","R","E","M","M","$","M","M","B"],"character_chosen":"THE_SNECKO","items_purchased":["expansioncontent:QuickStudy"],"campfire_rested":2,"item_purchase_floors":[13],"current_hp_per_floor":[75,75,75,75,40,64,64,64,83,26,31,31,21,21,3,0,0],"gold":109,"neow_bonus":"BOSS_RELIC","is_daily":false,"chose_seed":false,"campfire_upgraded":1,"win_rate":0.0,"timestamp":1608492754,"path_taken":["R","?","R","?","E","R","T","?","R","E","M","M","$","M","M","BOSS"],"items_purchased_type":["Card"],"build_version":"2020-12-13","purchased_purges":0,"victory":false,"max_hp_per_floor":[83,83,83,83,83,83,83,83,83,83,83,83,83,83,83,83,83],"card_choices":[{"not_picked":["sneckomod:UnknownCommonSkill","sneckomod:Nope"],"picked":"sneckomod:UnknownStrike","floor":5},{"not_picked":["sneckomod:UnknownX","sneckomod:RainOfDice"],"picked":"sneckomod:UnknownUncommonAttack","floor":10},{"not_picked":["sneckomod:TrashToTreasure","sneckomod:UnknownVulnerable"],"picked":"sneckomod:IronFang","floor":11},{"not_picked":["sneckomod:DiceBlock","sneckomod:SnekBeam"],"picked":"sneckomod:DiceBoulder","floor":12},{"not_picked":["sneckomod:UnknownUncommonAttack","sneckomod:SnekBeam"],"picked":"sneckomod:GlitteringGambit","floor":13},{"not_picked":["sneckomod:DiceBlock","sneckomod:RainOfDice"],"picked":"sneckomod:UnknownClassRED","floor":14},{"not_picked":["sneckomod:UnknownCommonSkill","sneckomod:Nope"],"picked":"sneckomod:QuickMove","floor":15}],"player_experience":450087,"relics_obtained":[{"floor":5,"key":"Kunai"},{"floor":7,"key":"Toy Ornithopter"},{"floor":10,"key":"Darkstone Periapt"}],"event_choices":[{"cards_removed":["Regret"],"damage_healed":0,"gold_gain":0,"player_choice":"Card Removal","damage_taken":0,"max_hp_gain":0,"max_hp_loss":0,"event_name":"The Cleric","floor":4,"gold_loss":0}],"is_beta":false,"boss_relics":[],"items_purged_floors":[],"is_endless":false,"potions_floor_spawned":[10,15],"killed_by":"downfall:Ironclad","ascension_level":18}}