{"host":"zyn2zcp8fez1ptuq","time":1608486322,"event":{"mods":["BaseMod","BetterRewards","Downfall","Hermit","Hubris","Infinite Spire","Minty Spire (QoL Compilation)","Replay The Spire","Robot Space Explorer","Shade Mod","Shop Mod","StSLib","The Animator","The Cursed","The Jungle","The Necromancer"],"gold_per_floor":[117,12,22,22,22,57,57,57,57],"floor_reached":8,"playtime":376,"items_purged":[],"score":54,"play_id":"ced132b2-b0e2-4c95-adc9-ad0201a671db","local_time":"20201220124522","is_ascension_mode":false,"campfire_choices":[{"data":"TheCursedMod:UltimatePain","floor":7,"key":"SMITH"}],"circlet_count":0,"master_deck":["TheCursedMod:Strike_TheCursed","TheCursedMod:Strike_TheCursed","TheCursedMod:Strike_TheCursed","TheCursedMod:Strike_TheCursed","TheCursedMod:Defend_TheCursed","TheCursedMod:Defend_TheCursed","TheCursedMod:Defend_TheCursed","TheCursedMod:Defend_TheCursed","TheCursedMod:CursedWand","TheCursedMod:CleanUpWorkshop","TheCursedMod:Dregs","TheCursedMod:CursedMace","TheCursedMod:AbyssShockwave","TheCursedMod:Torture","TheCursedMod:UltimatePain+1","CommonCold","TheCursedMod:VitalStrike"],"relics":["TheCursedMod:BlackMagic101","hubris:Icosahedron","hubris:DisguiseKit","Juzu Bracelet"],"acts_visited":["Exordium"],"potions_floor_usage":[3],"damage_taken":[{"damage":0,"enemies":"Small Slimes","floor":1,"turns":3},{"damage":15,"enemies":"Jaw Worm","floor":3,"turns":4},{"damage":54,"enemies":"Gremlin Nob","floor":6,"turns":5},{"damage":27,"enemies":"Lagavulin","floor":8,"turns":2}],"seed_played":"4278143016387058236","potions_obtained":[{"floor":1,"key":"Reflective Coating"}],"is_trial":false,"path_per_floor":["M","$","M","?","?","E","R","E"],"character_chosen":"THE_CURSED","items_purchased":["TheCursedMod:AbyssShockwave","TheCursedMod:Torture"],"campfire_rested":0,"item_purchase_floors":[2,2],"current_hp_per_floor":[82,82,67,67,67,13,13,0,0],"gold":57,"neow_bonus":"TEN_PERCENT_HP_BONUS","is_daily":false,"chose_seed":false,"campfire_upgraded":1,"win_rate":0.0,"timestamp":1608486322,"path_taken":["M","$","M","?","?","E","R","E"],"items_purchased_type":["Card","Card"],"build_version":"2020-12-13","purchased_purges":0,"victory":false,"max_hp_per_floor":[82,82,82,82,82,82,82,82,82],"card_choices":[{"not_picked":["TheCursedMod:Stretching","TheCursedMod:FleshFromBone"],"picked":"TheCursedMod:CursedMace","floor":1},{"not_picked":["TheCursedMod:CursedBlade","TheCursedMod:CursedMace"],"picked":"TheCursedMod:UltimatePain","floor":3},{"not_picked":["TheCursedMod:CursedMace","TheCursedMod:RapidMovement","RobotSpaceExplorer:FreezingShield"],"picked":"TheCursedMod:VitalStrike","floor":6}],"player_experience":478515,"relics_obtained":[{"floor":6,"key":"Juzu Bracelet"}],"event_choices":[],"is_beta":false,"boss_relics":[],"items_purged_floors":[],"is_endless":false,"potions_floor_spawned":[1],"killed_by":"Lagavulin","ascension_level":0}}