{"host":"6n0q4j9kl9hs27he","time":1608474641,"event":{"mods":["BaseMod","Minty Spire (QoL Compilation)","Replay The Spire","StSLib"],"gold_per_floor":[112,124,140,96,116,116,16,28,105,105,105,118,137,171,171,274,274,293,310,328,328,328],"floor_reached":21,"playtime":981,"items_purged":["Decay","Defend_R"],"score":185,"play_id":"f13cda5e-d819-43da-b69b-06ae2b3d93a7","local_time":"20201220063041","is_ascension_mode":false,"campfire_choices":[{"data":"Armaments","floor":6,"key":"SMITH"},{"data":"Cleave","floor":10,"key":"SMITH"},{"floor":15,"key":"DIG"}],"circlet_count":0,"master_deck":["Bash","Ghostly Armor","Bloodletting","Inflame","Armaments+1","Cleave+1","Limit Break","Inflame","Carnage+1","Juggernaut","Hemokinesis+1","Demonic Infusion","Iron Wave+1","ReplayTheSpireMod:LeadingStrike+1","Exhume","Bludgeon+1","Armaments"],"relics":["Burning Blood","NeowsBlessing","ReplayTheSpireMod:CursedCoin","Molten Egg 2","Prayer Wheel","MealTicket","Replay:Grab Bag","Mark of Pain","Ooze Armor","Pandora\u0027s Box","Empty Cage"],"acts_visited":["Exordium","TheCity"],"potions_floor_usage":[5,13,16,21],"damage_taken":[{"damage":0,"enemies":"Cultist","floor":1,"turns":1},{"damage":0,"enemies":"Jaw Worm","floor":2,"turns":1},{"damage":0,"enemies":"2 Louse","floor":3,"turns":1},{"damage":12,"enemies":"Lots of Slimes","floor":5,"turns":6},{"damage":14,"enemies":"3 Louse","floor":8,"turns":6},{"damage":5,"enemies":"Exordium Thugs","floor":12,"turns":4},{"damage":13,"enemies":"Large Slime","floor":13,"turns":5},{"damage":29,"enemies":"Lagavulin","floor":14,"turns":6},{"damage":18,"enemies":"Slime Boss","floor":16,"turns":10},{"damage":28,"enemies":"Shell Parasite","floor":18,"turns":4},{"damage":12,"enemies":"Spheric Guardian","floor":19,"turns":3},{"damage":39,"enemies":"Snecko","floor":20,"turns":7},{"damage":28,"enemies":"Centurion and Healer","floor":21,"turns":2}],"seed_played":"3368212834814291754","potions_obtained":[{"floor":2,"key":"Adrenaline Potion"},{"floor":3,"key":"Block Potion"},{"floor":5,"key":"PowerPotion"},{"floor":16,"key":"Cursed Concoction"},{"floor":18,"key":"Strength Potion"}],"is_trial":false,"path_per_floor":["M","M","M","$","M","R","$","M","T","R","?","M","M","E","R","B",null,"M","M","M","M"],"character_chosen":"IRONCLAD","items_purchased":["ReplayTheSpireMod:CursedCoin","Inflame","Armaments"],"campfire_rested":0,"item_purchase_floors":[4,4,4],"current_hp_per_floor":[80,80,80,80,74,74,74,66,66,66,66,67,60,37,37,25,80,58,52,19,0,0],"gold":328,"neow_bonus":"THREE_ENEMY_KILL","is_daily":false,"chose_seed":false,"campfire_upgraded":2,"win_rate":0.0,"timestamp":1608474641,"path_taken":["M","?","M","$","M","R","$","M","T","R","?","M","M","E","R","BOSS","M","M","M","M"],"items_purchased_type":["Relic","Card","Card"],"build_version":"2020-12-13","purchased_purges":2,"victory":false,"max_hp_per_floor":[80,80,80,80,80,80,80,80,80,80,80,80,80,80,80,80,80,80,80,80,80,80],"card_choices":[{"not_picked":["Wild Strike","Hemokinesis"],"picked":"Ghostly Armor","floor":1},{"not_picked":["Perfected Strike","Wild Strike","ReplayTheSpireMod:LeadingStrike"],"picked":"SKIP","floor":2},{"not_picked":["ReplayTheSpireMod:Strike From Hell","Sword Boomerang"],"picked":"Bloodletting","floor":3},{"not_picked":["Anger","Clothesline","Thunderclap"],"picked":"SKIP","floor":5},{"not_picked":["Entrench","Run Through"],"picked":"Cleave","floor":8},{"not_picked":["Sever Soul+1","Dual Wield"],"picked":"Inflame","floor":12},{"not_picked":["Intimidate","Run Through+1","Perfected Strike+1"],"picked":"SKIP","floor":13},{"not_picked":["Clash+1","Searing Blow+1"],"picked":"Carnage+1","floor":14},{"not_picked":["Corruption","Impervious"],"picked":"Juggernaut","floor":16},{"not_picked":["Thunderclap+1","Clothesline+1","Replay:Undeath\u0027s Touch+1"],"picked":"SKIP","floor":18},{"not_picked":["Heavy Blade+1","Havoc","Body Slam+1"],"picked":"SKIP","floor":18},{"not_picked":["Thunderclap+1","Pommel Strike+1","Perfected Strike+1"],"picked":"SKIP","floor":19},{"not_picked":["Shockwave","Body Slam+1","Inflame"],"picked":"SKIP","floor":19},{"not_picked":["Run Through+1","Clash+1"],"picked":"Armaments","floor":20},{"not_picked":["Burning Pact","Disarm","Iron Wave+1"],"picked":"SKIP","floor":20}],"player_experience":336804,"relics_obtained":[{"floor":9,"key":"Molten Egg 2"},{"floor":14,"key":"Prayer Wheel"},{"floor":15,"key":"MealTicket"}],"event_choices":[{"damage_healed":0,"gold_gain":0,"player_choice":"1 cards matched","damage_taken":0,"max_hp_gain":0,"max_hp_loss":0,"event_name":"Match and Keep!","floor":11,"gold_loss":0,"cards_obtained":["Limit Break"]}],"is_beta":false,"boss_relics":[{"not_picked":["Cursed Key","Fusion Hammer"],"picked":"Replay:Grab Bag"},{"not_picked":["Electric Blood","ReplayTheSpireMod:Onyx Gauntlets"],"picked":"Mark of Pain"},{"not_picked":["Runic Dome","ChewingGum"],"picked":"Ooze Armor"},{"not_picked":["Snecko Eye","Ring of Chaos"],"picked":"Pandora\u0027s Box"},{"not_picked":["Astrolabe","Black Blood"],"picked":"Empty Cage"}],"items_purged_floors":[4,7],"is_endless":false,"potions_floor_spawned":[2,3,5,16,18],"killed_by":"Centurion and Healer","ascension_level":0}}