{"host":"njruw0b0uprlitpx","time":1608459791,"event":{"mods":["2.2 Compatiblity","Astrologer","BaseMod","Better Altar","Better Note","Better Sensory Stone","Better Skull","Better Third Choice","BetterRewards","Block Reminder","Colored Map","Colored Powertips","Hermit","Jedi Mod","Keyboard Shortcuts","Minty Spire (QoL Compilation)","Quick Restart","Relic Stats","Replay The Spire","SacredBarkPlus","Spicy Shops","StSLib","SuperFastMode","The Blackbeard","The Bug Knight","The Construct","The Evolution","The Forsaken","The Mystic","The Problem Sleuth","The Runesmith","The Spell Scribe","Wandering Minibosses"],"gold_per_floor":[111,43,118,118,137,164,164,175,243,276,20,20,71,101,113,230,242,274,336,78,78,78,78,33,33,33,33,33,33,33,33,33,33,33,33],"floor_reached":34,"playtime":3129,"items_purged":["jedi:thedog","Clumsy"],"score":533,"play_id":"12755beb-7997-4290-b92e-e7ea21e79c7b","local_time":"20201220042311","is_ascension_mode":true,"campfire_choices":[{"floor":7,"key":"REST"},{"data":"evolutionmod:CurrentsDancer","floor":15,"key":"SMITH"},{"floor":25,"key":"REST"},{"data":"evolutionmod:FeatherStorm","floor":32,"key":"SMITH"}],"circlet_count":0,"master_deck":["evolutionmod:LoyalWarrior+1","evolutionmod:StrikeEvo+1","evolutionmod:StrikeEvo+1","evolutionmod:LoyalCompanion","evolutionmod:DefendEvo+1","evolutionmod:DefendEvo+1","evolutionmod:DefendEvo+1","evolutionmod:DefendEvo+1","evolutionmod:Phoenix+1","evolutionmod:HeavyKick","evolutionmod:CurrentsDancer+1","evolutionmod:SpikeVolley+1","evolutionmod:Firebloom","evolutionmod:FeatherStorm+1","evolutionmod:TalonStrike","evolutionmod:PegasusDescent","evolutionmod:StripArmor","evolutionmod:Firebloom+1","ReplayTheSpireMod:Private Reserves","evolutionmod:Seduce","evolutionmod:Shrink","evolutionmod:ChimeraStrike","evolutionmod:Stampede"],"relics":["evolutionmod:TorisGift","ReplayTheSpireMod:CursedCoin","Medical Kit","Bronze Scales","jedi:Pinwheel","Replay:Rubber Ducky","jedi:shrinkray","MawBank","jedi:paperlyon","jedi:ominousloannote","Orrery","Boot","Pear","Replay:Wax Seal","Replay:Accelerometer","StrikeDummy"],"acts_visited":["Exordium","TheCity"],"potions_floor_usage":[10,16,16,16,24,27,27,33],"damage_taken":[{"damage":6,"enemies":"2 Louse","floor":1,"turns":2},{"damage":7,"enemies":"Jaw Worm","floor":5,"turns":2},{"damage":9,"enemies":"3 Sentries","floor":6,"turns":6},{"damage":0,"enemies":"Cultist","floor":8,"turns":2},{"damage":21,"enemies":"Lagavulin","floor":10,"turns":4},{"damage":2,"enemies":"Exordium Thugs","floor":14,"turns":3},{"damage":34,"enemies":"Slime Boss","floor":16,"turns":9},{"damage":6,"enemies":"Shell Parasite","floor":18,"turns":3},{"damage":29,"enemies":"Book of Stabbing","floor":23,"turns":4},{"damage":13,"enemies":"2 Thieves","floor":24,"turns":3},{"damage":0,"enemies":"Slavers","floor":27,"turns":3},{"damage":24,"enemies":"Snake Plant","floor":28,"turns":2},{"damage":0,"enemies":"Cultist and Chosen","floor":29,"turns":4},{"damage":4,"enemies":"3 Cultists","floor":31,"turns":4},{"damage":48,"enemies":"Collector","floor":33,"turns":7}],"seed_played":"6297577112677232161","potions_obtained":[{"floor":5,"key":"SneckoOil"},{"floor":6,"key":"Languid Potion"},{"floor":18,"key":"SkillPotion"},{"floor":24,"key":"jedi:StrikingPotion"},{"floor":29,"key":"jedi:tentaclejuice"}],"is_trial":false,"path_per_floor":["M","$","?","?","M","E","R","M","T","E","$","?","T","M","R","B",null,"M","?","$","?","?","E","M","R","T","E","M","M","?","M","R","B",null],"character_chosen":"EVOLUTION_CLASS","items_purchased":["ReplayTheSpireMod:CursedCoin","Medical Kit","FearPotion","evolutionmod:CurrentsDancer","jedi:shrinkray","Adrenaline Potion","jedi:ominousloannote","evolutionmod:PegasusDescent","Orrery","Boot","Pear","Swift Potion"],"campfire_rested":2,"item_purchase_floors":[2,2,2,11,11,11,20,20,20,20,20,20],"current_hp_per_floor":[71,71,60,60,53,44,67,67,67,46,46,46,46,44,44,10,77,71,71,81,81,81,52,48,74,74,83,59,59,59,55,55,7,7,7],"gold":33,"neow_bonus":"UPGRADE_CARD","is_daily":false,"chose_seed":false,"campfire_upgraded":2,"win_rate":0.0,"timestamp":1608459791,"path_taken":["M","$","?","?","?","E","R","M","T","E","?","?","?","?","R","BOSS","M","?","$","?","?","E","M","R","T","E","M","?","?","M","R","BOSS"],"items_purchased_type":["Relic","Relic","Potion","Card","Relic","Potion","Relic","Card","Relic","Relic","Relic","Potion"],"build_version":"2020-12-13","purchased_purges":2,"victory":false,"max_hp_per_floor":[77,77,77,77,77,77,77,77,77,77,77,77,77,77,77,77,77,77,77,87,87,87,87,87,87,87,87,87,87,87,87,87,87,87,87],"relic_stats":{"counters":[97,386],"Bronze Scales":[111],"Medical Kit":[2],"MawBank":84,"Boot":[38],"obtain_stats":[{"jedi:angrymask":26,"Golden Egg":19,"Replay:Accelerometer":40,"Gremlin Horn":45,"jedi:bottledfury":15,"construct:ClockworkPhoenix":22,"Sling":19,"Boot":20,"Ring of Searing":43,"jedi:shrinkray":11,"Replay:Wanted Poster":34,"Centennial Puzzle":5,"Ribbon":10,"jedi:firstaidkit":40,"jedi:paperlyon":17,"MealTicket":13,"Iron Hammer":10,"Replay:Bottled Flurry":36,"Replay:Wax Seal":13,"jedi:othersneckoeye":43,"Pear":12,"ReplayTheSpireMod:CursedCoin":25,"Astrolabe":36,"ReplayTheSpireMod:Ring of Addiction":26,"Ring of Chaos":19,"Letter Opener":39,"Replay:Kaleidoscope":11,"Akabeko":7,"Runic Dome":17,"jedi:heavyjacket":28,"Replay:Baseball":43,"Bottled Flame":28,"ReplayTheSpireMod:Ring of Collecting":5,"Bronze Scales":6,"Simple Rune":9,"Onion Ring":43,"Nloth\u0027s Gift":22,"ReplayTheSpireMod:TigerMarble":6,"Black Star":34,"Mirror":25,"StrikeDummy":27,"Abe\u0027s Treasure":19,"ReplayTheSpireMod:Ring of Exchange":36,"Regal Pillow":25,"Torii":14,"Mythril_Glove":43,"TeardropLocket":0,"jedi:Pinwheel":9,"theForsaken:Gavel":46,"Replay:Rubber Ducky":14,"Dream Catcher":15,"Matryoshka":26,"theSleuth:Tectrixcalibur":40,"Chameleon Ring":26,"theForsaken:Kindling":0,"Ring of Peace":9,"jedi:matchstick":19,"Lee\u0027s Waffle":13,"BargainBundle":19,"Guide Book":0,"Damaru":9,"PreservedInsect":13,"Medical Kit":2,"MawBank":13,"White Beast Statue":11,"Replay:Arrowhead":16,"Mercury Hourglass":24,"jedi:ominousloannote":26,"Orrery":19,"Garlic":23,"Bag of Marbles":9,"PureWater":0,"Toy Ornithopter":26},{"jedi:angrymask":34,"Golden Egg":67,"Replay:Accelerometer":77,"Gremlin Horn":41,"jedi:bottledfury":53,"construct:ClockworkPhoenix":56,"Sling":10,"Boot":90,"Ring of Searing":77,"jedi:shrinkray":87,"Replay:Wanted Poster":17,"Centennial Puzzle":23,"Ribbon":6,"jedi:firstaidkit":77,"jedi:paperlyon":89,"MealTicket":7,"Iron Hammer":51,"Replay:Bottled Flurry":75,"Replay:Wax Seal":7,"jedi:othersneckoeye":41,"Pear":52,"ReplayTheSpireMod:CursedCoin":13,"Astrolabe":39,"ReplayTheSpireMod:Ring of Addiction":69,"Ring of Chaos":30,"Letter Opener":40,"Replay:Kaleidoscope":63,"Akabeko":5,"Runic Dome":9,"jedi:heavyjacket":71,"Replay:Baseball":20,"Bottled Flame":35,"ReplayTheSpireMod:Ring of Collecting":60,"Bronze Scales":85,"Simple Rune":24,"Onion Ring":77,"Nloth\u0027s Gift":56,"ReplayTheSpireMod:TigerMarble":61,"Black Star":74,"Mirror":13,"StrikeDummy":93,"Abe\u0027s Treasure":54,"ReplayTheSpireMod:Ring of Exchange":18,"Regal Pillow":34,"Torii":8,"Mythril_Glove":20,"TeardropLocket":21,"jedi:Pinwheel":86,"theForsaken:Gavel":42,"Replay:Rubber Ducky":65,"Dream Catcher":28,"Matryoshka":13,"theSleuth:Tectrixcalibur":40,"Chameleon Ring":69,"theForsaken:Kindling":21,"Ring of Peace":62,"jedi:matchstick":10,"Lee\u0027s Waffle":7,"BargainBundle":10,"Guide Book":21,"Damaru":5,"PreservedInsect":7,"Medical Kit":83,"MawBank":87,"White Beast Statue":51,"Replay:Arrowhead":53,"Mercury Hourglass":69,"jedi:ominousloannote":34,"Orrery":67,"Garlic":13,"Bag of Marbles":62,"PureWater":0,"Toy Ornithopter":69},{"jedi:angrymask":104,"Golden Egg":258,"Replay:Accelerometer":305,"Gremlin Horn":133,"jedi:bottledfury":184,"construct:ClockworkPhoenix":197,"Sling":27,"Boot":359,"Ring of Searing":305,"jedi:shrinkray":344,"Replay:Wanted Poster":51,"Centennial Puzzle":71,"Ribbon":14,"jedi:firstaidkit":305,"jedi:paperlyon":356,"MealTicket":17,"Iron Hammer":172,"Replay:Bottled Flurry":298,"Replay:Wax Seal":17,"jedi:othersneckoeye":133,"Pear":181,"ReplayTheSpireMod:CursedCoin":35,"Astrolabe":127,"ReplayTheSpireMod:Ring of Addiction":267,"Ring of Chaos":88,"Letter Opener":131,"Replay:Kaleidoscope":228,"Akabeko":11,"Runic Dome":23,"jedi:heavyjacket":275,"Replay:Baseball":61,"Bottled Flame":109,"ReplayTheSpireMod:Ring of Collecting":214,"Bronze Scales":338,"Simple Rune":73,"Onion Ring":305,"Nloth\u0027s Gift":197,"ReplayTheSpireMod:TigerMarble":218,"Black Star":292,"Mirror":35,"StrikeDummy":369,"Abe\u0027s Treasure":191,"ReplayTheSpireMod:Ring of Exchange":54,"Regal Pillow":104,"Torii":19,"Mythril_Glove":61,"TeardropLocket":67,"jedi:Pinwheel":340,"theForsaken:Gavel":136,"Replay:Rubber Ducky":238,"Dream Catcher":82,"Matryoshka":35,"theSleuth:Tectrixcalibur":131,"Chameleon Ring":267,"theForsaken:Kindling":67,"Ring of Peace":224,"jedi:matchstick":27,"Lee\u0027s Waffle":17,"BargainBundle":27,"Guide Book":67,"Damaru":11,"PreservedInsect":17,"Medical Kit":330,"MawBank":344,"White Beast Statue":172,"Replay:Arrowhead":184,"Mercury Hourglass":267,"jedi:ominousloannote":104,"Orrery":258,"Garlic":35,"Bag of Marbles":224,"PureWater":0,"Toy Ornithopter":267}]},"card_choices":[{"not_picked":["evolutionmod:FlameStrike","evolutionmod:Shrink"],"picked":"evolutionmod:Phoenix","floor":1},{"not_picked":["evolutionmod:Antidote","evolutionmod:Brambles","evolutionmod:ClawSlash"],"picked":"SKIP","floor":5},{"not_picked":["evolutionmod:Symbiotes","evolutionmod:ChimeraDefense","evolutionmod:Hatch"],"picked":"SKIP","floor":6},{"not_picked":["evolutionmod:ChannelMagic","evolutionmod:Treasure"],"picked":"evolutionmod:HeavyKick","floor":8},{"not_picked":["evolutionmod:Charm","evolutionmod:Shrink","evolutionmod:Broodmother"],"picked":"SKIP","floor":10},{"not_picked":["evolutionmod:ChimeraDefense","evolutionmod:Toxin"],"picked":"evolutionmod:Firebloom","floor":14},{"not_picked":["evolutionmod:TheNight","evolutionmod:Frenzy"],"picked":"evolutionmod:FeatherStorm","floor":16},{"not_picked":["evolutionmod:FireAnts+1","evolutionmod:ShiftingGuard"],"picked":"evolutionmod:TalonStrike","floor":18},{"not_picked":["evolutionmod:CrystalShard+1","evolutionmod:Toxin"],"picked":"evolutionmod:StripArmor","floor":20},{"not_picked":["evolutionmod:Toxin","evolutionmod:PoisonFangs+1"],"picked":"evolutionmod:Firebloom+1","floor":20},{"not_picked":["evolutionmod:ClawSlash","evolutionmod:SpiderBite","evolutionmod:Shadowbolt"],"picked":"SKIP","floor":23},{"not_picked":["evolutionmod:BlackCat","evolutionmod:ClawSlash"],"picked":"evolutionmod:ChimeraStrike","floor":24},{"not_picked":["evolutionmod:Symbiotes+1","evolutionmod:ShiftingStrike","evolutionmod:TalonStrike"],"picked":"SKIP","floor":27},{"not_picked":["evolutionmod:Pheromones","evolutionmod:DepthsLurker","evolutionmod:TalonStrike"],"picked":"SKIP","floor":28},{"not_picked":["evolutionmod:ChannelMagic","evolutionmod:ClawSlash","evolutionmod:DrainMana+1"],"picked":"SKIP","floor":29},{"not_picked":["evolutionmod:Pheromones","evolutionmod:CursedTouch+1","evolutionmod:ClawSlash"],"picked":"SKIP","floor":31},{"not_picked":["evolutionmod:TheNight","evolutionmod:Frenzy"],"picked":"evolutionmod:Stampede","floor":33}],"player_experience":1829716,"relics_obtained":[{"floor":6,"key":"Bronze Scales"},{"floor":9,"key":"jedi:Pinwheel"},{"floor":10,"key":"Replay:Rubber Ducky"},{"floor":13,"key":"MawBank"},{"floor":23,"key":"Replay:Wax Seal"},{"floor":26,"key":"Replay:Accelerometer"},{"floor":27,"key":"StrikeDummy"}],"event_choices":[{"damage_healed":0,"gold_gain":75,"player_choice":"Gold","damage_taken":11,"max_hp_gain":0,"max_hp_loss":0,"event_name":"betterThird:BetterGoop","floor":3,"gold_loss":0},{"damage_healed":0,"gold_gain":0,"player_choice":"Forge","damage_taken":0,"max_hp_gain":0,"max_hp_loss":0,"event_name":"Accursed Blacksmith","floor":4,"gold_loss":0,"cards_upgraded":["evolutionmod:Phoenix"]},{"damage_healed":0,"gold_gain":100,"player_choice":"Bet on Murderer","damage_taken":0,"max_hp_gain":0,"max_hp_loss":0,"event_name":"The Joust","floor":19,"gold_loss":50},{"damage_healed":0,"gold_gain":0,"player_choice":"2 cards matched","damage_taken":0,"max_hp_gain":0,"max_hp_loss":0,"event_name":"Match and Keep!","floor":21,"gold_loss":0,"cards_obtained":["ReplayTheSpireMod:Private Reserves","evolutionmod:Seduce"]},{"damage_healed":0,"gold_gain":0,"cards_transformed":["evolutionmod:StrikeEvo"],"player_choice":"Transformed","damage_taken":0,"max_hp_gain":0,"max_hp_loss":0,"event_name":"Transmorgrifier","floor":22,"gold_loss":0,"cards_obtained":["evolutionmod:Shrink"]},{"damage_healed":0,"gold_gain":0,"player_choice":"Simplicity","damage_taken":0,"max_hp_gain":0,"max_hp_loss":6,"event_name":"betterThird:BetterWriting","floor":30,"gold_loss":0}],"is_beta":false,"boss_relics":[{"not_picked":["Sozu","Empty Cage"],"picked":"jedi:paperlyon"}],"items_purged_floors":[2,20],"is_endless":false,"potions_floor_spawned":[5,6,14,18,24,29],"ascension_level":4}}