{"host":"d8hh7rr4yzitjeuj","time":1608453218,"event":{"mods":["2.2 Compatiblity","AchievementEnabler","BaseMod","CapriCore","Colored Map","Colored Powertips","Highlight Path","Keyboard Shortcuts","Minty Spire (QoL Compilation)","Permanent Neow","Quick Restart","StSLib","SuperFastMode"],"gold_per_floor":[117,117,128,0,0,33,33,48,48,48,48,61,71,90,90,167,167,183,183,183],"floor_reached":19,"playtime":492,"items_purged":[],"score":338,"play_id":"8caa631e-f9a3-42fb-832c-dc1abcd9c3d4","local_time":"20201220173338","is_ascension_mode":true,"campfire_choices":[{"data":"Defragment","floor":15.0,"key":"SMITH"}],"circlet_count":0,"master_deck":["AscendersBane","Strike_B+1","Defend_B+1","Defend_B","Defend_B","Defend_B","Zap","Dualcast","Storm","Rebound","Defragment+1","BootSequence","Coolheaded","Ball Lightning","Lockon","Ball Lightning","Storm","Seek"],"relics":["SlaversCollar","Pear","HornCleat","Empty Cage"],"acts_visited":["Exordium","TheCity"],"potions_floor_usage":[19],"damage_taken":[{"damage":11.0,"enemies":"Small Slimes","floor":1.0,"turns":4.0},{"damage":6.0,"enemies":"Jaw Worm","floor":3.0,"turns":4.0},{"damage":15.0,"enemies":"Lagavulin","floor":6.0,"turns":6.0},{"damage":2.0,"enemies":"2 Louse","floor":8.0,"turns":3.0},{"damage":0.0,"enemies":"Blue Slaver","floor":12.0,"turns":4.0},{"damage":2.0,"enemies":"3 Louse","floor":13.0,"turns":4.0},{"damage":0.0,"enemies":"Looter","floor":14.0,"turns":3.0},{"damage":17.0,"enemies":"The Guardian","floor":16.0,"turns":8.0},{"damage":22,"enemies":"Spheric Guardian","floor":18,"turns":4},{"damage":46,"enemies":"Masked Bandits","floor":19,"turns":4}],"seed_played":"8686435022388850070","potions_obtained":[{"floor":1.0,"key":"Strength Potion"},{"floor":3.0,"key":"DistilledChaos"},{"floor":13.0,"key":"AttackPotion"},{"floor":16.0,"key":"SkillPotion"},{"floor":18,"key":"FocusPotion"}],"is_trial":false,"path_per_floor":["M","?","M","$","?","E","?","M","T","?","$","M","M","M","R","B",null,"M","?"],"character_chosen":"DEFECT","items_purchased":["Defragment","BootSequence"],"campfire_rested":0,"item_purchase_floors":[4,4],"current_hp_per_floor":[53,32,26,26,49,44,37,35,35,35,35,35,33,33,33,16,65,43,0,0],"gold":183,"neow_bonus":"BOSS_RELIC","is_daily":false,"chose_seed":false,"campfire_upgraded":1,"win_rate":0.0,"timestamp":1608453218,"path_taken":["M","?","M","$","?","E","?","M","T","?","$","M","M","M","R","BOSS","M","?"],"items_purchased_type":["Card","Card"],"build_version":"2020-12-13","purchased_purges":0,"victory":false,"max_hp_per_floor":[71,71,71,71,71,81,81,81,81,81,81,81,81,81,81,81,81,81,81,81],"card_choices":[{"not_picked":["Stack","Beam Cell"],"picked":"Storm","floor":1.0},{"not_picked":["Coolheaded","Go for the Eyes"],"picked":"Rebound","floor":3.0},{"not_picked":["Skim","Double Energy"],"picked":"Coolheaded","floor":6.0},{"not_picked":["Steam Power","Lockon"],"picked":"Ball Lightning","floor":8.0},{"not_picked":["Reinforced Body","Sweeping Beam"],"picked":"Lockon","floor":12.0},{"not_picked":["Leap","Stack"],"picked":"Ball Lightning","floor":13.0},{"not_picked":["Buffer","Ball Lightning"],"picked":"Storm","floor":14.0},{"not_picked":["Fission","Hyperbeam"],"picked":"Seek","floor":16.0},{"not_picked":["Cold Snap+1","Steam","Turbo"],"picked":"SKIP","floor":18}],"player_experience":1371957,"relics_obtained":[{"floor":6.0,"key":"Pear"},{"floor":9.0,"key":"HornCleat"}],"event_choices":[{"damage_healed":0.0,"max_hp_gain":0.0,"max_hp_loss":0.0,"gold_gain":0.0,"event_name":"Shining Light","player_choice":"Entered Light","floor":2.0,"gold_loss":0.0,"damage_taken":21.0,"cards_upgraded":["Strike_B","Defend_B"]},{"damage_healed":23.0,"max_hp_gain":0.0,"max_hp_loss":0.0,"gold_gain":0.0,"event_name":"Big Fish","player_choice":"Banana","floor":5.0,"gold_loss":0.0,"damage_taken":0.0},{"cards_removed":["Strike_B"],"damage_healed":0.0,"max_hp_gain":0.0,"max_hp_loss":0.0,"gold_gain":0.0,"event_name":"Golden Wing","player_choice":"Card Removal","floor":7.0,"gold_loss":0.0,"damage_taken":7.0},{"damage_healed":0.0,"max_hp_gain":0.0,"max_hp_loss":0.0,"gold_gain":0.0,"event_name":"The Cleric","player_choice":"Leave","floor":10.0,"gold_loss":0.0,"damage_taken":0.0},{"damage_healed":0,"gold_gain":0,"player_choice":"Fought Bandits","damage_taken":0,"max_hp_gain":0,"max_hp_loss":0,"event_name":"Masked Bandits","floor":19,"gold_loss":0}],"is_beta":false,"boss_relics":[{"not_picked":["Runic Dome","Sozu"],"picked":"Empty Cage"}],"items_purged_floors":[],"is_endless":false,"potions_floor_spawned":[1,3,13,16,18],"killed_by":"Masked Bandits","ascension_level":20}}