{"host":"d8hh7rr4yzitjeuj","time":1608478738,"event":{"mods":["2.2 Compatiblity","AchievementEnabler","BaseMod","CapriCore","Colored Map","Colored Powertips","Highlight Path","Keyboard Shortcuts","Minty Spire (QoL Compilation)","Permanent Neow","Quick Restart","StSLib","SuperFastMode"],"gold_per_floor":[116,131,144,157,168,168,187,187,210,210,231,272,288,363,363,363,363],"floor_reached":16,"playtime":419,"items_purged":[],"score":262,"play_id":"f52e3a6e-c84c-432d-a1aa-2f3bb3dff9d5","local_time":"20201221003858","is_ascension_mode":true,"campfire_choices":[{"data":"Sunder","floor":6,"key":"SMITH"},{"data":"Chill","floor":10,"key":"SMITH"},{"data":"Blizzard","floor":15,"key":"SMITH"}],"circlet_count":0,"master_deck":["AscendersBane","Strike_B","Strike_B","Strike_B","Strike_B","Defend_B","Defend_B","Defend_B","Defend_B","Zap","Dualcast","Chill+1","Go for the Eyes","Hello World","Blizzard+1","Sunder+1","Cold Snap","Coolheaded","Skim","White Noise","Coolheaded"],"relics":["Philosopher\u0027s Stone","Golden Idol","Orichalcum","Prayer Wheel"],"acts_visited":["Exordium"],"potions_floor_usage":[5,16,16],"damage_taken":[{"damage":8,"enemies":"2 Louse","floor":1,"turns":2},{"damage":0,"enemies":"Small Slimes","floor":2,"turns":3},{"damage":5,"enemies":"Cultist","floor":3,"turns":4},{"damage":2,"enemies":"Blue Slaver","floor":4,"turns":5},{"damage":9,"enemies":"Lots of Slimes","floor":5,"turns":5},{"damage":3,"enemies":"2 Fungi Beasts","floor":7,"turns":3},{"damage":5,"enemies":"Large Slime","floor":11,"turns":7},{"damage":0,"enemies":"3 Sentries","floor":12,"turns":5},{"damage":4,"enemies":"Blue Slaver","floor":13,"turns":3},{"damage":23,"enemies":"Hexaghost","floor":16,"turns":9}],"seed_played":"-4081462493009146776","potions_obtained":[{"floor":1,"key":"PotionOfCapacity"},{"floor":3,"key":"PowerPotion"},{"floor":13,"key":"SkillPotion"}],"is_trial":false,"path_per_floor":["M","M","M","M","M","R","M","?","T","R","M","E","M","?","R","B"],"character_chosen":"DEFECT","items_purchased":[],"campfire_rested":0,"item_purchase_floors":[],"current_hp_per_floor":[56,56,51,49,40,40,37,37,37,37,32,32,28,17,17,0,0],"gold":363,"neow_bonus":"BOSS_RELIC","is_daily":false,"chose_seed":false,"campfire_upgraded":3,"win_rate":0.0,"timestamp":1608478738,"path_taken":["M","M","M","M","M","R","M","?","T","R","M","E","M","?","R","BOSS"],"items_purchased_type":[],"build_version":"2020-12-13","purchased_purges":0,"victory":false,"max_hp_per_floor":[71,71,71,71,71,71,71,64,64,64,64,64,64,64,64,64,64],"card_choices":[{"not_picked":["Conserve Battery","BootSequence"],"picked":"Chill","floor":1},{"not_picked":["Darkness","FTL"],"picked":"Go for the Eyes","floor":2},{"not_picked":["Melter","Gash"],"picked":"Hello World","floor":3},{"not_picked":["Conserve Battery","Reinforced Body"],"picked":"Blizzard","floor":4},{"not_picked":["Fission","Defragment"],"picked":"Sunder","floor":5},{"not_picked":["Heatsinks","Turbo"],"picked":"Cold Snap","floor":7},{"not_picked":["Streamline","Hologram"],"picked":"Coolheaded","floor":11},{"not_picked":["Hologram","Auto Shields"],"picked":"Skim","floor":12},{"not_picked":["Rebound","Steam"],"picked":"White Noise","floor":13},{"not_picked":["Steam","Stack"],"picked":"Coolheaded","floor":13}],"player_experience":1376210,"relics_obtained":[{"floor":9,"key":"Orichalcum"},{"floor":12,"key":"Prayer Wheel"}],"event_choices":[{"damage_healed":0,"gold_gain":0,"player_choice":"Lose Max HP","damage_taken":0,"relics_obtained":["Golden Idol"],"max_hp_gain":0,"max_hp_loss":7,"event_name":"Golden Idol","floor":8,"gold_loss":0},{"damage_healed":0,"gold_gain":75,"player_choice":"Gather Gold","damage_taken":11,"max_hp_gain":0,"max_hp_loss":0,"event_name":"World of Goop","floor":14,"gold_loss":0}],"is_beta":false,"boss_relics":[],"items_purged_floors":[],"is_endless":false,"potions_floor_spawned":[1,3,4,13],"killed_by":"Hexaghost","ascension_level":20}}