{"host":"cyiefo55v5hz1ih5","time":1608441933,"event":{"mods":["2.2 Compatiblity","AchievementEnabler","BaseMod","GifTheSpireLib","Hubris","Minty Spire (QoL Compilation)","Replay The Spire","Robot Space Explorer","StSLib"],"gold_per_floor":[116,134,59,59,69,69,39,65,91,116,136,155,170,170,170,274,274,291,311,311,331,341,131,131,162,188,222,222,222,22,33,33,128,128,138,88,104,104,104],"floor_reached":38,"playtime":2855,"items_purged":["RobotSpaceExplorer:Strike","RobotSpaceExplorer:Strike","RobotSpaceExplorer:Strike","RobotSpaceExplorer:Strike"],"score":694,"play_id":"41eecbc8-25de-4428-92a1-117a8e4335c9","local_time":"20201220002533","is_ascension_mode":true,"campfire_choices":[{"data":"RobotSpaceExplorer:BigMissile","floor":6.0,"key":"SMITH"},{"floor":15.0,"key":"REST"},{"floor":24.0,"key":"REST"},{"floor":29.0,"key":"REST"},{"data":"RobotSpaceExplorer:Explosion","floor":32.0,"key":"SMITH"}],"circlet_count":0,"master_deck":["RobotSpaceExplorer:Defend","RobotSpaceExplorer:Defend","RobotSpaceExplorer:Defend","RobotSpaceExplorer:Defend","RobotSpaceExplorer:Scan","RobotSpaceExplorer:MiniLasers","RobotSpaceExplorer:BigMissile+1","RobotSpaceExplorer:ScrapMissile","RobotSpaceExplorer:Reload","RobotSpaceExplorer:FrostMissile","RobotSpaceExplorer:Explosion+1","RobotSpaceExplorer:Discharger","RobotSpaceExplorer:SurgingShield","RobotSpaceExplorer:GearShield","RobotSpaceExplorer:StarLightning","RobotSpaceExplorer:ShockMissile","RobotSpaceExplorer:TrailblazerForm","RobotSpaceExplorer:ShockKick+1","RobotSpaceExplorer:DualCore+1"],"relics":["SacredBark","hubris:Icosahedron","White Beast Statue","Smiling Mask","Replay:WaspNest","SlaversCollar","FaceOfCleric","Bag of Preparation","Vajra","Nloth\u0027s Gift","Replay:Mystery Machine"],"acts_visited":["Exordium","TheCity","TheBeyond"],"potions_floor_usage":[37],"damage_taken":[{"damage":7.0,"enemies":"Small Slimes","floor":1.0,"turns":4.0},{"damage":3.0,"enemies":"Cultist","floor":2.0,"turns":5.0},{"damage":2.0,"enemies":"Jaw Worm","floor":5.0,"turns":4.0},{"damage":23.0,"enemies":"3 Sentries","floor":8.0,"turns":12.0},{"damage":12.0,"enemies":"Lagavulin","floor":10.0,"turns":1.0},{"damage":5.0,"enemies":"Blue Slaver","floor":11.0,"turns":5.0},{"damage":0.0,"enemies":"Gremlin Gang","floor":12.0,"turns":5.0},{"damage":11.0,"enemies":"3 Louse","floor":13.0,"turns":3.0},{"damage":33.0,"enemies":"Fading Forest","floor":16.0,"turns":11.0},{"damage":40.0,"enemies":"2 Thieves","floor":18.0,"turns":5.0},{"damage":0.0,"enemies":"Spheric Guardian","floor":19.0,"turns":1.0},{"damage":11.0,"enemies":"Snecko","floor":21.0,"turns":5.0},{"damage":28.0,"enemies":"Shelled Parasite and Fungi","floor":22.0,"turns":5.0},{"damage":0.0,"enemies":"Book of Stabbing","floor":25.0,"turns":3.0},{"damage":4.0,"enemies":"Masked Bandits","floor":27.0,"turns":4.0},{"damage":4.0,"enemies":"Centurion and Healer","floor":31.0,"turns":4.0},{"damage":17.0,"enemies":"Pondfish","floor":33.0,"turns":9.0},{"damage":46.0,"enemies":"Orb Walker","floor":35.0,"turns":5.0},{"damage":20,"enemies":"3 Darklings","floor":37,"turns":4},{"damage":19,"enemies":"Jaw Worm Horde","floor":38,"turns":2}],"seed_played":"4637232774989293308","potions_obtained":[{"floor":1.0,"key":"Ancient Potion"},{"floor":7.0,"key":"Regen Potion"},{"floor":7.0,"key":"Death Potion"},{"floor":8.0,"key":"LiquidMemories"},{"floor":10.0,"key":"SpeedPotion"},{"floor":16.0,"key":"Elixir"},{"floor":18.0,"key":"Ancient Potion"},{"floor":19.0,"key":"Regen Potion"},{"floor":21.0,"key":"SkillPotion"},{"floor":22.0,"key":"PowerPotion"},{"floor":25.0,"key":"PowerPotion"},{"floor":27.0,"key":"Energy Potion"},{"floor":31.0,"key":"Cursed Concoction"},{"floor":33.0,"key":"Doom Potion"},{"floor":35.0,"key":"Reflective Coating"},{"floor":37,"key":"SkillPotion"}],"is_trial":false,"path_per_floor":["M","M","$","?","M","R","?","E","T","E","M","M","M","T","R","B",null,"M","M","?","M","M","$","R","E","T","?","?","R","$","M","R","B",null,"M","$","M","M"],"character_chosen":"RobotSpaceExplorer","items_purchased":["RobotSpaceExplorer:GearShield","RobotSpaceExplorer:StarLightning","Replay:Mystery Machine"],"campfire_rested":3,"item_purchase_floors":[23,23,30],"current_hp_per_floor":[68,65,65,65,63,63,63,75,75,63,58,58,47,47,69,36,75,35,35,35,59,32,32,55,56,56,53,53,76,76,73,73,57,81,36,36,17,0,0],"gold":104,"neow_bonus":"BOSS_RELIC","is_daily":false,"chose_seed":false,"campfire_upgraded":2,"win_rate":0.0,"timestamp":1608441933,"path_taken":["M","M","$","?","M","R","?","E","T","E","M","?","M","?","R","BOSS","M","M","?","?","M","$","R","E","T","?","?","R","$","M","R","BOSS","M","$","M","M"],"items_purchased_type":["Card","Card","Relic"],"build_version":"2020-12-13","purchased_purges":4,"victory":false,"max_hp_per_floor":[75,75,75,75,75,75,75,75,75,75,75,75,75,75,75,75,75,75,75,75,76,77,77,77,78,78,79,79,79,79,80,80,81,81,82,82,83,83,83],"card_choices":[{"not_picked":["RobotSpaceExplorer:ShockKick","RobotSpaceExplorer:GlueSpray"],"picked":"RobotSpaceExplorer:BigMissile","floor":1.0},{"not_picked":["RobotSpaceExplorer:ShovelStrike","RobotSpaceExplorer:FranticSearch"],"picked":"RobotSpaceExplorer:ScrapMissile","floor":2.0},{"not_picked":["RobotSpaceExplorer:LuckyStrike","RobotSpaceExplorer:Ammunition","RobotSpaceExplorer:ScrapShield"],"picked":"SKIP","floor":5.0},{"not_picked":["RobotSpaceExplorer:Probe","RobotSpaceExplorer:Accelerator","RobotSpaceExplorer:ExhaustFan"],"picked":"SKIP","floor":8.0},{"not_picked":["RobotSpaceExplorer:MakeshiftVolley","RobotSpaceExplorer:MetalStrike","RobotSpaceExplorer:ScrapMissile"],"picked":"SKIP","floor":10.0},{"not_picked":["RobotSpaceExplorer:SwiftStep","RobotSpaceExplorer:DoubleFind"],"picked":"RobotSpaceExplorer:Reload","floor":11.0},{"not_picked":["RobotSpaceExplorer:StarDust","RobotSpaceExplorer:ShovelStrike","RobotSpaceExplorer:SwiftStep"],"picked":"SKIP","floor":12.0},{"not_picked":["RobotSpaceExplorer:MiniDrones","RobotSpaceExplorer:GlueSpray"],"picked":"RobotSpaceExplorer:FrostMissile","floor":13.0},{"not_picked":["RobotSpaceExplorer:DroneSwarm","RobotSpaceExplorer:Scanner"],"picked":"RobotSpaceExplorer:Explosion","floor":16.0},{"not_picked":["RobotSpaceExplorer:PowerGlove+1","RobotSpaceExplorer:FrostMissile","RobotSpaceExplorer:Calculate"],"picked":"SKIP","floor":18.0},{"not_picked":["RobotSpaceExplorer:Pulsar","RobotSpaceExplorer:FrostMissile+1","RobotSpaceExplorer:MiniDrones"],"picked":"SKIP","floor":19.0},{"not_picked":["RobotSpaceExplorer:MetalStrike","RobotSpaceExplorer:FrostMissile+1"],"picked":"RobotSpaceExplorer:Discharger","floor":21.0},{"not_picked":["RobotSpaceExplorer:MiniDrones","RobotSpaceExplorer:SwiftStep"],"picked":"RobotSpaceExplorer:SurgingShield","floor":22.0},{"not_picked":["RobotSpaceExplorer:Probe+1","RobotSpaceExplorer:MiniDrones"],"picked":"RobotSpaceExplorer:ShockMissile","floor":25.0},{"not_picked":["RobotSpaceExplorer:ImprovisedAttack","RobotSpaceExplorer:MetalStrike+1","RobotSpaceExplorer:GlueShot"],"picked":"SKIP","floor":31.0},{"not_picked":["RobotSpaceExplorer:HighVoltage","RobotSpaceExplorer:Arsenal"],"picked":"RobotSpaceExplorer:TrailblazerForm","floor":33.0},{"not_picked":["RobotSpaceExplorer:FranticSearch+1","RobotSpaceExplorer:ImprovisedAttack+1"],"picked":"RobotSpaceExplorer:ShockKick+1","floor":35.0},{"not_picked":["RobotSpaceExplorer:SlimeMissile","RobotSpaceExplorer:FranticSearch+1"],"picked":"RobotSpaceExplorer:DualCore+1","floor":37}],"player_experience":616036,"relics_obtained":[{"floor":8.0,"key":"White Beast Statue"},{"floor":9.0,"key":"Smiling Mask"},{"floor":10.0,"key":"Replay:WaspNest"},{"floor":25.0,"key":"Bag of Preparation"},{"floor":26.0,"key":"Vajra"},{"floor":27.0,"key":"Red Mask"}],"event_choices":[{"damage_healed":0.0,"max_hp_gain":0.0,"max_hp_loss":0.0,"gold_gain":0.0,"event_name":"The Woman in Blue","player_choice":"Bought 2 Potions","floor":7.0,"gold_loss":0.0,"damage_taken":0.0},{"damage_healed":0.0,"max_hp_gain":0.0,"max_hp_loss":0.0,"gold_gain":0.0,"event_name":"FaceTrader","player_choice":"Trade","floor":20.0,"gold_loss":0.0,"damage_taken":0.0,"relics_obtained":["FaceOfCleric"]},{"damage_healed":0.0,"max_hp_gain":0.0,"max_hp_loss":0.0,"gold_gain":0.0,"event_name":"Masked Bandits","player_choice":"Fought Bandits","floor":27.0,"gold_loss":0.0,"damage_taken":0.0},{"damage_healed":0.0,"max_hp_gain":0.0,"max_hp_loss":0.0,"gold_gain":0.0,"event_name":"N\u0027loth","player_choice":"Traded Relic","floor":28.0,"relics_lost":["Red Mask"],"gold_loss":0.0,"damage_taken":0.0,"relics_obtained":["Nloth\u0027s Gift"]}],"is_beta":false,"boss_relics":[{"not_picked":["hubris:GrandSneckoEye","Replay:Wanted Poster"],"picked":"SlaversCollar"},{"not_picked":["Honey Jar","Velvet Choker","ChewingGum"]}],"items_purged_floors":[3,23,30,36],"is_endless":false,"potions_floor_spawned":[1,8,10,11,12,13,16,18,19,21,22,25,27,31,33,35,37],"killed_by":"Jaw Worm Horde","ascension_level":2}}