{"host":"1hv1kueuvc4r3rdp","time":1608500778,"event":{"mods":["AchievementEnabler","BaseMod","DeckTracker","Highlight Path","Minty Spire (QoL Compilation)","Permanent Neow","StSLib"],"gold_per_floor":[112,122,137,157,177,177,210,210,237,256,274,299,299,310,310,408,408,420,439,212,262,272,272,285,312,312,329,341,353,353,372,372,475,475,490,507,525,525,538,538,563,583,631,631,631],"floor_reached":44,"playtime":3525,"items_purged":["Strike_B"],"score":627,"play_id":"aad518ef-a366-49ae-8d3f-5d1aa9910b31","local_time":"20201220154618","is_ascension_mode":true,"campfire_choices":[{"data":"Streamline","floor":6,"key":"SMITH"},{"data":"Glacier","floor":8,"key":"SMITH"},{"floor":13,"key":"REST"},{"data":"Barrage","floor":15,"key":"SMITH"},{"data":"Tempest","floor":23,"key":"SMITH"},{"floor":30,"key":"REST"},{"floor":32,"key":"REST"},{"floor":40,"key":"REST"}],"circlet_count":0,"master_deck":["Strike_B","Strike_B","Strike_B","Defend_B","Defend_B","Defend_B","Defend_B","Zap","Dualcast","Rip and Tear","Glacier+1","Barrage+1","Buffer","Streamline+1","Tempest+1","Echo Form","Conserve Battery","FTL+1","Reboot","Coolheaded+1","Turbo","Leap","Sweeping Beam+1","Go for the Eyes+1","Chill+1","Defragment"],"relics":["Cracked Core","Eternal Feather","Regal Pillow","MealTicket","Nuclear Battery","Vajra","Orichalcum","Blue Candle","Fusion Hammer","Akabeko","Boot"],"acts_visited":["Exordium","TheCity","TheBeyond"],"potions_floor_usage":[25,33,33,33,35,37,42,42],"damage_taken":[{"damage":0,"enemies":"Cultist","floor":1,"turns":4},{"damage":0,"enemies":"Small Slimes","floor":2,"turns":2},{"damage":1,"enemies":"Jaw Worm","floor":3,"turns":3},{"damage":2,"enemies":"Looter","floor":4,"turns":4},{"damage":4,"enemies":"3 Louse","floor":5,"turns":4},{"damage":32,"enemies":"Gremlin Nob","floor":7,"turns":4},{"damage":0,"enemies":"Exordium Wildlife","floor":10,"turns":3},{"damage":0,"enemies":"Looter","floor":11,"turns":2},{"damage":19,"enemies":"3 Sentries","floor":12,"turns":8},{"damage":0,"enemies":"2 Fungi Beasts","floor":14,"turns":4},{"damage":59,"enemies":"Hexaghost","floor":16,"turns":13},{"damage":7,"enemies":"Chosen","floor":18,"turns":3},{"damage":2,"enemies":"3 Byrds","floor":19,"turns":6},{"damage":25,"enemies":"3 Cultists","floor":22,"turns":5},{"damage":5,"enemies":"Cultist and Chosen","floor":24,"turns":4},{"damage":27,"enemies":"Slavers","floor":25,"turns":6},{"damage":11,"enemies":"Centurion and Healer","floor":27,"turns":5},{"damage":0,"enemies":"Snecko","floor":28,"turns":4},{"damage":14,"enemies":"3 Cultists","floor":29,"turns":6},{"damage":18,"enemies":"Snake Plant","floor":31,"turns":4},{"damage":19,"enemies":"Collector","floor":33,"turns":8},{"damage":2,"enemies":"3 Shapes","floor":35,"turns":5},{"damage":22,"enemies":"3 Darklings","floor":36,"turns":5},{"damage":20,"enemies":"Maw","floor":37,"turns":7},{"damage":14,"enemies":"Transient","floor":39,"turns":5},{"damage":73,"enemies":"Giant Head","floor":41,"turns":11},{"damage":0,"enemies":"3 Darklings","floor":42,"turns":6},{"damage":36,"enemies":"Writhing Mass","floor":44,"turns":3}],"seed_played":"-7052615988558203430","potions_obtained":[{"floor":1,"key":"Energy Potion"},{"floor":3,"key":"GamblersBrew"},{"floor":11,"key":"BlessingOfTheForge"},{"floor":16,"key":"EntropicBrew"},{"floor":28,"key":"FocusPotion"},{"floor":29,"key":"PowerPotion"},{"floor":36,"key":"GamblersBrew"}],"is_trial":false,"path_per_floor":["M","M","M","M","M","R","E","R","T","M","M","E","R","M","R","B",null,"M","M","$","?","M","R","M","E","T","M","M","M","R","M","R","B",null,"M","M","M","?","M","R","E","M","T","M"],"character_chosen":"DEFECT","items_purchased":["Vajra"],"campfire_rested":4,"item_purchase_floors":[20],"current_hp_per_floor":[64,64,63,61,57,57,25,34,34,34,34,15,65,65,74,15,71,64,62,77,77,52,61,56,29,29,18,18,4,57,39,89,70,84,82,60,40,40,26,81,8,8,8,0,0],"gold":631,"neow_bonus":"TWENTY_PERCENT_HP_BONUS","is_daily":false,"chose_seed":false,"campfire_upgraded":4,"win_rate":0.0,"timestamp":1608500778,"path_taken":["M","M","M","M","M","R","E","R","T","?","M","E","R","M","R","BOSS","M","M","$","?","M","R","M","E","T","M","M","M","R","M","R","BOSS","M","M","M","?","M","R","E","M","T","M"],"items_purchased_type":["Relic"],"build_version":"2020-12-13","purchased_purges":1,"victory":false,"max_hp_per_floor":[89,89,89,89,89,89,89,89,89,89,89,89,89,89,89,89,89,89,89,89,89,89,89,89,89,89,89,89,89,89,89,89,89,89,89,89,89,85,85,85,85,85,85,85,85],"card_choices":[{"not_picked":["Storm","Gash"],"picked":"Rip and Tear","floor":1},{"not_picked":["Stack","Hologram"],"picked":"Glacier","floor":2},{"not_picked":["Stack","Reinforced Body"],"picked":"Barrage","floor":3},{"not_picked":["Coolheaded","Gash"],"picked":"Buffer","floor":4},{"not_picked":["Redo","Skim"],"picked":"Streamline","floor":5},{"not_picked":["Undo","Conserve Battery"],"picked":"Tempest","floor":7},{"not_picked":["Steam","Streamline","Redo"],"picked":"SKIP","floor":10},{"not_picked":["Beam Cell","Barrage","Skim"],"picked":"SKIP","floor":11},{"not_picked":["Force Field","Compile Driver","Sunder"],"picked":"SKIP","floor":12},{"not_picked":["Steam","Fission","Go for the Eyes"],"picked":"SKIP","floor":14},{"not_picked":["Buffer","Biased Cognition"],"picked":"Echo Form","floor":16},{"not_picked":["Streamline","Beam Cell+1"],"picked":"Conserve Battery","floor":18},{"not_picked":["Streamline","Go for the Eyes"],"picked":"FTL+1","floor":19},{"not_picked":["Streamline","Beam Cell"],"picked":"Reboot","floor":22},{"not_picked":["Storm+1","Loop"],"picked":"Coolheaded+1","floor":24},{"not_picked":["Reprogram","Chaos"],"picked":"Turbo","floor":25},{"not_picked":["Reinforced Body","Doom and Gloom"],"picked":"Leap","floor":27},{"not_picked":["Rebound","Stack","Coolheaded"],"picked":"SKIP","floor":28},{"not_picked":["Consume","Barrage","Cold Snap"],"picked":"SKIP","floor":29},{"not_picked":["Force Field","Hologram"],"picked":"Sweeping Beam+1","floor":31},{"not_picked":["Beam Cell+1","Storm+1"],"picked":"Go for the Eyes+1","floor":35},{"not_picked":["Rebound","Self Repair+1"],"picked":"Chill+1","floor":36},{"not_picked":["Force Field","Chaos+1","Lockon+1"],"picked":"SKIP","floor":37},{"not_picked":["Conserve Battery+1","Gash+1"],"picked":"Defragment","floor":39},{"not_picked":["Self Repair+1","Coolheaded+1","Hello World+1"],"picked":"SKIP","floor":41},{"not_picked":["Coolheaded","Redo","Cold Snap+1"],"picked":"SKIP","floor":42}],"player_experience":1073543,"relics_obtained":[{"floor":7,"key":"Eternal Feather"},{"floor":9,"key":"Regal Pillow"},{"floor":12,"key":"MealTicket"},{"floor":25,"key":"Orichalcum"},{"floor":26,"key":"Blue Candle"},{"floor":41,"key":"Akabeko"},{"floor":43,"key":"Boot"}],"event_choices":[{"damage_healed":0,"gold_gain":100,"player_choice":"Bet on Murderer","damage_taken":0,"max_hp_gain":0,"max_hp_loss":0,"event_name":"The Joust","floor":21,"gold_loss":50},{"damage_healed":0,"gold_gain":0,"player_choice":"Max HP","damage_taken":0,"max_hp_gain":0,"max_hp_loss":4,"event_name":"Winding Halls","floor":38,"gold_loss":0}],"is_beta":false,"boss_relics":[{"not_picked":["Velvet Choker","Ectoplasm"],"picked":"Nuclear Battery"},{"not_picked":["Coffee Dripper","Black Star"],"picked":"Fusion Hammer"}],"items_purged_floors":[20],"is_endless":false,"potions_floor_spawned":[1,3,11,16,18,22,28,29,36],"killed_by":"Writhing Mass","ascension_level":6}}