{"host":"fne7yx97fnz7kq05","time":1608436900,"event":{"mods":["BaseMod","Colored Map","Colored Powertips","Highlight Path","Minty Spire (QoL Compilation)","Relic Stats"],"gold_per_floor":[116,126,3,3,19,19,19,19,19,32,43,74,85,118,118,222,222,235,250,250,250],"floor_reached":20,"playtime":935,"items_purged":[],"score":298,"play_id":"3c502da6-4883-420b-abdb-1fc90675d3c3","local_time":"20201219220140","is_ascension_mode":true,"campfire_choices":[{"data":"Dark Embrace","floor":6,"key":"SMITH"},{"data":"Transmutation","floor":8,"key":"SMITH"},{"floor":15,"key":"REST"}],"circlet_count":0,"master_deck":["AscendersBane","Strike_R","Strike_R","Strike_R","Strike_R","Strike_R","Defend_R","Defend_R","Defend_R","Defend_R","Bash","Transmutation+1","Shockwave","Dark Embrace+1","Pain","Pommel Strike","Pommel Strike","Immolate","CurseOfTheBell","Fire Breathing"],"relics":["Burning Blood","WarpedTongs","Pantograph","White Beast Statue","Lantern","Calling Bell","Bag of Marbles","Letter Opener","Unceasing Top"],"acts_visited":["Exordium","TheCity"],"potions_floor_usage":[11,13,14,16,19,20],"damage_taken":[{"damage":9,"enemies":"Jaw Worm","floor":1,"turns":4},{"damage":10,"enemies":"Cultist","floor":2,"turns":5},{"damage":5,"enemies":"2 Louse","floor":5,"turns":6},{"damage":7,"enemies":"Blue Slaver","floor":10,"turns":3},{"damage":2,"enemies":"Looter","floor":11,"turns":2},{"damage":25,"enemies":"Gremlin Nob","floor":12,"turns":4},{"damage":8,"enemies":"Large Slime","floor":13,"turns":5},{"damage":14,"enemies":"Lagavulin","floor":14,"turns":5},{"damage":34,"enemies":"Slime Boss","floor":16,"turns":14},{"damage":3,"enemies":"2 Thieves","floor":18,"turns":1},{"damage":48,"enemies":"Shell Parasite","floor":19,"turns":8},{"damage":26,"enemies":"Centurion and Healer","floor":20,"turns":2}],"seed_played":"2474741068702176633","potions_obtained":[{"floor":2,"key":"EssenceOfSteel"},{"floor":10,"key":"FearPotion"},{"floor":13,"key":"Fire Potion"},{"floor":14,"key":"Block Potion"},{"floor":16,"key":"FearPotion"},{"floor":18,"key":"Weak Potion"},{"floor":19,"key":"Energy Potion"}],"is_trial":false,"path_per_floor":["M","M","$","?","M","R","$","R","T","M","M","E","M","E","R","B",null,"M","M","M"],"character_chosen":"IRONCLAD","items_purchased":["Dark Embrace","Block Potion"],"campfire_rested":1,"item_purchase_floors":[3,3],"current_hp_per_floor":[69,65,65,65,66,66,66,66,66,65,69,50,48,40,61,44,65,68,26,0,0],"gold":250,"neow_bonus":"RANDOM_COLORLESS_2","is_daily":false,"chose_seed":false,"campfire_upgraded":2,"win_rate":0.0,"timestamp":1608436900,"path_taken":["M","M","$","?","M","R","?","R","T","?","M","E","M","E","R","BOSS","M","M","M"],"items_purchased_type":["Card","Potion"],"build_version":"2020-12-13","purchased_purges":0,"victory":false,"max_hp_per_floor":[72,72,72,72,72,72,72,72,72,72,72,72,72,72,72,72,72,72,72,72,72],"relic_stats":{"counters":[12,59],"Pantograph":11,"Letter Opener":[0],"obtain_stats":[{"Calling Bell":17,"Lantern":14,"Pantograph":9,"Bag of Marbles":17,"Letter Opener":17,"Burning Blood":0,"White Beast Statue":12,"Unceasing Top":17,"WarpedTongs":4},{"Calling Bell":9,"Lantern":8,"Pantograph":3,"Bag of Marbles":9,"Letter Opener":9,"Burning Blood":0,"White Beast Statue":6,"Unceasing Top":9,"WarpedTongs":2},{"Calling Bell":48,"Lantern":34,"Pantograph":15,"Bag of Marbles":48,"Letter Opener":48,"Burning Blood":0,"White Beast Statue":24,"Unceasing Top":48,"WarpedTongs":9}],"Burning Blood":66,"Unceasing Top":[0],"WarpedTongs":[48]},"card_choices":[{"not_picked":["Thinking Ahead","Violence"],"picked":"Transmutation","floor":0},{"not_picked":["Havoc","Searing Blow"],"picked":"Shockwave","floor":1},{"not_picked":["Flex","Armaments","Rampage"],"picked":"SKIP","floor":2},{"not_picked":["Dropkick","Metallicize","Havoc"],"picked":"SKIP","floor":5},{"not_picked":["True Grit","Power Through"],"picked":"Pommel Strike","floor":10},{"not_picked":["Wild Strike","Havoc"],"picked":"Pommel Strike","floor":11},{"not_picked":["Wild Strike","Heavy Blade","Warcry"],"picked":"SKIP","floor":12},{"not_picked":["Double Tap","Entrench","Clothesline"],"picked":"SKIP","floor":13},{"not_picked":["Power Through","Wild Strike","Anger"],"picked":"SKIP","floor":14},{"not_picked":["Exhume","Juggernaut"],"picked":"Immolate","floor":16},{"not_picked":["Pommel Strike+1","Warcry"],"picked":"Fire Breathing","floor":18},{"not_picked":["Headbutt","Anger","Exhume"],"picked":"SKIP","floor":19}],"player_experience":62256,"relics_obtained":[{"floor":9,"key":"Pantograph"},{"floor":12,"key":"White Beast Statue"},{"floor":14,"key":"Lantern"},{"floor":17,"key":"Bag of Marbles"},{"floor":17,"key":"Letter Opener"},{"floor":17,"key":"Unceasing Top"}],"event_choices":[{"damage_healed":0,"gold_gain":0,"player_choice":"Rummage","damage_taken":0,"relics_obtained":["WarpedTongs"],"max_hp_gain":0,"max_hp_loss":0,"event_name":"Accursed Blacksmith","floor":4,"gold_loss":0,"cards_obtained":["Pain"]}],"is_beta":false,"boss_relics":[{"not_picked":["Mark of Pain","Busted Crown"],"picked":"Calling Bell"}],"items_purged_floors":[],"is_endless":false,"potions_floor_spawned":[2,5,10,13,14,16,18,19],"killed_by":"Centurion and Healer","ascension_level":12}}