{"host":"2lo6hma6kymb0g9i","time":1608485876,"event":{"mods":["BaseMod","Colored Map","DeckTracker","Minty Spire (QoL Compilation)"],"gold_per_floor":[111,125,145,165,184,184,201,229,299,299,299],"floor_reached":10,"playtime":655,"items_purged":[],"score":184,"play_id":"5e3ebab9-2c0c-4433-b06f-15c6e43ce742","local_time":"20201221023756","is_ascension_mode":true,"campfire_choices":[{"data":"Neutralize","floor":6,"key":"SMITH"}],"circlet_count":0,"master_deck":["AscendersBane","Strike_G","Strike_G","Strike_G","Strike_G","Strike_G","Defend_G","Defend_G","Defend_G","Defend_G","Defend_G","Survivor","Neutralize+1","Panache","Flying Knee","Cloak And Dagger","Backflip","Tactician","Footwork","Underhanded Strike","Deflect"],"relics":["Ring of the Snake","Frozen Egg 2","Toxic Egg 2"],"acts_visited":["Exordium"],"potions_floor_usage":[8,8],"damage_taken":[{"damage":1,"enemies":"Cultist","floor":1,"turns":4},{"damage":9,"enemies":"Jaw Worm","floor":2,"turns":3},{"damage":1,"enemies":"2 Louse","floor":3,"turns":4},{"damage":7,"enemies":"Exordium Wildlife","floor":4,"turns":4},{"damage":1,"enemies":"Looter","floor":5,"turns":3},{"damage":3,"enemies":"Red Slaver","floor":7,"turns":5},{"damage":0,"enemies":"Gremlin Nob","floor":8,"turns":2},{"damage":22,"enemies":"3 Sentries","floor":10,"turns":8}],"seed_played":"1042861566131282404","potions_obtained":[{"floor":1,"key":"SmokeBomb"},{"floor":5,"key":"FearPotion"},{"floor":7,"key":"SteroidPotion"}],"is_trial":false,"path_per_floor":["M","M","M","M","M","R","M","E","T","E"],"character_chosen":"THE_SILENT","items_purchased":[],"campfire_rested":0,"item_purchase_floors":[],"current_hp_per_floor":[43,34,33,26,25,25,22,22,22,0,0],"gold":299,"neow_bonus":"RANDOM_COLORLESS_2","is_daily":false,"chose_seed":false,"campfire_upgraded":1,"win_rate":0.0,"timestamp":1608485876,"path_taken":["M","M","M","M","?","R","M","E","T","E"],"items_purchased_type":[],"build_version":"2020-12-13","purchased_purges":0,"victory":false,"max_hp_per_floor":[66,66,66,66,66,66,66,66,66,66,66],"card_choices":[{"not_picked":["Mayhem","Master of Strategy"],"picked":"Panache","floor":0},{"not_picked":["All Out Attack","Acrobatics"],"picked":"Flying Knee","floor":1},{"not_picked":["Dagger Throw","Terror"],"picked":"Cloak And Dagger","floor":2},{"not_picked":["Dash","Sucker Punch"],"picked":"Backflip","floor":3},{"not_picked":["Dagger Spray","Flying Knee"],"picked":"Tactician","floor":4},{"not_picked":["Acrobatics","Calculated Gamble"],"picked":"Footwork","floor":5},{"not_picked":["Caltrops","Distraction"],"picked":"Underhanded Strike","floor":7},{"not_picked":["Accuracy+1","Dash"],"picked":"Deflect","floor":8}],"player_experience":850768,"relics_obtained":[{"floor":8,"key":"Frozen Egg 2"},{"floor":9,"key":"Toxic Egg 2"}],"event_choices":[],"is_beta":false,"boss_relics":[],"items_purged_floors":[],"is_endless":false,"potions_floor_spawned":[1,5,7],"killed_by":"3 Sentries","ascension_level":18}}