{"host":"9ndbo4kgsfoemf7y","time":1608447128,"event":{"mods":["AchievementEnabler","BaseMod","Colored Map","DeckTracker","Keyboard Shortcuts","Minty Spire (QoL Compilation)","Permanent Neow","Quick Restart","Relic Stats","StSLib","SuperFastMode"],"gold_per_floor":[109,127,127,127,141,141,169,169,169,198,211,211,38,113,113,113,113],"floor_reached":16,"playtime":303,"items_purged":[],"score":205,"play_id":"e98f22be-14c6-4fb2-9b9e-4c4c92354cdf","local_time":"20201220155208","is_ascension_mode":true,"campfire_choices":[{"data":"Bouncing Flask","floor":6.0,"key":"SMITH"},{"floor":8,"key":"REST"},{"floor":12,"key":"REST"},{"data":"Noxious Fumes","floor":15,"key":"SMITH"}],"circlet_count":0,"master_deck":["AscendersBane","Strike_G","Strike_G","Strike_G","Defend_G","Defend_G","Defend_G","Survivor","Neutralize","Skewer","Tactician","Bouncing Flask+1","Tactician","Adrenaline","Noxious Fumes+1","Wraith Form v2"],"relics":["Ring of the Snake","Thread and Needle","Darkstone Periapt","Meat on the Bone","Medical Kit"],"acts_visited":["Exordium"],"potions_floor_usage":[7],"damage_taken":[{"damage":0.0,"enemies":"Small Slimes","floor":1.0,"turns":3.0},{"damage":0.0,"enemies":"Cultist","floor":2.0,"turns":3.0},{"damage":0.0,"enemies":"2 Louse","floor":5.0,"turns":3.0},{"damage":24,"enemies":"Gremlin Nob","floor":7,"turns":4},{"damage":26,"enemies":"3 Sentries","floor":10,"turns":7},{"damage":2,"enemies":"Looter","floor":11,"turns":4},{"damage":34,"enemies":"Slime Boss","floor":16,"turns":3}],"seed_played":"-7327619958224003945","potions_obtained":[{"floor":5.0,"key":"DuplicationPotion"}],"is_trial":false,"path_per_floor":["M","M","?","?","M","R","E","R","T","E","M","R","$","?","R","B"],"character_chosen":"THE_SILENT","items_purchased":["Medical Kit"],"campfire_rested":2,"item_purchase_floors":[13],"current_hp_per_floor":[44,44,44,44,44,44,20,39,39,13,23,42,42,31,31,0,0],"gold":113,"neow_bonus":"TRANSFORM_TWO_CARDS","is_daily":false,"chose_seed":false,"campfire_upgraded":2,"win_rate":0.0,"timestamp":1608447128,"path_taken":["M","M","?","?","M","R","E","R","T","E","?","R","$","?","R","BOSS"],"items_purchased_type":["Relic"],"build_version":"2020-12-13","purchased_purges":0,"victory":false,"max_hp_per_floor":[66,66,66,66,66,66,66,66,66,66,66,66,66,66,66,66,66],"relic_stats":{"Darkstone Periapt":0,"counters":[7,27],"Medical Kit":[0],"obtain_stats":[{"Darkstone Periapt":9,"Thread and Needle":7,"Medical Kit":13,"Ring of the Snake":0,"Meat on the Bone":10},{"Darkstone Periapt":4,"Thread and Needle":4,"Medical Kit":6,"Ring of the Snake":0,"Meat on the Bone":5},{"Darkstone Periapt":13,"Thread and Needle":13,"Medical Kit":24,"Ring of the Snake":0,"Meat on the Bone":20}],"Ring of the Snake":[14],"Meat on the Bone":12},"card_choices":[{"not_picked":["PiercingWail","Concentrate"],"picked":"Bouncing Flask","floor":1.0},{"not_picked":["Dodge and Roll","Masterful Stab"],"picked":"Tactician","floor":2.0},{"not_picked":["Poisoned Stab","Finisher"],"picked":"Noxious Fumes","floor":5.0},{"not_picked":["Sucker Punch","Bane"],"picked":"Wraith Form v2","floor":7},{"not_picked":["Endless Agony","Infinite Blades","Flying Knee"],"picked":"SKIP","floor":10},{"not_picked":["Poisoned Stab","Backstab","Expertise"],"picked":"SKIP","floor":11}],"player_experience":717692,"relics_obtained":[{"floor":7,"key":"Thread and Needle"},{"floor":9,"key":"Darkstone Periapt"},{"floor":10,"key":"Meat on the Bone"}],"event_choices":[{"damage_healed":0.0,"max_hp_gain":0.0,"max_hp_loss":0.0,"gold_gain":0.0,"cards_transformed":["Strike_G"],"event_name":"Living Wall","player_choice":"Change","floor":3.0,"gold_loss":0.0,"damage_taken":0.0,"cards_obtained":["Adrenaline"]},{"cards_removed":["Defend_G"],"damage_healed":0.0,"max_hp_gain":0.0,"max_hp_loss":0.0,"gold_gain":0.0,"event_name":"Bonfire Elementals","player_choice":"Offered Basic","floor":4.0,"gold_loss":0.0,"damage_taken":0.0},{"damage_healed":0,"gold_gain":75,"player_choice":"Gather Gold","damage_taken":11,"max_hp_gain":0,"max_hp_loss":0,"event_name":"World of Goop","floor":14,"gold_loss":0}],"is_beta":false,"boss_relics":[],"items_purged_floors":[],"is_endless":false,"potions_floor_spawned":[5],"killed_by":"Slime Boss","ascension_level":18}}