{"host":"0azimyi6n3ugndj4","time":1608479247,"event":{"mods":["BaseMod","Bestiary","Conspire","Curses Come First","Defuse TimeMaze Blight","Hyrulean Relics","Infinite Spire","Minty Spire (QoL Compilation)","Relic Sorter","Relic Stats","Replay The Spire","StSLib","SuperFastMode","Uncapped","¡¼?Úª?ø«¡½REMEMod"],"gold_per_floor":[138,138,186,219,258,258,258],"floor_reached":6,"playtime":103,"items_purged":[],"score":151,"play_id":"44451963-dc4c-4f5a-97f4-865e73cf64ef","local_time":"20201221004727","daily_mods":["Insanity","Chimera","Specialized","Vintage","ControlledChaos","Allstar","Diverse","Colorless Cards","Heirloom","Time Dilation","Binary","Elite Swarm","Lethality","Midas","Uncertain Future"],"is_ascension_mode":true,"campfire_choices":[],"circlet_count":0,"master_deck":["Demon Form","Wraith Form v2","Echo Form","DevaForm","AscendersBane","Bash","Survivor","Zap","Eruption","Strike_R","Strike_G","Strike_B","Defend_R","Defend_G","Defend_P","Go for the Eyes","Flex","FlurryOfBlows","Flying Knee","REME_TheoryOfElimination","Bane","Replay:Undeath\u0027s Touch","Steam","Compile Driver","Whirlwind","Self Repair","PiercingWail","Panic Button","Double Energy","Conclude","Warcry","Predator","Sucker Punch","Twin Strike","Flying Knee","Gash","Rage","Clash","Pommel Strike","Replay:ManipulateFuture","SashWhip","Dagger Spray","Sweeping Beam","Dark Embrace","Replay:Anticipation","Twin Strike","EmptyFist","ReplayTheSpireMod:Tripwire","Havoc","Consecrate","Sweeping Beam","Cleave","Barrage","LikeWater","Combust","Steam","Wild Strike","ClearTheMind","True Grit","infinitespire:OneForAll","Havoc","Infernal Blade","Gash","CrushJoints","conspire:ExplosiveBarrier","Multi-Cast","Multi-Cast","Multi-Cast","Multi-Cast","Multi-Cast","Master of Strategy","Panacea","The Bomb","Chrysalis","Deep Breath","Limit Break","Decay"],"relics":["PureWater","Frozen Eye","REME_ComplimentaryCards","CaptainsWheel","infinitespire:Lychee Nut","REME_HandOfSuture","Blue Doll","conspire:Flyswatter"],"acts_visited":["Exordium"],"potions_floor_usage":[6],"damage_taken":[{"damage":5,"enemies":"Small Slimes","floor":1,"turns":2},{"damage":0,"enemies":"Cultist","floor":3,"turns":2},{"damage":4,"enemies":"2 Louse","floor":4,"turns":2},{"damage":31,"enemies":"Large Slime","floor":5,"turns":4},{"damage":40,"enemies":"3 Sentries","floor":6,"turns":4}],"seed_played":"9108911204159581198","potions_obtained":[{"floor":3,"key":"ColorlessPotion"},{"floor":4,"key":"GamblersBrew"}],"is_trial":true,"path_per_floor":["M","?","M","M","M","E"],"character_chosen":"WATCHER","items_purchased":[],"campfire_rested":0,"item_purchase_floors":[],"current_hp_per_floor":[51,51,51,47,22,0,0],"gold":258,"neow_bonus":"","is_daily":false,"chose_seed":false,"campfire_upgraded":0,"win_rate":0.0,"timestamp":1608479247,"path_taken":["M","?","?","M","M","E"],"items_purchased_type":[],"build_version":"2020-12-13","purchased_purges":0,"victory":false,"max_hp_per_floor":[51,51,51,51,51,51,51],"relic_stats":{"counters":[5,14],"obtain_stats":[{"Frozen Eye":0,"CaptainsWheel":0,"infinitespire:Lychee Nut":1,"Blue Doll":4,"REME_HandOfSuture":3,"PureWater":0,"REME_ComplimentaryCards":0,"conspire:Flyswatter":5},{"Frozen Eye":0,"CaptainsWheel":0,"infinitespire:Lychee Nut":1,"Blue Doll":3,"REME_HandOfSuture":2,"PureWater":0,"REME_ComplimentaryCards":0,"conspire:Flyswatter":4},{"Frozen Eye":0,"CaptainsWheel":0,"infinitespire:Lychee Nut":2,"Blue Doll":6,"REME_HandOfSuture":4,"PureWater":0,"REME_ComplimentaryCards":0,"conspire:Flyswatter":10}]},"card_choices":[],"player_experience":1488446,"relics_obtained":[{"floor":1,"key":"infinitespire:Lychee Nut"},{"floor":3,"key":"REME_HandOfSuture"},{"floor":4,"key":"Blue Doll"},{"floor":5,"key":"conspire:Flyswatter"}],"event_choices":[{"damage_healed":0,"gold_gain":0,"player_choice":"Cursed","damage_taken":0,"max_hp_gain":0,"max_hp_loss":0,"event_name":"Wheel of Change","floor":2,"gold_loss":0,"cards_obtained":["Decay"]}],"is_beta":false,"boss_relics":[],"items_purged_floors":[],"is_endless":false,"potions_floor_spawned":[3,4],"killed_by":"3 Sentries","ascension_level":20}}