{"host":"ry95t1gxi682w1un","time":1608476218,"event":{"mods":["2.2 Compatiblity","Act Like it!","Aspiration","BaseMod","Bestiary","Better Note","Better Third Choice","BetterRewards","Block Reminder","CCEM","Colored Powertips","Conspire","Downfall","Friendly Minions","Googly Eyes","Hallownest","Hermit","Highlight Path","Hubris","Infinite Spire","Ironclad Rager","Jorbs\u0027s Wanderer Trilogy","Marked Mod","Minty Spire (QoL Compilation)","Quarter Circle Forward PUNCH!","Random Character Button","Replay The Spire","Robot Space Explorer","Shop Mod","StSLib","SuperFastMode","The Construct","The Cursed"],"gold_per_floor":[99,99,111,123,146,158,202,214,226,270,311,356,397,441,453,564,576,607,633,645,671,705,743,755,798,810,854,866,37,67,67,67,169,169,187,187,107,107,107,136,164,194,194,219,253,279,305,316,316,421],"floor_reached":51,"playtime":2550,"items_purged":["Shrug It Off","conspire:ExplosiveBarrier","Dash"],"score":1669,"play_id":"19edcded-3755-43c7-9d40-39f82f5f2800","local_time":"20201220095658","daily_mods":["SealedDeck","Vintage","Heirloom","Time Dilation","Flight","downfall:Jewelcrafting","Elite Swarm","Lethality","downfall:ExchangeController"],"is_ascension_mode":false,"campfire_choices":[{"data":"Limit Break","floor":8.0,"key":"SMITH"},{"data":"Exhume","floor":24,"key":"SMITH"},{"data":"Feed","floor":28,"key":"SMITH"},{"data":"Guardian:ExploitGems","floor":32,"key":"SMITH"}],"circlet_count":0,"master_deck":["Guardian:ExploitGems+1","Guardian:ExploitGems+1","conspire:Charge","Dual Wield","Battle Trance","Limit Break+1","Hemogenesis","Exhume+1","Feed+1","Guardian:ExploitGems+1","Exhume+1","conspire:Purge+1","Unload+1","Barricade+1","Offering+1","Guardian:Gem_White","Guardian:Gem_Orange"],"relics":["Guardian:PickAxe","downfall:NeowBlessing_Player","replay:Trail_Library","hubris:CuriousFeather","Guardian:GemstoneGun","hubris:EvacipatedBox","hubris:FruitBowl","CCEMRelics:StainlessSteel","hubris:SlimyHat","Vajra","infinitespire:CheckeredPen","Onion Ring","The Courier","champ:DeflectingBracers","Replay:M_SmolderingBlood","Hallownest:DreamNailRelic","CCEMRelics:WhiteRose","infinitespire:EmpoweringShard","conspire:DecoderRing","Counterbalance","aspiration:TomeofQuesting","Pondfish Scales","infinitespire:PuzzleCube","ReplayTheSpireMod:Lightbulb","Sozu","Red Skull","Matryoshka","Hallownest:NailmastersGloryRelic","conspire:BottledYoYo","Prayer Wheel","hexamod:BolsterEngine","Mango","Juzu Bracelet","Ancient Tea Set","qcfpunch:Unceasing_Flame","CCEMRelics:GrapeVine","MerchantsRug","DollysMirror","Golden Egg","Replay:Bottled Snecko","Gremlin Food","Happy Flower","CCEMRelics:TransientCore","conspire:DeflatedDodgeball","ChewingGum","hubris:Zylophone","qcfpunch:Army_Boots","qcfpunch:Not_Strongest_Fighting_Style_Guidebook","Replay:Bottled Eggs","Replay:Ringing Soul","Orichalcum","infinitespire:ShieldingShard","infinitespire:WardingShard","StrikeDummy","Oddly Smooth Stone","hubris:TinFlute"],"acts_visited":["Exordium","Hallownest:Greenpath","Hallownest:CityofTears"],"potions_floor_usage":[],"damage_taken":[{"damage":0.0,"enemies":"Hallownest:2_MossCreeps","floor":5.0,"turns":1.0},{"damage":0.0,"enemies":"Hallownest:eliteCrystalGuardian","floor":7.0,"turns":2.0},{"damage":0.0,"enemies":"Hallownest:eliteVengeflyKing","floor":10.0,"turns":1.0},{"damage":0.0,"enemies":"Hallownest:eliteMossKnight","floor":11.0,"turns":1.0},{"damage":0.0,"enemies":"Hallownest:eliteCrystalGuardian","floor":12.0,"turns":2.0},{"damage":0.0,"enemies":"Hallownest:eliteMossKnight","floor":13.0,"turns":1.0},{"damage":0.0,"enemies":"Hallownest:eliteVengeflyKing","floor":14.0,"turns":2.0},{"damage":7.0,"enemies":"Hallownest:BossHornet","floor":16.0,"turns":3.0},{"damage":0,"enemies":"Hallownest:Guard_and_Sentry","floor":18,"turns":2},{"damage":0,"enemies":"Hallownest:Flukemon_and_Top","floor":19,"turns":3},{"damage":0,"enemies":"Hallownest:Warrior_and_Youth","floor":21,"turns":3},{"damage":0,"enemies":"Hallownest:Glutton_and_Coward","floor":22,"turns":2},{"damage":0,"enemies":"Hallownest:eliteWatcherKnight","floor":23,"turns":6},{"damage":0,"enemies":"Hallownest:eliteSoulWarrior","floor":25,"turns":3},{"damage":0,"enemies":"Hallownest:Nosk","floor":27,"turns":2},{"damage":0,"enemies":"Hallownest:eliteSoulWarrior","floor":30,"turns":2},{"damage":0,"enemies":"Hallownest:BossMantisLord","floor":33,"turns":2},{"damage":5,"enemies":"Hallownest:Shield_Heavy","floor":35,"turns":2},{"damage":5,"enemies":"Hallownest:eliteCollector","floor":40,"turns":2},{"damage":5,"enemies":"Hallownest:StalkingDevout","floor":41,"turns":2},{"damage":5,"enemies":"Hallownest:eliteCollector","floor":42,"turns":1},{"damage":0,"enemies":"Hallownest:StalkingDevout","floor":44,"turns":3},{"damage":2,"enemies":"Hallownest:eliteHiveKnight","floor":45,"turns":2},{"damage":0,"enemies":"Hallownest:eliteCollector","floor":46,"turns":1},{"damage":0,"enemies":"Hallownest:eliteHiveKnight","floor":47,"turns":1},{"damage":0,"enemies":"Hallownest:2_Littles","floor":48,"turns":2},{"damage":3,"enemies":"Hallownest:Radiance","floor":50,"turns":2}],"seed_played":"-1236537478829228623","potions_obtained":[{"floor":12.0,"key":"sneckomod:MuddlingPotion"},{"floor":13.0,"key":"BlessingOfTheForge"}],"is_trial":true,"path_per_floor":["WH","$","?","?","M","R","E","R","T","E","E","E","E","E","R","B",null,"M","M","?","M","M","E","R","E","T","E","R","$","E","AVR","R","B",null,"M","?","$","?","?","E","E","E","T","E","E","E","E","M","R","B",null],"character_chosen":"IRONCLAD","items_purchased":["hubris:EvacipatedBox","hubris:FruitBowl","CCEMRelics:WrappedPresent","CCEMRelics:StainlessSteel","MawBank","hubris:SlimyHat","Vajra","infinitespire:CheckeredPen","Onion Ring","The Courier","aspiration:SeaSaltIceCream","MerchantsRug","DollysMirror","Golden Egg","Replay:Bottled Snecko","Gremlin Food"],"campfire_rested":0,"item_purchase_floors":[2,2,2,2,2,2,2,2,2,2,29,29,29,29,29,29],"current_hp_per_floor":[200,64,64,64,64,64,64,64,64,64,69,69,69,69,69,66,361,361,373,373,377,377,377,377,402,402,406,406,406,412,412,412,438,588,604,604,604,604,604,619,636,651,651,668,680,699,716,742,746,757],"gold":421,"neow_bonus":"","is_daily":false,"chose_seed":false,"campfire_upgraded":4,"win_rate":0.0,"timestamp":1608476218,"path_taken":["WH","?","?","?","?","R","E","R","T","E","E","E","E","E","R","BOSS","M","M","?","?","M","E","R","E","T","E","R","$","E","AVR","R","BOSS","M","?","$","?","?","E","E","E","T","E","E","E","E","M","R","BOSS"],"items_purchased_type":["Relic","Relic","Relic","Relic","Relic","Relic","Relic","Relic","Relic","Relic","Relic","Relic","Relic","Relic","Relic","Relic"],"build_version":"2020-12-13","purchased_purges":3,"victory":true,"max_hp_per_floor":[200,207,207,207,207,207,207,207,207,207,207,207,207,207,207,211,361,361,373,373,377,377,377,377,402,402,406,406,406,412,412,412,438,588,608,608,608,608,608,622,636,651,651,668,682,701,716,742,746,760],"card_choices":[{"not_picked":["Bludgeon","Fiend Fire"],"picked":"Limit Break","floor":7.0},{"not_picked":["Demon Form","Impervious"],"picked":"Hemogenesis","floor":10.0},{"not_picked":["Berserk","Double Tap"],"picked":"Exhume","floor":11.0},{"not_picked":["Berserk","Reaper"],"picked":"Feed","floor":12.0},{"not_picked":["ICR:VitalStrike","Immolate","Hemogenesis"],"picked":"SKIP","floor":13.0},{"not_picked":["Juggernaut","Hemogenesis","Demon Form"],"picked":"SKIP","floor":14.0},{"not_picked":["Double Tap","ICR:VitalStrike","Reaper"],"picked":"SKIP","floor":23},{"not_picked":["Fiend Fire","Limit Break","ICR:VitalStrike"],"picked":"SKIP","floor":25},{"not_picked":["Barricade","conspire:HitWhereItHurts","Impervious"],"picked":"SKIP","floor":27},{"not_picked":["Juggernaut","Offering"],"picked":"Exhume","floor":30},{"not_picked":["Feed","Reaper"],"picked":"conspire:Purge","floor":33},{"not_picked":["Reaper","Feed","conspire:HitWhereItHurts"],"picked":"SKIP","floor":40},{"not_picked":["conspire:Purge","Corruption","Berserk"],"picked":"SKIP","floor":41},{"not_picked":["Demonic Infusion","Reaper","Eclipse"],"picked":"SKIP","floor":42},{"not_picked":["Limit Break","Immolate"],"picked":"Barricade","floor":44},{"not_picked":["Demon Form","Replay:Many Hands","ICR:VitalStrike"],"picked":"SKIP","floor":45},{"not_picked":["Juggernaut","Feed"],"picked":"Offering","floor":46},{"not_picked":["Brutality","Impervious","Limit Break"],"picked":"SKIP","floor":47}],"player_experience":568806,"relics_obtained":[{"floor":2.0,"key":"champ:DeflectingBracers"},{"floor":5.0,"key":"CCEMRelics:WhiteRose"},{"floor":7.0,"key":"infinitespire:EmpoweringShard"},{"floor":9.0,"key":"conspire:DecoderRing"},{"floor":10.0,"key":"Counterbalance"},{"floor":11.0,"key":"aspiration:TomeofQuesting"},{"floor":12.0,"key":"Pondfish Scales"},{"floor":13.0,"key":"infinitespire:PuzzleCube"},{"floor":14.0,"key":"ReplayTheSpireMod:Lightbulb"},{"floor":18,"key":"Red Skull"},{"floor":19,"key":"Matryoshka"},{"floor":21,"key":"conspire:BottledYoYo"},{"floor":22,"key":"Prayer Wheel"},{"floor":23,"key":"hexamod:BolsterEngine"},{"floor":25,"key":"Mango"},{"floor":26,"key":"Juzu Bracelet"},{"floor":26,"key":"Ancient Tea Set"},{"floor":27,"key":"qcfpunch:Unceasing_Flame"},{"floor":30,"key":"Happy Flower"},{"floor":35,"key":"hubris:Zylophone"},{"floor":40,"key":"qcfpunch:Army_Boots"},{"floor":41,"key":"qcfpunch:Not_Strongest_Fighting_Style_Guidebook"},{"floor":42,"key":"Replay:Bottled Eggs"},{"floor":43,"key":"Replay:Ringing Soul"},{"floor":43,"key":"Orichalcum"},{"floor":44,"key":"infinitespire:ShieldingShard"},{"floor":45,"key":"infinitespire:WardingShard"},{"floor":46,"key":"StrikeDummy"},{"floor":47,"key":"Oddly Smooth Stone"},{"floor":48,"key":"hubris:TinFlute"}],"event_choices":[{"damage_healed":0,"gold_gain":0,"player_choice":"Leave","damage_taken":0,"max_hp_gain":0,"max_hp_loss":0,"event_name":"conspire:Investor","floor":39,"gold_loss":0}],"is_beta":false,"boss_relics":[{"not_picked":["Snecko Eye","aspiration:RunicSpoon","Tiny House"],"picked":"Sozu"},{"not_picked":["CCEMRelics:GreenEgg","Velvet Choker","Circlet"],"picked":"ChewingGum"}],"items_purged_floors":[29,31,37],"is_endless":false,"potions_floor_spawned":[12,13,18,19,22,27,41,44,47,48,50],"ascension_level":0}}