{"host":"95i1gxnztdrdyvhi","time":1608495919,"event":{"mods":["AchievementEnabler","Act Like it!","BaseMod","Minty Spire (QoL Compilation)","Quick Restart","StSLib","The Marked"],"gold_per_floor":[117,117,136,156,174,174,192,192,219,249,56,89,116,12,12,108,108,119,119,22,36,36,36,65,80,152,152,2,2,2,2,2],"floor_reached":31,"playtime":1574,"items_purged":["theMarked:Strike","theMarked:Strike","theMarked:Strike"],"score":336,"play_id":"a433a6df-1d90-40c5-892e-bd1190937af0","local_time":"20201220202519","is_ascension_mode":false,"campfire_choices":[{"data":"theMarked:HeritageOfTheMarked","floor":6,"key":"SMITH"},{"data":"theMarked:Indomitable","floor":8,"key":"SMITH"},{"data":"theMarked:SoldierOfQuellstein","floor":15,"key":"SMITH"},{"data":"theMarked:SummonStrength","floor":23,"key":"SMITH"},{"data":"theMarked:MysticalArsenal","floor":27,"key":"SMITH"},{"data":"theMarked:BindingBlade","floor":29,"key":"SMITH"}],"circlet_count":0,"master_deck":["theMarked:Defend+1","theMarked:Defend","theMarked:Defend","theMarked:SoldierOfQuellstein+1","theMarked:ShockingTouch","theMarked:TakeOffHeels+1","theMarked:Overthink","theMarked:HeritageOfTheMarked+1","theMarked:Indomitable+1","theMarked:MysticalArsenal+1","theMarked:BindingBlade","theMarked:TakeOffHeels","theMarked:BanishingStrike","theMarked:EmpowerWeapon","theMarked:SummonStrength+1","theMarked:WardOff","theMarked:ReduceFriction","theMarked:BindingBlade+1"],"relics":["theMarked:ArtifactOfAir","Smiling Mask","Blood Vial","War Paint","Odd Mushroom","Black Star","Kunai","Art of War","DollysMirror"],"acts_visited":["Exordium","TheCity"],"potions_floor_usage":[13,13,18,24,24],"damage_taken":[{"damage":1,"enemies":"Cultist","floor":1,"turns":3},{"damage":1,"enemies":"Jaw Worm","floor":3,"turns":4},{"damage":0,"enemies":"2 Louse","floor":4,"turns":1},{"damage":6,"enemies":"Lots of Slimes","floor":5,"turns":3},{"damage":23,"enemies":"Exordium Wildlife","floor":7,"turns":5},{"damage":35,"enemies":"3 Sentries","floor":10,"turns":8},{"damage":0,"enemies":"Lagavulin","floor":12,"turns":4},{"damage":0,"enemies":"The Mushroom Lair","floor":13,"turns":5},{"damage":0,"enemies":"Slime Boss","floor":16,"turns":4},{"damage":15,"enemies":"2 Thieves","floor":18,"turns":4},{"damage":2,"enemies":"Shell Parasite","floor":21,"turns":6},{"damage":12,"enemies":"Book of Stabbing","floor":24,"turns":7},{"damage":26,"enemies":"Cultist and Chosen","floor":25,"turns":5},{"damage":30,"enemies":"Gremlin Leader","floor":31,"turns":2}],"seed_played":"-3247670752239542333","potions_obtained":[{"floor":1,"key":"SteroidPotion"},{"floor":5,"key":"SkillPotion"},{"floor":10,"key":"Swift Potion"},{"floor":21,"key":"Weak Potion"},{"floor":24,"key":"Fruit Juice"},{"floor":25,"key":"Dexterity Potion"}],"is_trial":false,"path_per_floor":["M","?","M","M","M","R","M","R","T","E","$","E","?","$","R","B",null,"M","?","$","M","?","R","E","M","T","R","$","R","?","E"],"character_chosen":"THE_DEFAULT","items_purchased":["theMarked:BindingBlade","theMarked:EmpowerWeapon","theMarked:WardOff","DollysMirror"],"campfire_rested":0,"item_purchase_floors":[11,14,20,28],"current_hp_per_floor":[69,69,68,68,62,62,39,39,39,4,4,6,8,8,8,10,70,55,55,55,55,55,55,50,26,26,26,26,26,26,0,0],"gold":2,"neow_bonus":"REMOVE_CARD","is_daily":false,"chose_seed":false,"campfire_upgraded":6,"win_rate":0.0,"timestamp":1608495919,"path_taken":["M","?","M","?","M","R","M","R","T","E","$","E","?","$","R","BOSS","M","?","$","?","?","R","E","M","T","R","$","R","?","E"],"items_purchased_type":["Card","Card","Card","Relic"],"build_version":"2020-12-13","purchased_purges":3,"victory":false,"max_hp_per_floor":[70,70,70,70,70,70,70,70,70,70,70,70,70,70,70,70,70,70,70,70,70,70,70,75,75,75,75,75,75,75,75,75],"card_choices":[{"not_picked":["theMarked:Electrocute","theMarked:WardOff"],"picked":"theMarked:ShockingTouch","floor":1},{"not_picked":["theMarked:ElectricStrings","theMarked:ComboAttacks"],"picked":"theMarked:Overthink","floor":3},{"not_picked":["theMarked:Frustration","theMarked:ResourceFulStrike"],"picked":"theMarked:HeritageOfTheMarked","floor":4},{"not_picked":["theMarked:HeightenedSenses","theMarked:Frustration","theMarked:EnhanceMovement"],"picked":"SKIP","floor":5},{"not_picked":["theMarked:SwordAndMagic","theMarked:ResourceFulStrike"],"picked":"theMarked:Indomitable","floor":7},{"not_picked":["theMarked:Frustration","theMarked:RepellingDischarge"],"picked":"theMarked:MysticalArsenal","floor":10},{"not_picked":["theMarked:EnhanceMovement","theMarked:HeritageOfTheMarked"],"picked":"theMarked:TakeOffHeels","floor":12},{"not_picked":["theMarked:ContemptForTheProud","theMarked:Static"],"picked":"theMarked:BanishingStrike","floor":13},{"not_picked":["theMarked:FavorableWinds","theMarked:Defy"],"picked":"theMarked:SummonStrength","floor":16},{"not_picked":["theMarked:ChainLightning+1","theMarked:WastefulAttack","theMarked:Improvise+1"],"picked":"SKIP","floor":18},{"not_picked":["theMarked:ChainLightning+1","theMarked:ElectricStrings"],"picked":"theMarked:ReduceFriction","floor":21},{"not_picked":["theMarked:ResourceFulStrike+1","theMarked:Improvise","theMarked:EnhanceMovement"],"picked":"SKIP","floor":24},{"not_picked":["theMarked:Improvise","theMarked:EnhancedHearing","theMarked:HeightenedSenses"],"picked":"SKIP","floor":25}],"player_experience":646001,"relics_obtained":[{"floor":9,"key":"Smiling Mask"},{"floor":10,"key":"Blood Vial"},{"floor":12,"key":"War Paint"},{"floor":13,"key":"Odd Mushroom"},{"floor":24,"key":"Kunai"},{"floor":24,"key":"Art of War"}],"event_choices":[{"damage_healed":0,"gold_gain":0,"cards_transformed":["theMarked:Strike"],"player_choice":"Transformed","damage_taken":0,"max_hp_gain":0,"max_hp_loss":0,"event_name":"Transmorgrifier","floor":2,"gold_loss":0,"cards_obtained":["theMarked:TakeOffHeels"]},{"damage_healed":0,"gold_gain":0,"player_choice":"Fought Mushrooms","damage_taken":0,"max_hp_gain":0,"max_hp_loss":0,"event_name":"Mushrooms","floor":13,"gold_loss":0},{"cards_removed":["theMarked:Strike"],"damage_healed":0,"gold_gain":0,"player_choice":"Offered Basic","damage_taken":0,"max_hp_gain":0,"max_hp_loss":0,"event_name":"Bonfire Elementals","floor":19,"gold_loss":0},{"damage_healed":0,"gold_gain":0,"player_choice":"Ignored","damage_taken":0,"max_hp_gain":0,"max_hp_loss":0,"event_name":"Ghosts","floor":30,"gold_loss":0}],"is_beta":false,"boss_relics":[{"not_picked":["SlaversCollar","Calling Bell"],"picked":"Black Star"}],"items_purged_floors":[11,14,20],"is_endless":false,"potions_floor_spawned":[1,5,10,21,24,25],"killed_by":"Gremlin Leader","ascension_level":0}}