{"host":"29lahdx3vn6842ib","time":1608424432,"event":{"mods":["Act Like it!","Aspiration","BaseMod","Better Vampires","Conspire","Friendly Minions","Gensokyo","GungeonMod","Hallownest","HololiveMod","KinomotoSakuraMod(木之本樱)","Mari Mod (Legacy)","Mari\u0027s V1 Patch","Marisa（F雨　魔理沙）","Minty Spire (QoL Compilation)","Prisma Mod","Quarter Circle Forward PUNCH!","Quick Restart","Rare Cards Sparkle","Reimu（博丽灵梦）","Remilia（蕾米莉亚）","RumiaBox-露米娅的神秘盒子","SIMod","Shop Mod","StSLib","The Alterego","The Animator","The Bug Knight","The Senshi","The Servant 0.9.4","Waifu the Spire","WarShipGirlsR/战舰少女R mod","Yohane!","Yuri Mod","【功能Mod】混沌之环修复补丁","【遗物卡牌】REMEMod","篝火指南"],"gold_per_floor":[900000,899396,899413,899426,898780,898805,898805,898837,898837,898850,898850,898876,898887,898901,898309,898406,898406,898416,898326,898343,898353,898364,897852,897467,896748,896795,896810,896180,896180],"floor_reached":28,"playtime":1535,"items_purged":["Yohane:Well_Laid_Ambush","Yohane:Defend_Grey","Yohane:Defend_Grey","Yohane:Go_All_Out","Yohane:Defend_Grey","Yohane:Defend_Grey","Yohane:Go_All_Out"],"score":342,"play_id":"607cb5e4-04d0-4268-ba4c-44d791ff5878","local_time":"20201220083352","is_ascension_mode":false,"campfire_choices":[{"floor":7.0,"key":"RECALL"}],"circlet_count":0,"master_deck":["Yohane:Strike_Grey","Yohane:Strike_Grey","Yohane:Strike_Grey","Yohane:Strike_Grey","Yohane:Little_Demon_Lily","Yohane:Grace_Under_Fire","Apotheosis","Yohane:Little_Demon_Mari","Yohane:Imagine_Breaker","Yohane:Grace_Under_Fire","Yohane:Little_Demon_Ruby","Yohane:Unstable_World"],"relics":["Yohane:AngelWings","REME_ComplimentaryCards","NeowsBlessing","Orichalcum","MerchantsRug","Bag of Marbles","TentaclePot:ReiMu","Bag of Preparation","conspire:TopHat","Matryoshka","MagicDraw1","Medical Kit","DemoMod:SuperHotWatch","Lee\u0027s Waffle","Mercury Hourglass","Anchor","qcfpunch:Wrestler\u0027s_Cloak","qcfpunch:Army_Boots","Chemical X","GodSword1"],"acts_visited":["Exordium","TheCity"],"potions_floor_usage":[],"damage_taken":[{"damage":0.0,"enemies":"2 Louse","floor":1.0,"turns":1.0},{"damage":0.0,"enemies":"Cultist","floor":3.0,"turns":1.0},{"damage":0.0,"enemies":"Jaw Worm","floor":4.0,"turns":1.0},{"damage":0.0,"enemies":"3 Sentries","floor":6.0,"turns":4.0},{"damage":0.0,"enemies":"Lagavulin","floor":8.0,"turns":4.0},{"damage":0.0,"enemies":"Red Slaver","floor":10.0,"turns":2.0},{"damage":0.0,"enemies":"3 Sentries","floor":12.0,"turns":6.0},{"damage":2,"enemies":"Exordium Wildlife","floor":13,"turns":2},{"damage":0,"enemies":"Blue Slaver","floor":14,"turns":3},{"damage":16,"enemies":"Hexaghost","floor":16,"turns":8},{"damage":8,"enemies":"2 Thieves","floor":18,"turns":3},{"damage":7,"enemies":"conspire:FuzzyDice","floor":20,"turns":5},{"damage":0,"enemies":"Snecko","floor":21,"turns":4},{"damage":0,"enemies":"Centurion and Healer","floor":22,"turns":5},{"damage":8,"enemies":"Snake Plant","floor":27,"turns":3}],"seed_played":"1034006924596160124","potions_obtained":[],"is_trial":false,"path_per_floor":["M","$","M","M","$","E","R","E","T","M","?","E","M","M","R","B",null,"M","?","M","M","M","R","$","R","T","M","$"],"character_chosen":"FallenAngel","items_purchased":["Orichalcum","Yohane:Grace_Under_Fire","Apotheosis","MerchantsRug","Fruit Juice","Bag of Marbles","TentaclePot:ReiMu","Yohane:Imagine_Breaker","MagicDraw1","Medical Kit","Yohane:Grace_Under_Fire","DemoMod:SuperHotWatch","Fire Potion","Lee\u0027s Waffle","Yohane:Little_Demon_Ruby","Mercury Hourglass","Anchor","Yohane:Unstable_World","Chemical X","GodSword1"],"campfire_rested":0,"item_purchase_floors":[2,2,2,2,5,5,5,5,15,15,15,23,23,24,24,25,25,25,28,28],"current_hp_per_floor":[60,60,60,60,65,65,65,65,65,65,65,65,63,63,63,47,65,57,57,50,50,50,50,72,72,72,64,64,64],"gold":896180,"neow_bonus":"THREE_ENEMY_KILL","is_daily":false,"chose_seed":false,"campfire_upgraded":0,"win_rate":0.0,"timestamp":1608424432,"path_taken":["M","$","M","M","$","E","R","E","T","M","?","E","M","?","R","BOSS","M","?","M","M","?","R","$","R","T","M","$"],"items_purchased_type":["Relic","Card","Card","Relic","Potion","Relic","Relic","Card","Relic","Relic","Card","Relic","Potion","Relic","Card","Relic","Relic","Card","Relic","Relic"],"build_version":"2020-12-13","purchased_purges":7,"victory":false,"max_hp_per_floor":[60,60,60,60,65,65,65,65,65,65,65,65,65,65,65,65,65,65,65,65,65,65,65,72,72,72,72,72,72],"card_choices":[{"not_picked":["Yohane:Lailapse","Yohane:Wrath","Yohane:Modore"],"picked":"SKIP","floor":1.0},{"not_picked":["Yohane:Reckless_Greed","Yohane:Angel_Tears"],"picked":"Yohane:Little_Demon_Mari","floor":3.0},{"not_picked":["Yohane:Lust","Yohane:Lailapse","Yohane:Dark_Rest"],"picked":"SKIP","floor":4.0},{"not_picked":["Yohane:Wrath","Yohane:Perfection","Yohane:Livestream_Donation"],"picked":"SKIP","floor":6.0},{"not_picked":["Yohane:Kowareyasuki","Yohane:Dark_Shield","Yohane:My_Mai_Tonight"],"picked":"SKIP","floor":8.0},{"not_picked":["Yohane:Hakodate","Yohane:Modore","Yohane:Cursed_Strike"],"picked":"SKIP","floor":10.0},{"not_picked":["Yohane:Ice_Cream_Assault","Yohane:Excitement","Yohane:Soul_Peek"],"picked":"SKIP","floor":12.0},{"not_picked":["Yohane:Inspiration","Yohane:Dark_Shield","Yohane:Perfection"],"picked":"SKIP","floor":13},{"not_picked":["Yohane:Dark_Shield","Yohane:Miracle_Wave","Yohane:Snow_Halation"],"picked":"SKIP","floor":14},{"not_picked":["Yohane:Awaken_The_Power","Yohane:Indulge"],"picked":"Yohane:Go_All_Out","floor":16},{"not_picked":["Yohane:Backfoot","Yohane:My_Mai_Tonight+1","Yohane:Miracle_Wave"],"picked":"SKIP","floor":18},{"not_picked":["Yohane:Wrath","Yohane:Hell_Zone","Yohane:Dark_Rest"],"picked":"SKIP","floor":20},{"not_picked":["Yohane:Little_Demon_Recruit+1","Yohane:Ice_Cream_Assault","Yohane:Debut"],"picked":"SKIP","floor":21},{"not_picked":["Yohane:Miracle_Wave+1","Yohane:Kowareyasuki","Yohane:Wrath"],"picked":"SKIP","floor":22},{"not_picked":["Yohane:Livestream_Donation","Yohane:Little_Demon_Ruby","Yohane:Culinary_Genius"],"picked":"SKIP","floor":27},{"not_picked":["Yohane:Livestream_Donation","Yohane:Little_Demon_Ruby","Yohane:Culinary_Genius"],"picked":"SKIP","floor":27}],"player_experience":361450,"relics_obtained":[{"floor":6.0,"key":"Bag of Preparation"},{"floor":11.0,"key":"conspire:TopHat"},{"floor":12.0,"key":"Matryoshka"},{"floor":26,"key":"qcfpunch:Wrestler\u0027s_Cloak"},{"floor":26,"key":"qcfpunch:Army_Boots"}],"event_choices":[{"damage_healed":0.0,"max_hp_gain":0.0,"max_hp_loss":0.0,"gold_gain":0.0,"event_name":"Wheel of Change","player_choice":"Relic","floor":11.0,"gold_loss":0.0,"damage_taken":0.0}],"is_beta":false,"boss_relics":[{"not_picked":["Calling Bell","aspiration:RitualDagger","Hololive_ChaosS"]}],"items_purged_floors":[2,5,15,23,24,25,28],"is_endless":false,"potions_floor_spawned":[3,6,8,10,12,16,21],"ascension_level":0}}