{"host":"sav7uxregyirlf69","time":1608455952,"event":{"mods":["AchievementEnabler","BaseMod","Colored Map","DeckTracker","Keyboard Shortcuts","Minty Spire (QoL Compilation)","READ ME - Guardian Mod","StSLib","SuperFastMode"],"gold_per_floor":[111,111,111,36,36,36,71,71,150,225,238,254,204,224,224,323,323,333,333,344,360,459,459,475,675,723,735,735,752,752,447,447,447,447],"floor_reached":33,"playtime":507,"items_purged":["Strike_R","Strike_R"],"score":270,"play_id":"066ddcbd-2db0-4a66-acf2-47d042ec47c2","local_time":"20201220181912","is_ascension_mode":false,"campfire_choices":[{"data":"Carnage","floor":6.0,"key":"SMITH"},{"data":"Headbutt","floor":8.0,"key":"SMITH"},{"data":"Rage","floor":15.0,"key":"SMITH"},{"data":"Feed","floor":23.0,"key":"SMITH"},{"floor":28,"key":"REST"},{"floor":32,"key":"REST"}],"circlet_count":0,"master_deck":["Defend_R","Defend_R","Defend_R","Defend_R","Bash","Carnage+1","Headbutt+1","Shrug It Off","Intimidate","Rage+1","Feed+1","Bloodletting","Shrug It Off","Inflame","Discovery"],"relics":["Burning Blood"],"acts_visited":["Exordium","TheCity"],"potions_floor_usage":[27,33],"damage_taken":[{"damage":11.0,"enemies":"Jaw Worm","floor":1.0,"turns":5.0},{"damage":20.0,"enemies":"Gremlin Nob","floor":7.0,"turns":4.0},{"damage":0.0,"enemies":"Small Slimes","floor":11.0,"turns":2.0},{"damage":0.0,"enemies":"Cultist","floor":12.0,"turns":2.0},{"damage":0.0,"enemies":"3 Louse","floor":14.0,"turns":3.0},{"damage":43.0,"enemies":"Slime Boss","floor":16.0,"turns":14.0},{"damage":0.0,"enemies":"3 Byrds","floor":18.0,"turns":3.0},{"damage":28.0,"enemies":"Spheric Guardian","floor":20.0,"turns":7.0},{"damage":33.0,"enemies":"3 Cultists","floor":21.0,"turns":6.0},{"damage":18.0,"enemies":"Snecko","floor":24.0,"turns":5.0},{"damage":25,"enemies":"Snake Plant","floor":27,"turns":5},{"damage":22,"enemies":"Shelled Parasite and Fungi","floor":29,"turns":6},{"damage":89,"enemies":"Champ","floor":33,"turns":13}],"seed_played":"7931737257798266749","potions_obtained":[{"floor":1.0,"key":"ColorlessPotion"},{"floor":7.0,"key":"BlessingOfTheForge"},{"floor":16.0,"key":"SpeedPotion"},{"floor":21.0,"key":"SteroidPotion"},{"floor":24.0,"key":"Strength Potion"}],"is_trial":false,"path_per_floor":["M","?","?","$","?","R","E","R","T","?","M","M","?","M","R","B",null,"M","?","M","M","?","R","M","?","T","M","R","M","?","$","R","B"],"character_chosen":"IRONCLAD","items_purchased":["Inflame","Dexterity Potion","Discovery"],"campfire_rested":2,"item_purchase_floors":[31,31,31],"current_hp_per_floor":[83,83,83,83,76,76,62,62,62,51,57,63,63,69,69,32,88,88,88,69,42,42,42,34,34,34,15,43,31,31,31,60,0,0],"gold":447,"neow_bonus":"TEN_PERCENT_HP_BONUS","is_daily":false,"chose_seed":false,"campfire_upgraded":4,"win_rate":0.0,"timestamp":1608455952,"path_taken":["M","?","?","?","?","R","E","R","T","?","M","M","?","M","R","BOSS","M","?","?","M","?","R","M","?","T","M","R","?","?","$","R","BOSS"],"items_purchased_type":["Card","Potion","Card"],"build_version":"2020-12-13","purchased_purges":2,"victory":false,"max_hp_per_floor":[88,88,88,88,88,88,88,88,88,88,88,88,88,88,88,88,88,88,88,91,91,91,91,95,95,95,95,95,99,99,99,99,99,99],"card_choices":[{"not_picked":["Cleave","Armaments"],"picked":"Carnage","floor":1.0},{"not_picked":["Flex","Pummel"],"picked":"Headbutt","floor":7.0},{"not_picked":["Brutality","Havoc"],"picked":"Shrug It Off","floor":11.0},{"not_picked":["Headbutt","Searing Blow"],"picked":"Intimidate","floor":12.0},{"not_picked":["Body Slam","Warcry"],"picked":"Rage","floor":14.0},{"not_picked":["Corruption","Impervious"],"picked":"Feed","floor":16.0},{"not_picked":["Sword Boomerang","Cleave","Perfected Strike"],"picked":"SKIP","floor":18.0},{"not_picked":["Rupture","Flame Barrier","Power Through"],"picked":"SKIP","floor":20.0},{"not_picked":["Dark Embrace","Thunderclap","True Grit"],"picked":"SKIP","floor":21.0},{"not_picked":["Sword Boomerang","Rage"],"picked":"Bloodletting","floor":24.0},{"not_picked":["Fire Breathing","Havoc","Dropkick"],"picked":"SKIP","floor":27},{"not_picked":["Berserk","Clothesline"],"picked":"Shrug It Off","floor":29}],"player_experience":967328,"relics_obtained":[],"event_choices":[{"damage_healed":0.0,"max_hp_gain":0.0,"max_hp_loss":0.0,"gold_gain":0.0,"event_name":"Scrap Ooze","player_choice":"Fled","floor":2.0,"gold_loss":0.0,"damage_taken":0.0},{"damage_healed":0.0,"max_hp_gain":0.0,"max_hp_loss":0.0,"gold_gain":0.0,"event_name":"Liars Game","player_choice":"Ignored","floor":3.0,"gold_loss":0.0,"damage_taken":0.0},{"cards_removed":["Strike_R"],"damage_healed":0.0,"max_hp_gain":0.0,"max_hp_loss":0.0,"gold_gain":0.0,"event_name":"Golden Wing","player_choice":"Card Removal","floor":5.0,"gold_loss":0.0,"damage_taken":7.0},{"damage_healed":0.0,"max_hp_gain":0.0,"max_hp_loss":0.0,"gold_gain":75.0,"event_name":"World of Goop","player_choice":"Gather Gold","floor":10.0,"gold_loss":0.0,"damage_taken":11.0},{"cards_removed":["Strike_R"],"damage_healed":0.0,"max_hp_gain":0.0,"max_hp_loss":0.0,"gold_gain":0.0,"event_name":"The Cleric","player_choice":"Card Removal","floor":13.0,"gold_loss":50.0,"damage_taken":0.0},{"cards_removed":["Strike_R"],"damage_healed":0.0,"max_hp_gain":0.0,"max_hp_loss":0.0,"gold_gain":0.0,"event_name":"Purifier","player_choice":"Purged","floor":19.0,"gold_loss":0.0,"damage_taken":0.0},{"damage_healed":0.0,"max_hp_gain":0.0,"max_hp_loss":0.0,"gold_gain":99.0,"event_name":"Nest","player_choice":"Stole From Cult","floor":22.0,"gold_loss":0.0,"damage_taken":0.0},{"damage_healed":0.0,"max_hp_gain":0.0,"max_hp_loss":0.0,"gold_gain":200.0,"event_name":"Wheel of Change","player_choice":"Gold","floor":25.0,"gold_loss":0.0,"damage_taken":0.0}],"is_beta":false,"boss_relics":[{"not_picked":["Coffee Dripper","Tiny House","SlaversCollar"]}],"items_purged_floors":[4,31],"is_endless":false,"potions_floor_spawned":[1,7,16,21,24],"killed_by":"Champ","ascension_level":0}}