{"host":"Qube","time":1608445549,"event":{"mods":["AchievementEnabler","BaseMod","Colored Powertips","Minty Spire (QoL Compilation)","Quick Restart","Random Character Button"],"gold_per_floor":[113,130,150,160,174,174,174,199,269,269,269],"floor_reached":10,"playtime":510,"items_purged":[],"score":137,"play_id":"e0996414-6e1c-41f9-b8e5-aaa7466a586d","local_time":"20201219222549","is_ascension_mode":true,"campfire_choices":[{"data":"Zap","floor":6.0,"key":"SMITH"}],"circlet_count":0,"master_deck":["AscendersBane","Strike_B","Strike_B+1","Strike_B","Strike_B","Defend_B","Defend_B","Defend_B+1","Defend_B","Zap+1","Dualcast","Parasite","Beam Cell","Go for the Eyes","Streamline","Seek","Hologram","Steam"],"relics":["Cracked Core","Lantern","Pantograph"],"acts_visited":["Exordium"],"potions_floor_usage":[],"damage_taken":[{"damage":10.0,"enemies":"Small Slimes","floor":1.0,"turns":3.0},{"damage":7.0,"enemies":"Jaw Worm","floor":2.0,"turns":3.0},{"damage":0.0,"enemies":"2 Louse","floor":3.0,"turns":2.0},{"damage":4.0,"enemies":"2 Fungi Beasts","floor":4.0,"turns":3.0},{"damage":4.0,"enemies":"Blue Slaver","floor":5.0,"turns":2.0},{"damage":17.0,"enemies":"Lagavulin","floor":8.0,"turns":7.0},{"damage":8,"enemies":"Gremlin Nob","floor":10,"turns":3}],"seed_played":"-2493464983471222916","potions_obtained":[{"floor":1.0,"key":"FearPotion"},{"floor":3.0,"key":"PotionOfCapacity"}],"is_trial":false,"path_per_floor":["M","M","M","M","M","R","?","E","T","E"],"character_chosen":"DEFECT","items_purchased":[],"campfire_rested":0,"item_purchase_floors":[],"current_hp_per_floor":[68,61,61,57,53,53,27,10,10,2,2],"gold":269,"neow_bonus":"TWENTY_PERCENT_HP_BONUS","is_daily":false,"chose_seed":false,"campfire_upgraded":1,"win_rate":0.0,"timestamp":1608445549,"path_taken":["M","M","M","M","M","R","?","E","T","E"],"items_purchased_type":[],"build_version":"2020-12-18","purchased_purges":0,"victory":false,"max_hp_per_floor":[85,85,85,85,85,85,85,85,85,85,85],"card_choices":[{"not_picked":["Barrage","Aggregate"],"picked":"Beam Cell","floor":1.0},{"not_picked":["Turbo","Heatsinks"],"picked":"Go for the Eyes","floor":2.0},{"not_picked":["Steam","Double Energy"],"picked":"Streamline","floor":3.0},{"not_picked":["Steam","Ball Lightning"],"picked":"Seek","floor":4.0},{"not_picked":["Cold Snap","Beam Cell"],"picked":"Hologram","floor":5.0},{"not_picked":["Gash","Redo"],"picked":"Steam","floor":8.0}],"player_experience":717014,"relics_obtained":[{"floor":8.0,"key":"Lantern"},{"floor":9.0,"key":"Pantograph"}],"event_choices":[{"damage_healed":0.0,"max_hp_gain":0.0,"max_hp_loss":0.0,"gold_gain":0.0,"event_name":"Shining Light","player_choice":"Entered Light","floor":7.0,"gold_loss":0.0,"damage_taken":26.0,"cards_upgraded":["Defend_B","Strike_B"]}],"is_beta":true,"boss_relics":[],"items_purged_floors":[],"is_endless":false,"potions_floor_spawned":[1,3],"killed_by":"Gremlin Nob","ascension_level":19}}