{"host":"6pgtslebjnyv5xmi","time":1608479754,"event":{"mods":["AchievementEnabler","BaseMod","Colored Map","Minty Spire (QoL Compilation)","Rare Cards Sparkle","SuperFastMode","everything is the same but u backflip on backflip"],"gold_per_floor":[112,112,124,23,23,59,59,9,9,9,9,40,63,78,78,209,209,232,232,182,107,128,128,172,172,220,259,358,377,327,363,363,482,482,503,516,359,379,442,442,462,462,762,762,800,1133,1144,1163,1163,1163],"floor_reached":51,"playtime":3310,"items_purged":["Defend_P","Vault","Vigilance"],"score":1012,"play_id":"d6e7064f-a8d2-4e29-ae3f-c145dd411f29","local_time":"20201221005554","is_ascension_mode":true,"campfire_choices":[{"data":"Eruption","floor":7,"key":"SMITH"},{"data":"Vault","floor":10,"key":"SMITH"},{"data":"Adaptation","floor":15,"key":"SMITH"},{"data":"Crescendo","floor":23,"key":"SMITH"},{"data":"Scrawl","floor":25,"key":"SMITH"},{"data":"MentalFortress","floor":32,"key":"SMITH"},{"data":"Brilliance","floor":40,"key":"SMITH"},{"data":"EmptyFist","floor":42,"key":"SMITH"},{"data":"Halt","floor":44,"key":"SMITH"},{"data":"FearNoEvil","floor":49,"key":"SMITH"}],"circlet_count":0,"master_deck":["Eruption+1","Vault+1","InnerPeace","EmptyFist+1","Adaptation+1","Scrawl+1","Crescendo+1","Brilliance+1","Halt+1","MentalFortress+1","DeusExMachina","Adaptation+1","FearNoEvil+1"],"relics":["PureWater","Smiling Mask","Ancient Tea Set","Lantern","Pandora\u0027s Box","Toy Ornithopter","Centennial Puzzle","Vajra","Empty Cage","Omamori","Mango","Old Coin","GoldenEye"],"acts_visited":["Exordium","TheCity","TheBeyond"],"potions_floor_usage":[6,6,12,16,16,33,33,47,50,50,50],"damage_taken":[{"damage":0,"enemies":"2 Louse","floor":1,"turns":3},{"damage":2,"enemies":"Cultist","floor":3,"turns":4},{"damage":12,"enemies":"Lagavulin","floor":6,"turns":6},{"damage":8,"enemies":"3 Sentries","floor":12,"turns":8},{"damage":0,"enemies":"Small Slimes","floor":13,"turns":1},{"damage":12,"enemies":"Looter","floor":14,"turns":3},{"damage":17,"enemies":"Hexaghost","floor":16,"turns":6},{"damage":7,"enemies":"Chosen","floor":18,"turns":4},{"damage":0,"enemies":"3 Byrds","floor":22,"turns":5},{"damage":0,"enemies":"Slavers","floor":24,"turns":3},{"damage":0,"enemies":"Gremlin Leader","floor":27,"turns":2},{"damage":0,"enemies":"Cultist and Chosen","floor":29,"turns":4},{"damage":0,"enemies":"Book of Stabbing","floor":31,"turns":3},{"damage":0,"enemies":"Collector","floor":33,"turns":6},{"damage":0,"enemies":"Orb Walker","floor":35,"turns":2},{"damage":0,"enemies":"3 Darklings","floor":36,"turns":3},{"damage":16,"enemies":"Spire Growth","floor":38,"turns":3},{"damage":0,"enemies":"Mind Bloom Boss Battle","floor":39,"turns":2},{"damage":0,"enemies":"Writhing Mass","floor":41,"turns":1},{"damage":0,"enemies":"Nemesis","floor":45,"turns":2},{"damage":0,"enemies":"Jaw Worm Horde","floor":47,"turns":2},{"damage":0,"enemies":"Sphere and 2 Shapes","floor":48,"turns":2},{"damage":0,"enemies":"Awakened One","floor":50,"turns":3}],"seed_played":"5588722778168389800","potions_obtained":[{"floor":2,"key":"SkillPotion"},{"floor":2,"key":"ColorlessPotion"},{"floor":2,"key":"BlessingOfTheForge"},{"floor":6,"key":"BlessingOfTheForge"},{"floor":14,"key":"FearPotion"},{"floor":27,"key":"PowerPotion"},{"floor":31,"key":"AttackPotion"},{"floor":35,"key":"BlessingOfTheForge"},{"floor":39,"key":"DuplicationPotion"},{"floor":41,"key":"DuplicationPotion"},{"floor":45,"key":"Regen Potion"},{"floor":47,"key":"Energy Potion"}],"is_trial":false,"path_per_floor":["M","?","M","$","?","E","R","$","T","R","$","E","M","M","R","B",null,"M","?","$","?","M","R","E","R","T","E","?","M","$","E","R","B",null,"M","M","$","M","?","R","M","R","T","R","E","?","M","M","R","B",null],"character_chosen":"WATCHER","items_purchased":["EmptyFist","Adaptation","Omamori"],"campfire_rested":0,"item_purchase_floors":[4,4,37],"current_hp_per_floor":[72,72,70,70,52,40,40,40,40,40,40,32,32,20,20,3,72,65,65,65,65,65,65,65,65,65,65,65,65,65,65,65,72,72,72,72,72,56,70,70,70,70,70,70,70,70,80,80,80,86],"gold":1163,"neow_bonus":"ONE_RANDOM_RARE_CARD","is_daily":false,"chose_seed":false,"campfire_upgraded":10,"win_rate":0.0,"timestamp":1608479754,"path_taken":["M","?","?","?","?","E","R","$","T","R","$","E","M","M","R","BOSS","M","?","$","?","M","R","E","R","T","E","?","?","$","E","R","BOSS","M","M","$","M","?","R","M","R","T","R","E","?","M","M","R","BOSS"],"items_purchased_type":["Card","Card","Relic"],"build_version":"2020-12-13","purchased_purges":3,"victory":true,"max_hp_per_floor":[72,72,72,72,72,72,72,72,72,72,72,72,72,72,72,72,72,72,72,72,72,72,72,72,72,72,72,72,72,72,72,72,72,72,72,72,72,72,86,86,86,86,86,86,86,86,86,86,86,86],"card_choices":[{"not_picked":["CrushJoints","WindmillStrike","Protect"],"picked":"SKIP","floor":1},{"not_picked":["CutThroughFate","Collect"],"picked":"InnerPeace","floor":3},{"not_picked":["PathToVictory","WindmillStrike","SashWhip"],"picked":"SKIP","floor":6},{"not_picked":["CrushJoints","Indignation","Protect"],"picked":"SKIP","floor":12},{"not_picked":["Crescendo","ReachHeaven","Prostrate"],"picked":"SKIP","floor":13},{"not_picked":["BattleHymn","CutThroughFate","EmptyBody"],"picked":"SKIP","floor":14},{"not_picked":["SpiritShield","Brilliance"],"picked":"Scrawl","floor":16},{"not_picked":["Evaluate","CutThroughFate","WaveOfTheHand+1"],"picked":"SKIP","floor":18},{"not_picked":["Indignation","Consecrate","CrushJoints"],"picked":"SKIP","floor":22},{"not_picked":["ThirdEye","SashWhip+1","DevaForm"],"picked":"SKIP","floor":24},{"not_picked":["Wireheading","BowlingBash","ThirdEye"],"picked":"SKIP","floor":27},{"not_picked":["JustLucky","Vengeance+1","SignatureMove"],"picked":"SKIP","floor":29},{"not_picked":["Prostrate","PathToVictory"],"picked":"MentalFortress","floor":31},{"not_picked":["Brilliance","Blasphemy"],"picked":"DeusExMachina","floor":33},{"not_picked":["EmptyFist","SashWhip","Prostrate"],"picked":"SKIP","floor":35},{"not_picked":["ThirdEye","FlyingSleeves","CutThroughFate"],"picked":"SKIP","floor":36},{"not_picked":["Crescendo","Nirvana+1"],"picked":"Adaptation+1","floor":38},{"not_picked":["Protect+1","Study","JustLucky"],"picked":"SKIP","floor":41},{"not_picked":["Pray","SignatureMove+1","FlurryOfBlows"],"picked":"SKIP","floor":45},{"not_picked":["Prostrate+1","Wish","BattleHymn+1"],"picked":"SKIP","floor":47},{"not_picked":["Worship+1","BowlingBash+1"],"picked":"FearNoEvil","floor":48}],"player_experience":301145,"relics_obtained":[{"floor":6,"key":"Smiling Mask"},{"floor":9,"key":"Ancient Tea Set"},{"floor":12,"key":"Lantern"},{"floor":24,"key":"Toy Ornithopter"},{"floor":27,"key":"Centennial Puzzle"},{"floor":31,"key":"Vajra"},{"floor":39,"key":"Mango"},{"floor":43,"key":"Old Coin"},{"floor":45,"key":"GoldenEye"}],"event_choices":[{"damage_healed":0,"gold_gain":0,"player_choice":"Got Potions","damage_taken":0,"max_hp_gain":0,"max_hp_loss":0,"event_name":"Lab","floor":2,"gold_loss":0},{"damage_healed":0,"gold_gain":0,"player_choice":"Take Damage","damage_taken":18,"relics_obtained":["Golden Idol"],"max_hp_gain":0,"max_hp_loss":0,"event_name":"Golden Idol","floor":5,"gold_loss":0},{"damage_healed":0,"gold_gain":0,"player_choice":"Ignored","damage_taken":0,"max_hp_gain":0,"max_hp_loss":0,"event_name":"Vampires","floor":19,"gold_loss":0},{"cards_removed":["Adaptation"],"damage_healed":0,"gold_gain":0,"player_choice":"Gave Gold","damage_taken":0,"max_hp_gain":0,"max_hp_loss":0,"event_name":"Beggar","floor":21,"gold_loss":75},{"damage_healed":0,"gold_gain":99,"player_choice":"Stole From Cult","damage_taken":0,"max_hp_gain":0,"max_hp_loss":0,"event_name":"Nest","floor":28,"gold_loss":0},{"damage_healed":0,"gold_gain":0,"player_choice":"Fight","damage_taken":0,"max_hp_gain":0,"max_hp_loss":0,"event_name":"MindBloom","floor":39,"gold_loss":0},{"damage_healed":0,"gold_gain":333,"player_choice":"Gave Idol","damage_taken":0,"max_hp_gain":0,"max_hp_loss":0,"event_name":"The Moai Head","floor":46,"relics_lost":["Golden Idol"],"gold_loss":0}],"is_beta":false,"boss_relics":[{"not_picked":["HolyWater","Tiny House"],"picked":"Pandora\u0027s Box"},{"not_picked":["Astrolabe","Sozu"],"picked":"Empty Cage"}],"items_purged_floors":[8,20,30],"is_endless":false,"potions_floor_spawned":[6,14,27,31,35,39,41,45,47],"ascension_level":1}}