{"host":"kta213tp32cz47du","time":1608500589,"event":{"mods":["BaseMod","Better Altar","Better Match","Better Note","Better Sensory Stone","Better Skull","Better Third Choice","Better Vampires","Colored Map","Colored Powertips","Conspire","Curses Come First","Displayed Cursed Tome","Downfall","Hubris","Infinite Spire","Magitek Elite","Marisa????????","Minty Spire (QoL Compilation)","Permanent Neow","QueenMod","Quick Restart","Rare Cards Sparkle","Replay The Spire","Shade Mod","Shop Mod","Spikes Relics","StSLib","The Animator","The Blue Laboratory","The Bug Knight","The Cursed","The Servant 0.9.4","TheSwordswoman","TheWitcher","vexMod"],"gold_per_floor":[113,113,126,140,150,177,177,191,210,239,239,239,239,239,239],"floor_reached":16,"playtime":1304,"items_purged":[],"score":112,"play_id":"e6e9c5f6-b2cf-4ac5-a3f5-4afe38a16db3","local_time":"20201220214309","is_ascension_mode":false,"campfire_choices":[{"data":"QueenMod:BuildOrder","floor":7,"key":"SMITH"},{"floor":15,"key":"REST"}],"circlet_count":0,"master_deck":["QueenMod:Strike","QueenMod:Strike","QueenMod:Strike","QueenMod:Defend","QueenMod:Defend","QueenMod:Defend","QueenMod:Defend","QueenMod:QuickJabs","QueenMod:Recruit+1","QueenMod:Reinforcements","QueenMod:HoldPosition","QueenMod:Rally","QueenMod:BuildOrder+1","QueenMod:WarriorDrones","QueenMod:EliteSoldiers","QueenMod:HoneyTrap","QueenMod:MilitaryHandbook"],"relics":["QueenMod:QueensBanner","hubris:Teleporter","Replay:Towering Pillar of Hats","ReplayFunnel"],"acts_visited":["Exordium"],"potions_floor_usage":[6,6,11,16],"damage_taken":[{"damage":3,"enemies":"Jaw Worm","floor":1,"turns":5},{"damage":1,"enemies":"Cultist","floor":3,"turns":4},{"damage":2,"enemies":"Small Slimes","floor":4,"turns":5},{"damage":5,"enemies":"2 Fungi Beasts","floor":5,"turns":5},{"damage":17,"enemies":"3 Sentries","floor":6,"turns":8},{"damage":9,"enemies":"Red Slaver","floor":8,"turns":6},{"damage":12,"enemies":"Exordium Thugs","floor":10,"turns":9},{"damage":14,"enemies":"Lagavulin","floor":11,"turns":9},{"damage":39,"enemies":"Fading Forest","floor":16,"turns":5}],"seed_played":"-3247919057889454463","potions_obtained":[{"floor":3,"key":"BlessingOfTheForge"},{"floor":5,"key":"Explosive Potion"},{"floor":8,"key":"DuplicationPotion"},{"floor":11,"key":"blueLaboratory:FruitPunch"}],"is_trial":false,"path_per_floor":["M","?","M","M","M","E","R","M","M","E","?","?","R","B"],"character_chosen":"THE_QUEEN","items_purchased":[],"campfire_rested":1,"item_purchase_floors":[],"current_hp_per_floor":[72,72,71,69,64,47,47,38,26,12,12,5,27,0,0],"gold":239,"neow_bonus":"UPGRADE_CARD","is_daily":false,"chose_seed":false,"campfire_upgraded":1,"win_rate":0.0,"timestamp":1608500589,"path_taken":["M","?","M","M","?","E","R","M","M","E","?","?","R","BOSS"],"items_purchased_type":[],"build_version":"2020-12-13","purchased_purges":0,"victory":false,"max_hp_per_floor":[75,75,75,75,75,75,75,75,75,75,75,75,75,77,77],"card_choices":[{"not_picked":["QueenMod:Regroup","QueenMod:KillerQueen"],"picked":"QueenMod:Reinforcements","floor":1},{"not_picked":["QueenMod:Fleche","QueenMod:PollenBlast"],"picked":"QueenMod:HoldPosition","floor":3},{"not_picked":["QueenMod:MatingDance","QueenMod:Mark"],"picked":"QueenMod:Rally","floor":4},{"not_picked":["QueenMod:MatingDance","QueenMod:PerfectLanding"],"picked":"QueenMod:BuildOrder","floor":5},{"not_picked":["QueenMod:Charge","QueenMod:Reinforcements"],"picked":"QueenMod:WarriorDrones","floor":6},{"not_picked":["QueenMod:Mark","QueenMod:PopulateOrder"],"picked":"QueenMod:EliteSoldiers","floor":8},{"not_picked":["QueenMod:PopulateOrder","QueenMod:Charge"],"picked":"QueenMod:HoneyTrap","floor":10},{"not_picked":["QueenMod:StrategicGenius","QueenMod:Feint"],"picked":"QueenMod:MilitaryHandbook","floor":11}],"player_experience":275605,"relics_obtained":[{"floor":6,"key":"hubris:Teleporter"},{"floor":11,"key":"Replay:Towering Pillar of Hats"}],"event_choices":[{"damage_healed":0,"gold_gain":0,"player_choice":"Searched \u00271\u0027 times","damage_taken":0,"relics_obtained":["ReplayFunnel"],"max_hp_gain":0,"max_hp_loss":0,"event_name":"Dead Adventurer","floor":12,"gold_loss":0},{"damage_healed":0,"gold_gain":0,"player_choice":"Damaged","damage_taken":7,"max_hp_gain":0,"max_hp_loss":0,"event_name":"Wheel of Change","floor":14,"gold_loss":0}],"is_beta":false,"boss_relics":[],"items_purged_floors":[],"is_endless":false,"potions_floor_spawned":[3,5,8,11],"killed_by":"Fading Forest","ascension_level":0}}