{"host":"69rply1jf2d1wbmp","time":1608432797,"event":{"mods":["BaseMod","Minty Spire (QoL Compilation)","Quick Restart"],"gold_per_floor":[18,18,18,34,50,84,84,9,9,29,50,50,71,90,90,221,221,234,250,299,4,0,40,65,65,65,65,84,9,9,9,9,107,107,124,50,68,147,158,158,192,192,217,234,234,265,34,46,46,46,46],"floor_reached":50,"playtime":2301,"items_purged":["Injury","Grand Finale"],"score":572,"play_id":"7be8a9e6-c4b3-4462-8740-380356a9d39e","local_time":"20201219215317","is_ascension_mode":false,"campfire_choices":[{"floor":7,"key":"REST"},{"floor":12,"key":"REST"},{"data":"Terror","floor":15,"key":"SMITH"},{"floor":32,"key":"REST"},{"floor":40,"key":"REST"},{"floor":42,"key":"REST"},{"floor":45,"key":"REST"},{"floor":49,"key":"REST"}],"circlet_count":0,"master_deck":["Strike_G","Strike_G","Strike_G","Strike_G","Defend_G","Defend_G","Defend_G","Defend_G","Defend_G+1","Survivor","Neutralize","Backstab","Deadly Poison","Terror+1","Deflect","Blur","All Out Attack","Burst+1","Blade Dance","Footwork+1","Mayhem","Accuracy+1","Footwork","Adrenaline","Blade Dance+1","Caltrops","After Image+1"],"relics":["Ring of the Snake","Tingsha","Matryoshka","Vajra","Lantern","Snecko Eye","War Paint","Ginger","Turnip","Nloth\u0027s Gift","WristBlade","Frozen Egg 2","The Courier","Boot","Potion Belt","Ninja Scroll"],"acts_visited":["Exordium","TheCity","TheBeyond"],"potions_floor_usage":[6,16,23,33,33,44,46,46,46,48,50],"damage_taken":[{"damage":1,"enemies":"Jaw Worm","floor":1,"turns":6},{"damage":1,"enemies":"Cultist","floor":4,"turns":4},{"damage":0,"enemies":"Small Slimes","floor":5,"turns":3},{"damage":40,"enemies":"Lagavulin","floor":6,"turns":7},{"damage":9,"enemies":"Exordium Thugs","floor":10,"turns":6},{"damage":0,"enemies":"Large Slime","floor":11,"turns":5},{"damage":8,"enemies":"Red Slaver","floor":13,"turns":3},{"damage":0,"enemies":"Gremlin Gang","floor":14,"turns":4},{"damage":32,"enemies":"Slime Boss","floor":16,"turns":10},{"damage":5,"enemies":"3 Byrds","floor":18,"turns":6},{"damage":2,"enemies":"Chosen","floor":19,"turns":4},{"damage":35,"enemies":"Slavers","floor":23,"turns":6},{"damage":0,"enemies":"Snecko","floor":24,"turns":5},{"damage":18,"enemies":"Chosen and Byrds","floor":28,"turns":5},{"damage":0,"enemies":"Automaton","floor":33,"turns":12},{"damage":4,"enemies":"3 Darklings","floor":35,"turns":5},{"damage":19,"enemies":"3 Shapes","floor":37,"turns":4},{"damage":11,"enemies":"Maw","floor":39,"turns":5},{"damage":22,"enemies":"Nemesis","floor":41,"turns":5},{"damage":7,"enemies":"Sphere and 2 Shapes","floor":44,"turns":4},{"damage":10,"enemies":"Reptomancer","floor":46,"turns":8},{"damage":29,"enemies":"3 Darklings","floor":48,"turns":5},{"damage":55,"enemies":"Donu and Deca","floor":50,"turns":7}],"seed_played":"6425048353759381661","potions_obtained":[{"floor":1,"key":"PowerPotion"},{"floor":5,"key":"GamblersBrew"},{"floor":6,"key":"EssenceOfSteel"},{"floor":10,"key":"Poison Potion"},{"floor":13,"key":"LiquidBronze"},{"floor":16,"key":"SpeedPotion"},{"floor":28,"key":"GamblersBrew"},{"floor":35,"key":"EssenceOfSteel"},{"floor":44,"key":"GamblersBrew"},{"floor":46,"key":"BlessingOfTheForge"}],"is_trial":false,"path_per_floor":["M","?","?","M","M","E","R","$","T","M","M","R","M","M","R","B",null,"M","M","T","$","?","E","M","?","T","?","M","$","?","$","R","B",null,"M","$","M","T","M","R","E","R","T","M","R","E","$","M","R","B"],"character_chosen":"THE_SILENT","items_purchased":["Mayhem","Footwork","CunningPotion","Ninja Scroll","Swift Potion"],"campfire_rested":7,"item_purchase_floors":[21,29,36,47,47],"current_hp_per_floor":[69,69,69,68,68,28,49,49,49,40,40,61,53,53,53,21,70,65,63,63,63,63,28,28,28,28,28,10,10,10,10,31,31,70,66,66,47,47,36,57,35,56,56,49,70,60,60,31,52,0,0],"gold":46,"neow_bonus":"ONE_RARE_RELIC","is_daily":false,"chose_seed":false,"campfire_upgraded":1,"win_rate":0.0,"timestamp":1608432797,"path_taken":["M","?","?","M","M","E","R","$","T","M","M","R","?","M","R","BOSS","M","M","?","$","?","E","M","?","T","?","?","$","?","$","R","BOSS","M","$","M","?","M","R","E","R","T","?","R","E","$","M","R","BOSS"],"items_purchased_type":["Card","Card","Potion","Relic","Potion"],"build_version":"2020-12-13","purchased_purges":2,"victory":false,"max_hp_per_floor":[70,70,70,70,70,70,70,70,70,70,70,70,70,70,70,70,70,70,70,70,70,70,70,70,70,70,70,70,70,70,70,70,70,70,70,70,70,70,70,70,70,70,70,70,70,70,70,70,70,70,70],"card_choices":[{"not_picked":["Finisher","Flying Knee","Heel Hook"],"picked":"SKIP","floor":1},{"not_picked":["Underhanded Strike","Bouncing Flask"],"picked":"Backstab","floor":4},{"not_picked":["Outmaneuver","Distraction"],"picked":"Deadly Poison","floor":5},{"not_picked":["Flying Knee","Acrobatics"],"picked":"Terror","floor":6},{"not_picked":["Distraction","Heel Hook"],"picked":"Deflect","floor":10},{"not_picked":["Dash","Flying Knee","Malaise"],"picked":"SKIP","floor":11},{"not_picked":["Expertise","Cloak And Dagger"],"picked":"Blur","floor":13},{"not_picked":["Underhanded Strike","Dagger Throw"],"picked":"All Out Attack","floor":14},{"not_picked":["Phantasmal Killer","Grand Finale"],"picked":"Burst","floor":16},{"not_picked":["Prepared","Deflect"],"picked":"Blade Dance","floor":18},{"not_picked":["Dagger Throw","Caltrops"],"picked":"Footwork","floor":19},{"not_picked":["Quick Slash","Poisoned Stab"],"picked":"Accuracy+1","floor":23},{"not_picked":["Deflect","Dagger Throw","Bane"],"picked":"SKIP","floor":24},{"not_picked":["Expertise+1","Heel Hook","Poisoned Stab"],"picked":"SKIP","floor":28},{"not_picked":["Tools of the Trade","Bullet Time"],"picked":"Adrenaline","floor":33},{"not_picked":["Dodge and Roll+1","Cloak And Dagger"],"picked":"Blade Dance+1","floor":35},{"not_picked":["Deadly Poison","Dagger Throw+1"],"picked":"Caltrops","floor":37},{"not_picked":["Reflex","Endless Agony+1","Slice"],"picked":"SKIP","floor":39},{"not_picked":["Finisher","Heel Hook+1","Burst"],"picked":"SKIP","floor":41},{"not_picked":["Flying Knee+1","Backflip","Cloak And Dagger"],"picked":"SKIP","floor":44},{"not_picked":["Tools of the Trade+1","Underhanded Strike"],"picked":"After Image+1","floor":46},{"not_picked":["Terror","Flying Knee","Heel Hook"],"picked":"SKIP","floor":48}],"player_experience":355490,"relics_obtained":[{"floor":6,"key":"Matryoshka"},{"floor":9,"key":"Vajra"},{"floor":9,"key":"Lantern"},{"floor":20,"key":"War Paint"},{"floor":23,"key":"Ginger"},{"floor":26,"key":"Turnip"},{"floor":38,"key":"Frozen Egg 2"},{"floor":41,"key":"The Courier"},{"floor":43,"key":"Boot"},{"floor":46,"key":"Potion Belt"}],"event_choices":[{"damage_healed":0,"gold_gain":0,"player_choice":"Take Wound","damage_taken":0,"relics_obtained":["Golden Idol"],"max_hp_gain":0,"max_hp_loss":0,"event_name":"Golden Idol","floor":2,"gold_loss":0,"cards_obtained":["Injury"]},{"damage_healed":0,"gold_gain":0,"cards_transformed":["Strike_G"],"player_choice":"Transformed","damage_taken":0,"max_hp_gain":0,"max_hp_loss":0,"event_name":"Transmorgrifier","floor":3,"gold_loss":0,"cards_obtained":["Grand Finale"]},{"damage_healed":0,"gold_gain":0,"player_choice":"Paid Fearfully","damage_taken":0,"max_hp_gain":0,"max_hp_loss":0,"event_name":"Masked Bandits","floor":22,"gold_loss":4},{"damage_healed":0,"gold_gain":0,"player_choice":"Forge","damage_taken":0,"max_hp_gain":0,"max_hp_loss":0,"event_name":"Accursed Blacksmith","floor":27,"gold_loss":0,"cards_upgraded":["Footwork"]},{"damage_healed":0,"gold_gain":0,"player_choice":"Traded Relic","damage_taken":0,"relics_obtained":["Nloth\u0027s Gift"],"max_hp_gain":0,"max_hp_loss":0,"event_name":"N\u0027loth","floor":30,"relics_lost":["Golden Idol"],"gold_loss":0}],"is_beta":false,"boss_relics":[{"not_picked":["Sozu","Runic Dome"],"picked":"Snecko Eye"},{"not_picked":["Ring of the Serpent","Coffee Dripper"],"picked":"WristBlade"}],"items_purged_floors":[8,21],"is_endless":false,"potions_floor_spawned":[1,5,6,10,13,16,19,28,35,44,46],"killed_by":"Donu and Deca","ascension_level":0}}