{"host":"ix2a18c4ohfsrslv","time":1608480070,"event":{"mods":["BaseMod","Better Third Choice","Downfall","Halation","Marisa????????","Minty Spire (QoL Compilation)","Replay The Spire","StSLib","The Bladedancer","The Blue Laboratory"],"gold_per_floor":[114,131,146,226,104,104,131,141,141,216,216,216,216,226,226,328,328,347,347,446,458,373,373,400,400,427,25,25,25,42,76,76,172,172,190,45,60,60,73,73,107,119,131,15,30,43,73,88,88,88],"floor_reached":51,"playtime":3737,"items_purged":["blademaster:Strike","blademaster:BladeMastery"],"score":818,"play_id":"4ca4d97e-2ca3-40d2-95bb-968505057b02","local_time":"20201220080110","is_ascension_mode":false,"campfire_choices":[{"floor":11,"key":"REST"},{"floor":13,"key":"REST"},{"data":"blademaster:CombatPrep","floor":15,"key":"SMITH"},{"data":"blademaster:ChargingUp","floor":23,"key":"SMITH"},{"floor":25,"key":"REST"},{"data":"blademaster:BloodyBlow","floor":28,"key":"SMITH"},{"floor":32,"key":"REST"},{"floor":40,"key":"REST"},{"data":"Parasite","floor":42,"key":"SMITH"},{"data":"ReplayTheSpireMod:IOU","floor":49,"key":"SMITH"}],"circlet_count":0,"master_deck":["blademaster:Strike","blademaster:Strike","blademaster:Strike+1","blademaster:Defend","blademaster:Defend","blademaster:Defend","blademaster:RagingBlow","blademaster:HighVoltage","blademaster:AspectOfWind","blademaster:Blindside","blademaster:Overcharge","blademaster:CombatPrep+1","blademaster:AwakeningStrike","Infinite Blades","blademaster:Thrust","blademaster:RollingTyphoon","blademaster:ChargingUp+1","blademaster:BloodyBlow+1","blademaster:Flurry+1","blademaster:Frontflip","blademaster:FuryOfTheElements","blademaster:ParryingStrike","blademaster:Breeze","blademaster:UnrelentingWind","Deep Breath","blademaster:Meditate+1"],"relics":["blademaster:DancersAmulet","NeowsBlessing","Lizard Tail","Shuriken","MealTicket","Black Star","Pantograph","Replay:Baseball","Pen Nib","halation:PrussianBluePaint","halation:Sosunser","Ornamental Fan","Potion Belt","Nunchaku","halation:PinkSoulGem","Lantern","MawBank","FossilizedHelix","Replay:Wax Seal","Chameleon Ring","Mercury Hourglass"],"acts_visited":["Exordium","TheCity","TheBeyond"],"potions_floor_usage":[24,24,30,46,50,50,50],"damage_taken":[{"damage":0,"enemies":"Cultist","floor":1,"turns":1},{"damage":0,"enemies":"2 Louse","floor":2,"turns":1},{"damage":0,"enemies":"Small Slimes","floor":3,"turns":1},{"damage":45,"enemies":"Gremlin Nob","floor":7,"turns":5},{"damage":3,"enemies":"Exordium Wildlife","floor":8,"turns":3},{"damage":5,"enemies":"Looter","floor":14,"turns":3},{"damage":22,"enemies":"Slime Boss","floor":16,"turns":6},{"damage":20,"enemies":"Shell Parasite","floor":18,"turns":5},{"damage":5,"enemies":"Chosen","floor":21,"turns":4},{"damage":27,"enemies":"Replay:Snechameleon","floor":24,"turns":4},{"damage":32,"enemies":"Snecko","floor":30,"turns":6},{"damage":17,"enemies":"Book of Stabbing","floor":31,"turns":4},{"damage":21,"enemies":"Automaton","floor":33,"turns":6},{"damage":20,"enemies":"3 Shapes","floor":35,"turns":3},{"damage":24,"enemies":"Orb Walker","floor":37,"turns":4},{"damage":22,"enemies":"Writhing Mass","floor":39,"turns":5},{"damage":24,"enemies":"Giant Head","floor":41,"turns":6},{"damage":0,"enemies":"3 Darklings","floor":45,"turns":2},{"damage":0,"enemies":"Transient","floor":46,"turns":5},{"damage":5,"enemies":"Nemesis","floor":47,"turns":5},{"damage":15,"enemies":"Writhing Mass","floor":48,"turns":6},{"damage":47,"enemies":"Awakened One","floor":50,"turns":7}],"seed_played":"5113836322624514697","potions_obtained":[{"floor":2,"key":"blueLaboratory:BottledHope"},{"floor":16,"key":"blueLaboratory:BubblePotion"},{"floor":18,"key":"Elixir"},{"floor":24,"key":"LifebloodPotion"},{"floor":37,"key":"DuplicationPotion"},{"floor":39,"key":"Ancient Potion"},{"floor":41,"key":"PowerPotion"}],"is_trial":false,"path_per_floor":["M","M","M","?","$","?","E","M","T","?","R","?","R","M","R","B",null,"M","?","?","M","?","R","E","R","T","$","R","$","M","E","R","B",null,"M","$","M","?","M","R","E","R","T","$","M","M","E","M","R","B",null],"character_chosen":"THE_BLADEMASTER","items_purchased":["blademaster:CombatPrep","halation:Sosunser","Ornamental Fan","blademaster:ParryingStrike","Replay:Wax Seal","Dexterity Potion","Deep Breath"],"campfire_rested":5,"item_purchase_floors":[5,27,27,36,44,44,44],"current_hp_per_floor":[75,75,75,75,75,68,23,20,20,9,31,23,45,40,40,18,75,55,55,55,50,50,50,23,45,45,60,60,75,43,26,48,52,75,55,70,46,46,24,46,22,22,22,37,37,52,53,53,53,25],"gold":88,"neow_bonus":"THREE_ENEMY_KILL","is_daily":false,"chose_seed":false,"campfire_upgraded":5,"win_rate":0.0,"timestamp":1608480070,"path_taken":["M","M","?","?","$","?","E","?","T","?","R","?","R","M","R","BOSS","M","?","?","M","?","R","E","R","T","$","R","?","?","E","R","BOSS","M","$","?","?","M","R","E","R","T","$","M","M","E","M","R","BOSS"],"items_purchased_type":["Card","Relic","Relic","Card","Relic","Potion","Card"],"build_version":"2020-12-13","purchased_purges":2,"victory":true,"max_hp_per_floor":[75,75,75,75,75,75,75,75,75,75,75,75,75,75,75,75,75,75,75,75,75,75,75,75,75,75,75,75,75,75,75,75,75,75,75,75,75,75,75,75,75,72,72,72,72,72,72,72,72,72],"card_choices":[{"not_picked":["blademaster:Flurry","blademaster:BladeCross"],"picked":"blademaster:AspectOfWind","floor":1},{"not_picked":["blademaster:Frontflip","blademaster:IcyWind"],"picked":"blademaster:Blindside","floor":2},{"not_picked":["blademaster:Cut","blademaster:BladeMastery"],"picked":"blademaster:Overcharge","floor":3},{"not_picked":["blademaster:Quickstep","blademaster:Blockade"],"picked":"blademaster:AwakeningStrike","floor":7},{"not_picked":["blademaster:Quickstep","blademaster:AwakeningStrike","blademaster:Meditate"],"picked":"SKIP","floor":8},{"not_picked":["blademaster:Safeguard","blademaster:CombatPrep"],"picked":"blademaster:Thrust","floor":14},{"not_picked":["blademaster:FlockOfBlades","blademaster:Blindside"],"picked":"blademaster:RollingTyphoon","floor":16},{"not_picked":["blademaster:Frenzy","blademaster:Thrust"],"picked":"blademaster:BladeMastery","floor":18},{"not_picked":["blademaster:BloodyBlow","blademaster:Sunder"],"picked":"blademaster:ChargingUp","floor":21},{"not_picked":["blademaster:LeechingStrike+1","blademaster:BrainBloom"],"picked":"blademaster:BloodyBlow","floor":24},{"not_picked":["blademaster:Quickstep","blademaster:SlyStabs"],"picked":"blademaster:Flurry","floor":30},{"not_picked":["blademaster:BloodyBlow","blademaster:FuriousStrike"],"picked":"blademaster:Frontflip","floor":31},{"not_picked":["blademaster:Blindside","blademaster:StanceMastery"],"picked":"blademaster:FuryOfTheElements","floor":33},{"not_picked":["blademaster:Slice+1","blademaster:SlyStabs","blademaster:Rupture+1"],"picked":"SKIP","floor":35},{"not_picked":["blademaster:AncestralHealing","blademaster:BladeCross","blademaster:ParryingStrike+1"],"picked":"SKIP","floor":37},{"not_picked":["blademaster:SlyStabs+1","blademaster:AspectOfWind+1"],"picked":"blademaster:Breeze","floor":39},{"not_picked":["blademaster:Bloodbath+1","blademaster:Stormstrike"],"picked":"blademaster:UnrelentingWind","floor":41},{"not_picked":["blademaster:LightningCrash","blademaster:LeechingStrike+1"],"picked":"blademaster:Meditate+1","floor":45},{"not_picked":["blademaster:WindSlash","blademaster:CullingStrike","blademaster:Thrust+1"],"picked":"SKIP","floor":46},{"not_picked":["blademaster:OneTrickPony","blademaster:Reversal+1","blademaster:LightningCrash"],"picked":"SKIP","floor":47},{"not_picked":["blademaster:Bloodbath","blademaster:Slice+1","blademaster:Frenzy"],"picked":"SKIP","floor":48}],"player_experience":76515,"relics_obtained":[{"floor":7,"key":"Lizard Tail"},{"floor":7,"key":"blademaster:BonusComboPerk"},{"floor":9,"key":"Shuriken"},{"floor":24,"key":"Replay:Baseball"},{"floor":24,"key":"blademaster:LightningChargePerk"},{"floor":24,"key":"Pen Nib"},{"floor":26,"key":"halation:PrussianBluePaint"},{"floor":31,"key":"Potion Belt"},{"floor":31,"key":"blademaster:WindChargePerk"},{"floor":31,"key":"Nunchaku"},{"floor":41,"key":"Lantern"},{"floor":41,"key":"blademaster:StrongPerk"},{"floor":41,"key":"MawBank"},{"floor":43,"key":"FossilizedHelix"},{"floor":47,"key":"Chameleon Ring"},{"floor":47,"key":"blademaster:OnAttackedChargePerk"},{"floor":47,"key":"Mercury Hourglass"}],"event_choices":[{"cards_removed":["blademaster:Defend"],"damage_healed":0,"gold_gain":0,"player_choice":"Card Removal","damage_taken":7,"max_hp_gain":0,"max_hp_loss":0,"event_name":"Golden Wing","floor":6,"gold_loss":0},{"damage_healed":0,"gold_gain":75,"player_choice":"Gold","damage_taken":11,"max_hp_gain":0,"max_hp_loss":0,"event_name":"betterThird:BetterGoop","floor":10,"gold_loss":0},{"damage_healed":0,"gold_gain":99,"player_choice":"Steal","damage_taken":0,"max_hp_gain":0,"max_hp_loss":0,"event_name":"betterThird:BetterNest","floor":20,"gold_loss":0},{"damage_healed":0,"gold_gain":0,"player_choice":"Obtained Relic","damage_taken":0,"relics_obtained":["Pantograph"],"max_hp_gain":0,"max_hp_loss":0,"event_name":"Addict","floor":22,"gold_loss":85}],"is_beta":false,"boss_relics":[{"not_picked":["Ectoplasm","Snecko Eye"],"picked":"Black Star"},{"not_picked":["Replay:Wanted Poster","Runic Pyramid","Replay:Drink Me"]}],"items_purged_floors":[5,36],"is_endless":false,"potions_floor_spawned":[2,16,18,21,24,37,39,41],"ascension_level":0}}