{"host":"k5dhp0bkccqfauyu","time":1608468888,"event":{"mods":["BaseMod","Better Note","Better Skull","Better Vampires","Colored Map","Colored Powertips","DeckTracker","Minty Spire (QoL Compilation)","Permanent Neow","StSLib","SuperFastMode"],"gold_per_floor":[117,127,141,141,141,141,183,183,207,232,157,36,56,90,90,170,170,199,199,172,172,172],"floor_reached":21,"playtime":699,"items_purged":["Strike_B"],"score":378,"play_id":"f280c7f8-ea32-4a44-abd3-d2c562cfaeb8","local_time":"20201220235448","is_ascension_mode":true,"campfire_choices":[{"floor":6,"key":"REST"},{"floor":8,"key":"REST"},{"floor":15,"key":"REST"}],"circlet_count":0,"master_deck":["AscendersBane","Strike_B","Defend_B","Defend_B","Defend_B","Defend_B","Zap","Dualcast+1","Rebound","Doom and Gloom+1","Compile Driver","Static Discharge","Multi-Cast","Hologram","Darkness","Fission","Coolheaded"],"relics":["Black Star","Akabeko","CeramicFish","MealTicket","DataDisk","Art of War","Sozu"],"acts_visited":["Exordium","TheCity"],"potions_floor_usage":[3,7,14,16],"damage_taken":[{"damage":9,"enemies":"2 Louse","floor":1,"turns":3},{"damage":7,"enemies":"Jaw Worm","floor":2,"turns":4},{"damage":7,"enemies":"Cultist","floor":3,"turns":4},{"damage":18,"enemies":"3 Sentries","floor":7,"turns":6},{"damage":7,"enemies":"Looter","floor":10,"turns":3},{"damage":1,"enemies":"Exordium Wildlife","floor":13,"turns":2},{"damage":36,"enemies":"Gremlin Nob","floor":14,"turns":4},{"damage":6,"enemies":"The Guardian","floor":16,"turns":5},{"damage":17,"enemies":"Spheric Guardian","floor":18,"turns":4},{"damage":31,"enemies":"2 Thieves","floor":20,"turns":4},{"damage":0,"enemies":"Shelled Parasite and Fungi","floor":21,"turns":1}],"seed_played":"-5288566081751464973","potions_obtained":[{"floor":1,"key":"ColorlessPotion"},{"floor":2,"key":"Swift Potion"},{"floor":7,"key":"FocusPotion"},{"floor":13,"key":"Swift Potion"},{"floor":16,"key":"FocusPotion"}],"is_trial":false,"path_per_floor":["M","M","M","?","?","R","E","R","T","M","?","$","M","E","R","B",null,"M","?","M","M"],"character_chosen":"DEFECT","items_purchased":["Hologram"],"campfire_rested":3,"item_purchase_floors":[12],"current_hp_per_floor":[55,48,41,20,20,41,23,44,44,37,37,52,51,15,36,30,61,44,44,13,13,13],"gold":172,"neow_bonus":"BOSS_RELIC","is_daily":false,"chose_seed":false,"campfire_upgraded":0,"win_rate":0.0,"timestamp":1608468888,"path_taken":["M","M","M","?","?","R","E","R","T","?","?","$","M","E","R","BOSS","M","?","?","M"],"items_purchased_type":["Card"],"build_version":"2020-12-13","purchased_purges":1,"victory":false,"max_hp_per_floor":[71,71,71,71,71,71,71,71,71,71,71,71,71,71,71,71,71,71,71,71,71,71],"card_choices":[{"not_picked":["Heatsinks","Hologram"],"picked":"Rebound","floor":1},{"not_picked":["Reprogram","Chaos"],"picked":"Doom and Gloom","floor":2},{"not_picked":["Stack","Heatsinks"],"picked":"Compile Driver","floor":3},{"not_picked":["Compile Driver","Steam"],"picked":"Static Discharge","floor":7},{"not_picked":["Auto Shields","Genetic Algorithm"],"picked":"Multi-Cast","floor":10},{"not_picked":["Steam","Sunder"],"picked":"Darkness","floor":13},{"not_picked":["Rebound","Leap","Heatsinks"],"picked":"SKIP","floor":14},{"not_picked":["Core Surge","Rainbow"],"picked":"Fission","floor":16},{"not_picked":["Conserve Battery","Gash"],"picked":"Coolheaded","floor":18},{"not_picked":["Conserve Battery","Steam","Sweeping Beam"],"picked":"SKIP","floor":20}],"player_experience":1801559,"relics_obtained":[{"floor":7,"key":"Akabeko"},{"floor":7,"key":"CeramicFish"},{"floor":9,"key":"MealTicket"},{"floor":14,"key":"DataDisk"},{"floor":14,"key":"Art of War"}],"event_choices":[{"damage_healed":0,"gold_gain":0,"player_choice":"Entered Light","damage_taken":21,"max_hp_gain":0,"max_hp_loss":0,"event_name":"Shining Light","floor":4,"gold_loss":0,"cards_upgraded":["Dualcast","Doom and Gloom"]},{"cards_removed":["Strike_B"],"damage_healed":0,"gold_gain":0,"player_choice":"Offered Basic","damage_taken":0,"max_hp_gain":0,"max_hp_loss":0,"event_name":"Bonfire Elementals","floor":5,"gold_loss":0},{"cards_removed":["Strike_B"],"damage_healed":0,"gold_gain":0,"player_choice":"Card Removal","damage_taken":0,"max_hp_gain":0,"max_hp_loss":0,"event_name":"The Cleric","floor":11,"gold_loss":75},{"damage_healed":0,"gold_gain":0,"player_choice":"Ignored","damage_taken":0,"max_hp_gain":0,"max_hp_loss":0,"event_name":"N\u0027loth","floor":19,"gold_loss":0}],"is_beta":false,"boss_relics":[{"not_picked":["Philosopher\u0027s Stone","SacredBark"],"picked":"Sozu"}],"items_purged_floors":[12],"is_endless":false,"potions_floor_spawned":[1,2,7,13,16],"killed_by":"Shelled Parasite and Fungi","ascension_level":20}}