{"host":"cb9xh4d0ss8ax8yb","time":1608458973,"event":{"mods":["BaseMod","Minty Spire (QoL Compilation)","StSLib","The Alterego","The Dragon Tamer","The Gatherer"],"gold_per_floor":[11,25,39,55,55,55,90,104,182,182,197,226,71,71,71,199,199,222,245,245,245,245,245,263,263,263,263,298,298,348,372,372,510,510,542,169,185,185,185,185,32,77,102,102,111,136,136,358,358,358,358,358],"floor_reached":50,"playtime":2648,"items_purged":["Gatherer:Strike_Gatherer"],"score":678,"play_id":"3592011f-5e17-4dee-a839-685191a92b55","local_time":"20201220190933","is_ascension_mode":true,"metric_token":413,"campfire_choices":[{"data":"Apotheosis","floor":6,"key":"SMITH"},{"data":"1","floor":15,"key":"LIFT"},{"data":"2","floor":23,"key":"LIFT"},{"data":"3","floor":25,"key":"LIFT"},{"data":"Gatherer:Centralize","floor":27,"key":"SMITH"},{"data":"Gatherer:FlowerWhip","floor":29,"key":"SMITH"},{"data":"Gatherer:FlowerShield","floor":32,"key":"SMITH"},{"data":"Gatherer:FlowerShield+1","floor":40,"key":"SMITH"},{"data":"Gatherer:FlowerWhip+1","floor":44,"key":"SMITH"},{"data":"Gatherer:FlowerShield+1","floor":47,"key":"SMITH"},{"data":"Gatherer:BomberForm","floor":49,"key":"SMITH"}],"circlet_count":0,"master_deck":["Gatherer:Strike_Gatherer","Gatherer:Strike_Gatherer","Gatherer:Strike_Gatherer","Gatherer:Strike_Gatherer","Gatherer:Defend_Gatherer","Gatherer:Defend_Gatherer","Gatherer:Defend_Gatherer","Gatherer:Centralize+1","Gatherer:FlowerWhip+2","Apotheosis+1","Gatherer:FlowerShield+2","Gatherer:BambuSword","Gatherer:QuickSynthesis","Gatherer:QuickSynthesis","Gatherer:AlchemyTrial","Gatherer:SaveValuables","Gatherer:TreeGrowth","Gatherer:FragileHammer","Gatherer:FragileHammer","Gatherer:FlowerFalling","Gatherer:MindSearch","Gatherer:Bulldoze","Gatherer:Liquidism+1","Gatherer:BalancedGrowth+1","Gatherer:FlowerFalling","Gatherer:BomberForm+1","Gatherer:FlowerShield+2","Gatherer:Snatch","Writhe","Gatherer:Snatch+1"],"relics":["Gatherer:AlchemyBag","Girya","Letter Opener","Incense Burner","Bag of Marbles","Golden Idol","Coffee Dripper","Sundial","Red Mask","CeramicFish","SlaversCollar","Vajra","Lee\u0027s Waffle","Oddly Smooth Stone","Toy Ornithopter","Art of War"],"acts_visited":["Exordium","TheCity","TheBeyond"],"potions_floor_usage":[11,12,16,18,30,33,42,50],"damage_taken":[{"damage":0,"enemies":"Cultist","floor":1,"turns":3},{"damage":4,"enemies":"Jaw Worm","floor":2,"turns":3},{"damage":0,"enemies":"2 Louse","floor":3,"turns":2},{"damage":0,"enemies":"Large Slime","floor":4,"turns":5},{"damage":5,"enemies":"Gremlin Nob","floor":7,"turns":3},{"damage":0,"enemies":"Blue Slaver","floor":8,"turns":2},{"damage":0,"enemies":"3 Louse","floor":11,"turns":1},{"damage":0,"enemies":"Lagavulin","floor":12,"turns":5},{"damage":0,"enemies":"Slime Boss","floor":16,"turns":6},{"damage":3,"enemies":"Spheric Guardian","floor":18,"turns":4},{"damage":0,"enemies":"Chosen","floor":19,"turns":4},{"damage":24,"enemies":"Snake Plant","floor":24,"turns":4},{"damage":16,"enemies":"Masked Bandits","floor":28,"turns":4},{"damage":8,"enemies":"Slavers","floor":30,"turns":4},{"damage":0,"enemies":"Chosen and Byrds","floor":31,"turns":4},{"damage":15,"enemies":"Collector","floor":33,"turns":9},{"damage":5,"enemies":"3 Shapes","floor":35,"turns":3},{"damage":35,"enemies":"3 Darklings","floor":37,"turns":5},{"damage":26,"enemies":"Giant Head","floor":42,"turns":8},{"damage":18,"enemies":"Jaw Worm Horde","floor":46,"turns":3},{"damage":39,"enemies":"Donu and Deca","floor":50,"turns":3}],"seed_played":"-5495656015363470691","potions_obtained":[{"floor":2,"key":"BottledMiracle"},{"floor":3,"key":"SneckoOil"},{"floor":7,"key":"PowerPotion"},{"floor":16,"key":"Block Potion"},{"floor":24,"key":"FairyPotion"},{"floor":28,"key":"SneckoOil"},{"floor":31,"key":"EssenceOfSteel"},{"floor":37,"key":"Fruit Juice"},{"floor":46,"key":"Ancient Potion"}],"is_trial":false,"path_per_floor":["M","M","M","M","?","R","E","M","T","?","M","E","$","?","R","B",null,"M","M","?","?","?","R","M","R","T","R","?","R","E","M","R","B",null,"M","$","M","?","?","R","$","E","T","R","?","M","R","?","R","B"],"character_chosen":"THE_GATHERER","items_purchased":["Bag of Marbles","Vajra","Lee\u0027s Waffle","Oddly Smooth Stone"],"campfire_rested":0,"item_purchase_floors":[13,36,36,41],"current_hp_per_floor":[72,68,68,68,68,68,63,63,63,63,63,63,63,45,45,45,72,69,69,69,56,56,56,32,32,32,32,16,16,8,8,8,27,77,72,84,49,49,49,49,49,28,28,28,50,32,32,32,32,0,0,0],"gold":358,"neow_bonus":"RANDOM_COLORLESS_2","is_daily":false,"chose_seed":false,"campfire_upgraded":8,"win_rate":0.0,"timestamp":1608458973,"path_taken":["M","M","M","M","?","R","E","M","T","?","M","E","$","?","R","BOSS","M","M","?","?","?","R","M","R","T","R","?","R","E","M","R","BOSS","M","$","M","?","?","R","$","E","T","R","?","M","R","?","R","BOSS"],"items_purchased_type":["Relic","Relic","Relic","Relic"],"build_version":"2020-12-13","purchased_purges":1,"victory":false,"max_hp_per_floor":[72,72,72,72,72,72,72,72,72,72,72,72,72,72,72,72,72,72,72,72,77,77,77,77,77,77,77,77,77,77,77,77,77,77,77,84,84,84,84,84,84,89,89,89,89,89,89,89,89,89,89,89],"card_choices":[{"not_picked":["Violence","Magnetism"],"picked":"Apotheosis","floor":0},{"not_picked":["Gatherer:Nutrients","Gatherer:FeelingFine"],"picked":"Gatherer:FlowerShield","floor":1},{"not_picked":["Gatherer:AcidicSpray","Gatherer:AromaProtection"],"picked":"Gatherer:BambuSword","floor":2},{"not_picked":["Gatherer:GlowingPlant","Gatherer:Duplicator"],"picked":"Gatherer:QuickSynthesis","floor":3},{"not_picked":["Gatherer:BambuSword","Gatherer:AcidicSpray"],"picked":"Gatherer:QuickSynthesis","floor":4},{"not_picked":["Gatherer:AromaProtection","Gatherer:Uplift"],"picked":"Gatherer:FlowerFalling","floor":7},{"not_picked":["Gatherer:Convert","Gatherer:CarefulStrike","Gatherer:ScherryThrow"],"picked":"SKIP","floor":8},{"not_picked":["Gatherer:FragileHammer","Gatherer:UpgradeBag"],"picked":"Gatherer:MindSearch","floor":11},{"not_picked":["Gatherer:CollectorsShot","Gatherer:QuickSynthesis","Gatherer:Transmute"],"picked":"SKIP","floor":12},{"not_picked":["Gatherer:Examine","Gatherer:HeartToFruit"],"picked":"Gatherer:Bulldoze","floor":16},{"not_picked":["Gatherer:Frenzy+1","Gatherer:PotentialSlash+1"],"picked":"Gatherer:Liquidism+1","floor":18},{"not_picked":["Gatherer:FeelingFine","Gatherer:WoolGloves","Gatherer:CarefulStrike+1"],"picked":"SKIP","floor":19},{"not_picked":["Gatherer:GatherMaterial","Gatherer:Convert","Gatherer:PotentialSlash"],"picked":"SKIP","floor":24},{"not_picked":["Gatherer:PotentialSlash+1","Gatherer:Herbalism"],"picked":"Gatherer:BalancedGrowth+1","floor":28},{"not_picked":["Gatherer:AromaProtection","Gatherer:BalancedGrowth"],"picked":"Gatherer:FlowerFalling","floor":30},{"not_picked":["Gatherer:SaveValuables+1","Gatherer:FragileHammer","Gatherer:Frenzy"],"picked":"SKIP","floor":31},{"not_picked":["Gatherer:MindSearch","Gatherer:Overflowing"],"picked":"Gatherer:BomberForm","floor":33},{"not_picked":["Gatherer:Snatch","Gatherer:FruitForce+1"],"picked":"Gatherer:FlowerShield+1","floor":35},{"not_picked":["Gatherer:Convert","Gatherer:Enchant","Gatherer:SmartManeuver"],"picked":"SKIP","floor":37},{"not_picked":["Gatherer:ScentOfRosmari","Gatherer:OddSpoils"],"picked":"Gatherer:Snatch","floor":42},{"not_picked":["Gatherer:TreeGrowth+1","Gatherer:BambuSword"],"picked":"Gatherer:Snatch+1","floor":46}],"player_experience":435168,"relics_obtained":[{"floor":7,"key":"Girya"},{"floor":9,"key":"Letter Opener"},{"floor":12,"key":"Incense Burner"},{"floor":26,"key":"Sundial"},{"floor":28,"key":"Red Mask"},{"floor":30,"key":"CeramicFish"},{"floor":42,"key":"Toy Ornithopter"},{"floor":43,"key":"Art of War"}],"event_choices":[{"damage_healed":0,"gold_gain":0,"player_choice":"Ignored","damage_taken":0,"max_hp_gain":0,"max_hp_loss":0,"event_name":"Liars Game","floor":10,"gold_loss":0},{"damage_healed":0,"gold_gain":0,"player_choice":"Take Damage","damage_taken":18,"relics_obtained":["Golden Idol"],"max_hp_gain":0,"max_hp_loss":0,"event_name":"Golden Idol","floor":14,"gold_loss":0},{"cards_removed":["Gatherer:Defend_Gatherer"],"damage_healed":0,"gold_gain":0,"player_choice":"Elegance","damage_taken":0,"max_hp_gain":0,"max_hp_loss":0,"event_name":"Back to Basics","floor":20,"gold_loss":0},{"damage_healed":0,"gold_gain":0,"player_choice":"Shed Blood","damage_taken":18,"max_hp_gain":5,"max_hp_loss":0,"event_name":"Forgotten Altar","floor":21,"gold_loss":0},{"damage_healed":0,"gold_gain":0,"player_choice":"Ignored","damage_taken":0,"max_hp_gain":0,"max_hp_loss":0,"event_name":"Vampires","floor":22,"gold_loss":0},{"damage_healed":0,"gold_gain":0,"player_choice":"Fought Bandits","damage_taken":0,"max_hp_gain":0,"max_hp_loss":0,"event_name":"Masked Bandits","floor":28,"gold_loss":0},{"damage_healed":0,"gold_gain":0,"player_choice":"Memory 1","damage_taken":0,"max_hp_gain":0,"max_hp_loss":0,"event_name":"SensoryStone","floor":38,"gold_loss":0},{"cards_removed":["Gatherer:Defend_Gatherer"],"damage_healed":0,"gold_gain":0,"player_choice":"Removed Skill","damage_taken":0,"max_hp_gain":0,"max_hp_loss":0,"event_name":"Falling","floor":39,"gold_loss":0},{"damage_healed":22,"gold_gain":0,"player_choice":"Writhe","damage_taken":0,"max_hp_gain":0,"max_hp_loss":0,"event_name":"Winding Halls","floor":45,"gold_loss":0,"cards_obtained":["Writhe"]},{"damage_healed":0,"gold_gain":222,"player_choice":"Wore Mask","damage_taken":0,"max_hp_gain":0,"max_hp_loss":0,"event_name":"Tomb of Lord Red Mask","floor":48,"gold_loss":0}],"is_beta":false,"boss_relics":[{"not_picked":["Gatherer:ExplorersPath","Tiny House"],"picked":"Coffee Dripper"},{"not_picked":["Black Star","Velvet Choker"],"picked":"SlaversCollar"}],"items_purged_floors":[36],"is_endless":false,"potions_floor_spawned":[2,3,7,16,24,28,31,37,46],"killed_by":"Donu and Deca","ascension_level":2}}