{"host":"szp1d6dso4pv7ddl","time":1608441292,"event":{"mods":["AchievementEnabler","Alarm Clock","BaseMod","Bestiary","Block Reminder","Colored Map","Colored Powertips","Curses Come First","Displayed Cursed Tome","Highlight Path","Minty Spire (QoL Compilation)","Permanent Neow","Quick Restart","Relic Sorter","Relic Stats","StSLib","Synergy Search"],"gold_per_floor":[117,133,133,133,88,88,106,106,106,145,160,160,160,201,201,320,320,338,408,16,29,29,29,29,29],"floor_reached":24,"playtime":2008,"items_purged":["Strike_G"],"score":283,"play_id":"e69887e5-3293-4ee3-9667-048f109a9598","local_time":"20201219211452","is_ascension_mode":true,"campfire_choices":[{"data":"Neutralize","floor":6.0,"key":"SMITH"},{"floor":8.0,"key":"REST"},{"floor":13,"key":"REST"},{"floor":15,"key":"REST"},{"floor":23,"key":"REST"}],"circlet_count":0,"master_deck":["Strike_G","Strike_G","Strike_G","Strike_G","Defend_G","Defend_G","Defend_G","Survivor","Neutralize+1","Quick Slash","All Out Attack","Flying Knee","Prepared","Well Laid Plans","PiercingWail","Phantasmal Killer","Escape Plan","Tools of the Trade","Dagger Spray","Calculated Gamble","Underhanded Strike"],"relics":["Ring of the Snake","Incense Burner","Ginger","Golden Idol","Gremlin Horn","Gambling Chip","HoveringKite","Question Card","HandDrill"],"acts_visited":["Exordium","TheCity"],"potions_floor_usage":[14,16],"damage_taken":[{"damage":6.0,"enemies":"Cultist","floor":1.0,"turns":4.0},{"damage":0.0,"enemies":"2 Louse","floor":2.0,"turns":2.0},{"damage":4.0,"enemies":"Small Slimes","floor":7.0,"turns":3.0},{"damage":31.0,"enemies":"Lagavulin","floor":10.0,"turns":8.0},{"damage":0,"enemies":"2 Fungi Beasts","floor":11,"turns":2},{"damage":8,"enemies":"3 Sentries","floor":14,"turns":6},{"damage":51,"enemies":"Hexaghost","floor":16,"turns":12},{"damage":11,"enemies":"Shell Parasite","floor":18,"turns":6},{"damage":0,"enemies":"Chosen","floor":21,"turns":4},{"damage":57,"enemies":"Book of Stabbing","floor":24,"turns":6}],"seed_played":"-5582928348542305888","potions_obtained":[{"floor":2.0,"key":"SteroidPotion"},{"floor":10,"key":"Fire Potion"},{"floor":14,"key":"ColorlessPotion"}],"is_trial":false,"path_per_floor":["M","M","?","?","$","R","M","R","T","E","M","?","R","E","R","B",null,"M","T","$","M","?","R","E"],"character_chosen":"THE_SILENT","items_purchased":["Flying Knee","Tools of the Trade","HandDrill","Dagger Spray"],"campfire_rested":4,"item_purchase_floors":[5,20,20,20],"current_hp_per_floor":[57,57,42,42,42,42,38,56,56,25,25,25,43,35,53,2,48,37,37,37,37,37,55,0,0],"gold":29,"neow_bonus":"ONE_RARE_RELIC","is_daily":false,"chose_seed":false,"campfire_upgraded":1,"win_rate":0.0,"timestamp":1608441292,"path_taken":["M","?","?","?","$","R","M","R","T","E","M","?","R","E","R","BOSS","M","?","$","M","?","R","E"],"items_purchased_type":["Card","Card","Relic","Card"],"build_version":"2020-12-13","purchased_purges":1,"victory":false,"max_hp_per_floor":[63,63,63,63,63,63,63,63,63,63,63,63,63,63,63,63,63,63,63,63,63,63,63,63,63],"relic_stats":{"Gremlin Horn":[3,3],"counters":[10,53],"Golden Idol":62,"Gambling Chip":[4],"HoveringKite":[11],"HandDrill":[0],"Ginger":[1],"Question Card":1,"obtain_stats":[{"Gremlin Horn":10,"Golden Idol":3,"Gambling Chip":14,"HoveringKite":17,"Incense Burner":9,"HandDrill":20,"Ginger":0,"Question Card":19,"Ring of the Snake":0},{"Gremlin Horn":4,"Golden Idol":2,"Gambling Chip":6,"HoveringKite":7,"Incense Burner":3,"HandDrill":8,"Ginger":0,"Question Card":8,"Ring of the Snake":0},{"Gremlin Horn":17,"Golden Idol":6,"Gambling Chip":25,"HoveringKite":37,"Incense Burner":9,"HandDrill":43,"Ginger":0,"Question Card":43,"Ring of the Snake":0}],"Ring of the Snake":[20]},"card_choices":[{"not_picked":["PiercingWail","Bane","Slice"],"picked":"SKIP","floor":1.0},{"not_picked":["Slice","Escape Plan"],"picked":"Quick Slash","floor":2.0},{"not_picked":["Caltrops","Predator","Slice"],"picked":"SKIP","floor":7.0},{"not_picked":["Blade Dance","Bouncing Flask"],"picked":"Prepared","floor":10},{"not_picked":["All Out Attack","Sucker Punch","Accuracy"],"picked":"SKIP","floor":11},{"not_picked":["Sucker Punch","Poisoned Stab"],"picked":"PiercingWail","floor":14},{"not_picked":["Corpse Explosion","Die Die Die"],"picked":"Phantasmal Killer","floor":16},{"not_picked":["Deflect+1","Bouncing Flask+1"],"picked":"Escape Plan","floor":18},{"not_picked":["Sucker Punch+1","Flying Knee+1","Expertise"],"picked":"Calculated Gamble","floor":21}],"player_experience":781360,"relics_obtained":[{"floor":9.0,"key":"Incense Burner"},{"floor":10,"key":"Gremlin Horn"},{"floor":14,"key":"Gambling Chip"},{"floor":19,"key":"Question Card"}],"event_choices":[{"damage_healed":0.0,"max_hp_gain":0.0,"max_hp_loss":0.0,"gold_gain":0.0,"event_name":"Golden Idol","player_choice":"Take Damage","floor":3.0,"gold_loss":0.0,"damage_taken":15.0,"relics_obtained":["Golden Idol"]},{"damage_healed":0.0,"max_hp_gain":0.0,"max_hp_loss":0.0,"gold_gain":0.0,"cards_transformed":["Defend_G"],"event_name":"Living Wall","player_choice":"Change","floor":4.0,"gold_loss":0.0,"damage_taken":0.0,"cards_obtained":["All Out Attack"]},{"damage_healed":0,"gold_gain":0,"cards_transformed":["Defend_G"],"player_choice":"Transformed","damage_taken":0,"max_hp_gain":0,"max_hp_loss":0,"event_name":"Transmorgrifier","floor":12,"gold_loss":0,"cards_obtained":["Well Laid Plans"]},{"damage_healed":0,"gold_gain":0,"player_choice":"Read","damage_taken":0,"max_hp_gain":0,"max_hp_loss":0,"event_name":"The Library","floor":22,"gold_loss":0,"cards_obtained":["Underhanded Strike"]}],"is_beta":false,"boss_relics":[{"not_picked":["Sozu","Black Star"],"picked":"HoveringKite"}],"items_purged_floors":[20],"is_endless":false,"potions_floor_spawned":[2,10,14],"killed_by":"Book of Stabbing","ascension_level":8}}