{"host":"fne7yx97fnz7kq05","time":1608423392,"event":{"mods":["BaseMod","Colored Map","Colored Powertips","Highlight Path","Minty Spire (QoL Compilation)","Relic Stats"],"gold_per_floor":[15,15,27,27,41,41,66,66,66,91,21,33,58,78,78,177,177,189,44,44,44,59,59,84,84,84,95,95,108,134,234,234,331,331,347,347,360,360,377,377,408,426,449,498,498,37,66,86,86,86],"floor_reached":51,"playtime":2611,"items_purged":["Strike_R","Anger"],"score":1170,"play_id":"1cc59e58-5d14-400f-a286-c0932a4e7e9c","local_time":"20201219181632","is_ascension_mode":true,"campfire_choices":[{"data":"Bash","floor":6,"key":"SMITH"},{"data":"Pommel Strike","floor":15,"key":"SMITH"},{"data":"Inflame","floor":23,"key":"SMITH"},{"data":"Limit Break","floor":25,"key":"SMITH"},{"floor":32,"key":"REST"},{"floor":40,"key":"REST"},{"floor":49,"key":"REST"}],"circlet_count":0,"master_deck":["AscendersBane","Defend_R","Defend_R","Defend_R","Defend_R","Immolate+1","Rampage","Twin Strike","Ghostly Armor","Evolve","Pommel Strike+1","Shrug It Off","Shrug It Off","Feed","Burning Pact","Inflame+1","Limit Break+1","Seeing Red+1","Ghostly Armor","Spot Weakness","Shrug It Off","Pommel Strike+1","Seeing Red","Reaper","Inflame","Uppercut+1","Corruption","Shrug It Off+1","Sentinel","PanicButton","Disarm","Shockwave"],"relics":["Mummified Hand","Pear","Centennial Puzzle","Nunchaku","Mercury Hourglass","Runic Dome","Nloth\u0027s Gift","Question Card","Lantern","Regal Pillow","Lizard Tail","InkBottle","Empty Cage","Meat on the Bone","Bag of Preparation","TungstenRod","Oddly Smooth Stone","Pen Nib"],"acts_visited":["Exordium","TheCity","TheBeyond"],"potions_floor_usage":[13,16,18,29,30,31,42,47,50,50],"damage_taken":[{"damage":7,"enemies":"Jaw Worm","floor":1,"turns":3},{"damage":0,"enemies":"Small Slimes","floor":3,"turns":3},{"damage":1,"enemies":"Cultist","floor":5,"turns":3},{"damage":10,"enemies":"3 Sentries","floor":7,"turns":4},{"damage":13,"enemies":"Gremlin Nob","floor":10,"turns":3},{"damage":18,"enemies":"Large Slime","floor":12,"turns":5},{"damage":15,"enemies":"Lagavulin","floor":13,"turns":6},{"damage":14,"enemies":"3 Louse","floor":14,"turns":2},{"damage":23,"enemies":"Hexaghost","floor":16,"turns":9},{"damage":22,"enemies":"3 Byrds","floor":18,"turns":3},{"damage":4,"enemies":"2 Thieves","floor":22,"turns":3},{"damage":15,"enemies":"Slavers","floor":24,"turns":3},{"damage":2,"enemies":"Chosen and Byrds","floor":27,"turns":4},{"damage":13,"enemies":"Snake Plant","floor":29,"turns":4},{"damage":32,"enemies":"Gremlin Leader","floor":30,"turns":5},{"damage":0,"enemies":"Colosseum Slavers","floor":31,"turns":3},{"damage":0,"enemies":"Colosseum Nobs","floor":31,"turns":2},{"damage":79,"enemies":"Automaton","floor":33,"turns":9},{"damage":11,"enemies":"Orb Walker","floor":35,"turns":4},{"damage":43,"enemies":"3 Darklings","floor":37,"turns":4},{"damage":14,"enemies":"Maw","floor":39,"turns":6},{"damage":35,"enemies":"Reptomancer","floor":41,"turns":6},{"damage":21,"enemies":"Sphere and 2 Shapes","floor":42,"turns":4},{"damage":11,"enemies":"2 Orb Walkers","floor":44,"turns":4},{"damage":36,"enemies":"Giant Head","floor":47,"turns":6},{"damage":30,"enemies":"Spire Growth","floor":48,"turns":5},{"damage":59,"enemies":"Donu and Deca","floor":50,"turns":7}],"seed_played":"910984601270179830","potions_obtained":[{"floor":7,"key":"BloodPotion"},{"floor":10,"key":"Energy Potion"},{"floor":12,"key":"Weak Potion"},{"floor":14,"key":"SteroidPotion"},{"floor":16,"key":"Fire Potion"},{"floor":18,"key":"SkillPotion"},{"floor":33,"key":"Fire Potion"},{"floor":37,"key":"Swift Potion"},{"floor":44,"key":"LiquidBronze"}],"is_trial":false,"path_per_floor":["M","?","M","?","M","R","E","?","T","E","$","M","E","M","R","B",null,"M","$","?","$","M","R","E","R","T","M","?","M","E","?","R","B",null,"M","?","M","?","M","R","E","M","T","?","?","$","E","M","R","B",null],"character_chosen":"IRONCLAD","items_purchased":["Evolve","Inflame","Sentinel","PowerPotion","Oddly Smooth Stone","PanicButton"],"campfire_rested":3,"item_purchase_floors":[11,19,46,46,46,46],"current_hp_per_floor":[71,71,77,77,80,80,76,68,68,61,61,49,40,32,32,15,71,76,76,76,76,75,75,63,63,63,64,64,54,25,28,76,55,97,86,86,51,51,37,83,76,58,58,64,64,64,82,69,108,108],"gold":86,"neow_bonus":"THREE_RARE_CARDS","is_daily":false,"chose_seed":false,"campfire_upgraded":4,"win_rate":0.0,"timestamp":1608423392,"path_taken":["M","?","M","?","M","R","E","?","T","E","$","M","E","M","R","BOSS","M","$","?","?","M","R","E","R","T","M","?","M","E","?","R","BOSS","M","?","M","?","M","R","E","M","T","?","?","$","E","M","R","BOSS"],"items_purchased_type":["Card","Card","Card","Potion","Relic","Card"],"build_version":"2020-12-13","purchased_purges":2,"victory":true,"max_hp_per_floor":[80,80,80,80,80,80,80,90,90,90,90,90,90,90,90,90,90,93,93,93,93,96,96,99,99,99,102,102,105,108,111,111,111,111,111,105,105,105,105,105,105,108,108,108,108,108,108,108,108,108],"relic_stats":{"Regal Pillow":37,"counters":[27,119],"Pen Nib":[2],"Bag of Preparation":[8],"Question Card":13,"Mercury Hourglass":[406],"Centennial Puzzle":[63],"Nunchaku":[20],"Lizard Tail":55,"Mummified Hand":[52],"Nloth\u0027s Gift":6,"obtain_stats":[{"Lantern":26,"Regal Pillow":30,"Pear":8,"Oddly Smooth Stone":46,"Pen Nib":47,"Bag of Preparation":43,"Question Card":24,"Empty Cage":34,"Burning Blood":0,"Mercury Hourglass":13,"Runic Dome":17,"Centennial Puzzle":9,"Nunchaku":10,"Lizard Tail":31,"Mummified Hand":7,"Nloth\u0027s Gift":20,"InkBottle":31,"TungstenRod":44,"Meat on the Bone":41},{"Lantern":12,"Regal Pillow":15,"Pear":4,"Oddly Smooth Stone":24,"Pen Nib":25,"Bag of Preparation":23,"Question Card":12,"Empty Cage":18,"Burning Blood":0,"Mercury Hourglass":7,"Runic Dome":9,"Centennial Puzzle":4,"Nunchaku":5,"Lizard Tail":17,"Mummified Hand":4,"Nloth\u0027s Gift":10,"InkBottle":17,"TungstenRod":24,"Meat on the Bone":22},{"Lantern":47,"Regal Pillow":60,"Pear":13,"Oddly Smooth Stone":101,"Pen Nib":107,"Bag of Preparation":97,"Question Card":47,"Empty Cage":74,"Burning Blood":0,"Mercury Hourglass":27,"Runic Dome":38,"Centennial Puzzle":13,"Nunchaku":16,"Lizard Tail":65,"Mummified Hand":13,"Nloth\u0027s Gift":41,"InkBottle":65,"TungstenRod":101,"Meat on the Bone":93}],"InkBottle":[25],"TungstenRod":11,"Meat on the Bone":0},"card_choices":[{"not_picked":["Juggernaut","Berserk"],"picked":"Immolate","floor":0},{"not_picked":["Sword Boomerang","Heavy Blade","Carnage"],"picked":"SKIP","floor":1},{"not_picked":["Anger","Sword Boomerang"],"picked":"Rampage","floor":3},{"not_picked":["Whirlwind","Perfected Strike"],"picked":"Anger","floor":5},{"not_picked":["Brutality","Second Wind"],"picked":"Twin Strike","floor":7},{"not_picked":["Spot Weakness","Iron Wave"],"picked":"Ghostly Armor","floor":10},{"not_picked":["Searing Blow","Heavy Blade"],"picked":"Pommel Strike","floor":12},{"not_picked":["Dual Wield","Pommel Strike"],"picked":"Shrug It Off","floor":13},{"not_picked":["Havoc","Warcry"],"picked":"Shrug It Off","floor":14},{"not_picked":["Corruption","Impervious"],"picked":"Feed","floor":16},{"not_picked":["Dual Wield+1","Body Slam"],"picked":"Burning Pact","floor":18},{"not_picked":["Cleave","Fire Breathing","Searing Blow"],"picked":"SKIP","floor":22},{"not_picked":["Offering","Blood for Blood+1"],"picked":"Limit Break","floor":24},{"not_picked":["Metallicize","Immolate","Sword Boomerang+1"],"picked":"Seeing Red+1","floor":27},{"not_picked":["Body Slam","Dropkick","Twin Strike"],"picked":"Shrug It Off","floor":29},{"not_picked":["Feed","Demon Form","Intimidate"],"picked":"Pommel Strike+1","floor":30},{"not_picked":["Body Slam","Cleave+1","Feel No Pain"],"picked":"Seeing Red","floor":31},{"not_picked":["Barricade","Berserk","Demon Form"],"picked":"Reaper","floor":33},{"not_picked":["Havoc+1","Dual Wield+1","Anger+1"],"picked":"Inflame","floor":35},{"not_picked":["Havoc","Battle Trance+1","Clothesline"],"picked":"Uppercut+1","floor":37},{"not_picked":["Double Tap","Headbutt+1","Clothesline+1"],"picked":"Corruption","floor":39},{"not_picked":["Pommel Strike","Intimidate+1","Barricade"],"picked":"Shrug It Off+1","floor":41},{"not_picked":["Sword Boomerang","Wild Strike","Heavy Blade","Perfected Strike"],"picked":"SKIP","floor":42},{"not_picked":["Fire Breathing","Anger","Corruption"],"picked":"Disarm","floor":47},{"not_picked":["Sentinel","Clothesline+1","Shrug It Off+1"],"picked":"Shockwave","floor":48}],"player_experience":49572,"relics_obtained":[{"floor":7,"key":"Mummified Hand"},{"floor":9,"key":"Centennial Puzzle"},{"floor":10,"key":"Nunchaku"},{"floor":13,"key":"Mercury Hourglass"},{"floor":24,"key":"Question Card"},{"floor":26,"key":"Lantern"},{"floor":30,"key":"Regal Pillow"},{"floor":31,"key":"Lizard Tail"},{"floor":31,"key":"InkBottle"},{"floor":41,"key":"Meat on the Bone"},{"floor":43,"key":"Bag of Preparation"},{"floor":44,"key":"TungstenRod"},{"floor":47,"key":"Pen Nib"}],"event_choices":[{"damage_healed":0,"gold_gain":0,"player_choice":"Grow","damage_taken":0,"max_hp_gain":0,"max_hp_loss":0,"event_name":"Living Wall","floor":2,"gold_loss":0,"cards_upgraded":["Immolate"]},{"damage_healed":0,"gold_gain":0,"player_choice":"Ignored","damage_taken":0,"max_hp_gain":0,"max_hp_loss":0,"event_name":"Liars Game","floor":4,"gold_loss":0},{"damage_healed":0,"gold_gain":0,"player_choice":"Success","damage_taken":18,"relics_obtained":["Pear"],"max_hp_gain":0,"max_hp_loss":0,"event_name":"Scrap Ooze","floor":8,"gold_loss":0},{"damage_healed":0,"gold_gain":0,"player_choice":"Traded Relic","damage_taken":0,"relics_obtained":["Nloth\u0027s Gift"],"max_hp_gain":0,"max_hp_loss":0,"event_name":"N\u0027loth","floor":20,"relics_lost":["Burning Blood"],"gold_loss":0},{"damage_healed":0,"gold_gain":0,"cards_transformed":["Strike_R","Strike_R"],"player_choice":"Became Test Subject","damage_taken":0,"max_hp_gain":0,"max_hp_loss":0,"event_name":"Drug Dealer","floor":28,"gold_loss":0,"cards_obtained":["Ghostly Armor","Spot Weakness"]},{"damage_healed":0,"gold_gain":0,"player_choice":"Fight","damage_taken":0,"max_hp_gain":0,"max_hp_loss":0,"event_name":"Colosseum","floor":31,"gold_loss":0},{"damage_healed":0,"gold_gain":0,"player_choice":"Fought Nobs","damage_taken":0,"max_hp_gain":0,"max_hp_loss":0,"event_name":"Colosseum","floor":31,"gold_loss":0},{"damage_healed":0,"gold_gain":0,"player_choice":"Max HP","damage_taken":0,"max_hp_gain":0,"max_hp_loss":6,"event_name":"Winding Halls","floor":36,"gold_loss":0},{"cards_removed":["Bash"],"damage_healed":0,"gold_gain":0,"player_choice":"Removed Attack","damage_taken":0,"max_hp_gain":0,"max_hp_loss":0,"event_name":"Falling","floor":38,"gold_loss":0},{"damage_healed":0,"gold_gain":0,"player_choice":"Fight","damage_taken":0,"max_hp_gain":0,"max_hp_loss":0,"event_name":"Mysterious Sphere","floor":44,"gold_loss":0},{"damage_healed":0,"gold_gain":0,"player_choice":"Ignored","damage_taken":0,"max_hp_gain":0,"max_hp_loss":0,"event_name":"Tomb of Lord Red Mask","floor":45,"gold_loss":0}],"is_beta":false,"boss_relics":[{"not_picked":["Philosopher\u0027s Stone","Calling Bell"],"picked":"Runic Dome"},{"not_picked":["Mark of Pain","Tiny House"],"picked":"Empty Cage"}],"items_purged_floors":[19,46],"is_endless":false,"potions_floor_spawned":[7,10,12,14,16,18,31,33,37,44],"ascension_level":10}}