{"host":"4id8injl4bo2b6ih","time":1608435707,"event":{"mods":["Act Like it!","BaseMod","Better Third Choice","Colored Map","Downfall","Friendly Minions","Highlight Path","Luminous","Minty Spire (QoL Compilation)","Robot Space Explorer","Shop Mod","Spicy Shops","StSLib"],"gold_per_floor":[99,274,274,284,284,276,276,311,337,337,358,381,400,426,444,444,444],"floor_reached":16,"playtime":897,"items_purged":[],"score":104,"play_id":"3f1353af-99a8-4ece-ab43-fb552360e499","local_time":"20201220044147","is_ascension_mode":false,"campfire_choices":[{"data":"hexamod:Float","floor":1,"key":"SMITH"},{"data":"hexamod:Sear","floor":3,"key":"SMITH"},{"data":"hexamod:SkipABeat","floor":5,"key":"SMITH"},{"data":"hexamod:Incineration","floor":10,"key":"SMITH"}],"circlet_count":0,"master_deck":["hexamod:Strike","hexamod:Strike","hexamod:Strike","hexamod:Strike","hexamod:Defend","hexamod:Defend","hexamod:Defend","hexamod:Defend","hexamod:Sear+1","hexamod:Float+1","Doubt","hexamod:SkipABeat+1","hexamod:SecondSeal","hexamod:PhantomFireball","hexamod:Incineration+1","hexamod:GhostOfSpirePast","hexamod:CatchUp","hexamod:SoulSteal","hexamod:GhostOfSpirePresent","hexamod:EmpoweredFlame"],"relics":["hexamod:SpiritBrand","White Beast Statue","StoneCalendar"],"acts_visited":["Exordium"],"potions_floor_usage":[11],"damage_taken":[{"damage":0,"enemies":"Jaw Worm","floor":4,"turns":4},{"damage":35,"enemies":"3 Sentries","floor":8,"turns":10},{"damage":0,"enemies":"Small Slimes","floor":9,"turns":3},{"damage":0,"enemies":"2 Louse","floor":11,"turns":2},{"damage":7,"enemies":"Blue Slaver","floor":12,"turns":3},{"damage":0,"enemies":"Large Slime","floor":13,"turns":3},{"damage":22,"enemies":"3 Louse","floor":14,"turns":3},{"damage":2,"enemies":"Blue Slaver","floor":15,"turns":3},{"damage":21,"enemies":"downfall:Defect","floor":16,"turns":4}],"seed_played":"918668371316942060","potions_obtained":[{"floor":8,"key":"hexamod:DoubleChargePotion"},{"floor":9,"key":"Fruit Juice"},{"floor":11,"key":"Strength Potion"},{"floor":12,"key":"Explosive Potion"},{"floor":15,"key":"Regen Potion"}],"is_trial":false,"path_per_floor":["R","?","R","M","R","?","T","E","M","R","M","M","M","M","M","B"],"character_chosen":"THE_SPIRIT","items_purchased":[],"campfire_rested":0,"item_purchase_floors":[],"current_hp_per_floor":[77,77,77,77,77,77,77,42,42,42,47,40,40,18,16,0,0],"gold":444,"neow_bonus":"TEN_PERCENT_HP_BONUS","is_daily":false,"chose_seed":false,"campfire_upgraded":4,"win_rate":0.0,"timestamp":1608435707,"path_taken":["R","?","R","M","R","?","T","E","M","R","M","M","M","M","M","BOSS"],"items_purchased_type":[],"build_version":"2020-12-13","purchased_purges":0,"victory":false,"max_hp_per_floor":[77,77,77,77,77,77,77,77,77,77,82,82,82,82,82,82,82],"card_choices":[{"not_picked":["hexamod:Firestarter","hexamod:AdvancingGuard"],"picked":"hexamod:SkipABeat","floor":4},{"not_picked":["hexamod:NightmareStrike","hexamod:Firestarter"],"picked":"hexamod:PhantomFireball","floor":8},{"not_picked":["hexamod:Firestarter","hexamod:RainOfEmbers"],"picked":"hexamod:Incineration","floor":9},{"not_picked":["hexamod:InspiringFlames","hexamod:CatchUp"],"picked":"hexamod:GhostOfSpirePast","floor":11},{"not_picked":["hexamod:HeatMetal","hexamod:AdvancingGuard"],"picked":"hexamod:CatchUp","floor":12},{"not_picked":["hexamod:Firestarter","hexamod:AdvancingGuard"],"picked":"hexamod:SoulSteal","floor":13},{"not_picked":["hexamod:NightmareStrike","hexamod:GhostShield"],"picked":"hexamod:GhostOfSpirePresent","floor":14},{"not_picked":["hexamod:ExtraCrispy","hexamod:CatchUp"],"picked":"hexamod:EmpoweredFlame","floor":15}],"player_experience":351580,"relics_obtained":[{"floor":7,"key":"White Beast Statue"},{"floor":8,"key":"StoneCalendar"}],"event_choices":[],"is_beta":false,"boss_relics":[],"items_purged_floors":[],"is_endless":false,"potions_floor_spawned":[8,9,11,12,13,14,15],"killed_by":"downfall:Defect","ascension_level":0}}