{"host":"27cnk69rbdk9vsnt","time":1608473952,"event":{"mods":["BaseMod","CatGirl Mod","Ekko","Energized Spire","JesterMod","Mimic Mod","Minty Spire (QoL Compilation)","Shade Mod","Shop Mod","StSLib","The Spell Scribe","Thieving Mod"],"gold_per_floor":[114,124,140,140,115,115,141,141,164,195,209,209,209],"floor_reached":12,"playtime":474,"items_purged":[],"score":92,"play_id":"93fb62de-133a-40eb-9f68-5916ce34fb67","local_time":"20201220151912","is_ascension_mode":true,"campfire_choices":[{"data":"ekkoTheBoyWhoShatteredTime:NashorsTooth","floor":6,"key":"SMITH"},{"floor":8,"key":"REST"}],"circlet_count":0,"master_deck":["ekkoTheBoyWhoShatteredTime:Strike","ekkoTheBoyWhoShatteredTime:Strike","ekkoTheBoyWhoShatteredTime:Strike","ekkoTheBoyWhoShatteredTime:Strike","ekkoTheBoyWhoShatteredTime:Strike","ekkoTheBoyWhoShatteredTime:Defend","ekkoTheBoyWhoShatteredTime:Defend+1","ekkoTheBoyWhoShatteredTime:TimeMaster","ekkoTheBoyWhoShatteredTime:Resocharge","ekkoTheBoyWhoShatteredTime:LevelUp+1","ekkoTheBoyWhoShatteredTime:NashorsTooth+1","ekkoTheBoyWhoShatteredTime:NeedlesslyLargeRod","ekkoTheBoyWhoShatteredTime:Knowledge","ekkoTheBoyWhoShatteredTime:IcebornGauntlet","ekkoTheBoyWhoShatteredTime:Periocharge"],"relics":["ekkoTheBoyWhoShatteredTime:zDriveResonance","CultistMask","War Paint","Ancient Tea Set","Eternal Feather"],"acts_visited":["Exordium"],"potions_floor_usage":[7,12,12],"damage_taken":[{"damage":16,"enemies":"Small Slimes","floor":1,"turns":3},{"damage":2,"enemies":"Cultist","floor":2,"turns":4},{"damage":15,"enemies":"Jaw Worm","floor":3,"turns":5},{"damage":24,"enemies":"Lagavulin","floor":7,"turns":5},{"damage":17,"enemies":"Gremlin Nob","floor":10,"turns":4},{"damage":6,"enemies":"Exordium Thugs","floor":11,"turns":3},{"damage":18,"enemies":"3 Sentries","floor":12,"turns":2}],"seed_played":"-7420817402105147893","potions_obtained":[{"floor":3,"key":"Block Potion"},{"floor":7,"key":"Strength Potion"},{"floor":11,"key":"Strength Potion"}],"is_trial":false,"path_per_floor":["M","M","M","?","$","R","E","R","T","E","M","E"],"character_chosen":"EKKO_THE_BOY_WHO_SHATTERED_TIME","items_purchased":["ekkoTheBoyWhoShatteredTime:NeedlesslyLargeRod"],"campfire_rested":1,"item_purchase_floors":[5],"current_hp_per_floor":[55,53,38,38,38,38,14,35,35,18,12,0,0],"gold":209,"neow_bonus":"REMOVE_TWO","is_daily":false,"chose_seed":false,"campfire_upgraded":1,"win_rate":0.0,"timestamp":1608473952,"path_taken":["M","M","M","?","?","R","E","R","T","E","?","E"],"items_purchased_type":["Card"],"build_version":"2020-12-13","purchased_purges":0,"victory":false,"max_hp_per_floor":[71,71,71,71,71,71,71,71,71,71,71,71,71],"card_choices":[{"not_picked":["ekkoTheBoyWhoShatteredTime:PhaseDive","ekkoTheBoyWhoShatteredTime:Overflow"],"picked":"ekkoTheBoyWhoShatteredTime:Resocharge","floor":1},{"not_picked":["ekkoTheBoyWhoShatteredTime:PhaseDive","ekkoTheBoyWhoShatteredTime:QuickBreak"],"picked":"ekkoTheBoyWhoShatteredTime:LevelUp","floor":2},{"not_picked":["ekkoTheBoyWhoShatteredTime:SpHit","ekkoTheBoyWhoShatteredTime:AfterimageBait"],"picked":"ekkoTheBoyWhoShatteredTime:NashorsTooth","floor":3},{"not_picked":["ekkoTheBoyWhoShatteredTime:Process","ekkoTheBoyWhoShatteredTime:Acceleration"],"picked":"ekkoTheBoyWhoShatteredTime:Knowledge","floor":7},{"not_picked":["ekkoTheBoyWhoShatteredTime:FeelIt","ekkoTheBoyWhoShatteredTime:HauntedAfterimage"],"picked":"ekkoTheBoyWhoShatteredTime:IcebornGauntlet","floor":10},{"not_picked":["ekkoTheBoyWhoShatteredTime:MicCheck","ekkoTheBoyWhoShatteredTime:NeedlesslyLargeRod"],"picked":"ekkoTheBoyWhoShatteredTime:Periocharge","floor":11}],"player_experience":459464,"relics_obtained":[{"floor":7,"key":"War Paint"},{"floor":9,"key":"Ancient Tea Set"},{"floor":10,"key":"Eternal Feather"}],"event_choices":[{"damage_healed":0,"gold_gain":0,"player_choice":"Trade","damage_taken":0,"relics_obtained":["CultistMask"],"max_hp_gain":0,"max_hp_loss":0,"event_name":"FaceTrader","floor":4,"gold_loss":0}],"is_beta":false,"boss_relics":[],"items_purged_floors":[],"is_endless":false,"potions_floor_spawned":[3,7,11],"killed_by":"3 Sentries","ascension_level":1}}