{"host":"ayh4nqhr0ddw4ozv","time":1608432524,"event":{"mods":["BaseMod","Colored Map","Minty Spire (QoL Compilation)","Relic Stats","Robot Space Explorer","StSLib"],"gold_per_floor":[12,26,26,39,52,85,85,117,117,132,148,168,168,184,184,289,289,309,320,320,334,211,211,211,211],"floor_reached":24,"playtime":1857,"items_purged":["RobotSpaceExplorer:Defend"],"score":223,"play_id":"6f03e69d-20ac-4297-af99-351a708da1b3","local_time":"20201219184844","is_ascension_mode":true,"campfire_choices":[{"data":"RobotSpaceExplorer:LaserBurst","floor":7.0,"key":"SMITH"},{"data":"RobotSpaceExplorer:Calculate","floor":13,"key":"SMITH"},{"data":"RobotSpaceExplorer:DroneSwarm","floor":15,"key":"SMITH"},{"data":"RobotSpaceExplorer:TrailblazerForm","floor":23,"key":"SMITH"}],"circlet_count":0,"master_deck":["RobotSpaceExplorer:Strike","RobotSpaceExplorer:Strike","RobotSpaceExplorer:Strike","RobotSpaceExplorer:Defend","RobotSpaceExplorer:Defend","RobotSpaceExplorer:Defend","RobotSpaceExplorer:Scan","RobotSpaceExplorer:MiniLasers","RobotSpaceExplorer:SurgingStrike","RobotSpaceExplorer:ScrapShield","RobotSpaceExplorer:LaserBurst+1","RobotSpaceExplorer:TrailblazerForm+1","RobotSpaceExplorer:Calculate+1","RobotSpaceExplorer:StarDust","RobotSpaceExplorer:DroneSwarm+1","RobotSpaceExplorer:Autoloader","Writhe"],"relics":["RobotSpaceExplorer:RoboCore","Bird Faced Urn","Pantograph","Gremlin Horn","Letter Opener","RobotSpaceExplorer:SearchSpecs","RobotSpaceExplorer:PlasmaHourglass"],"acts_visited":["Exordium","TheCity"],"potions_floor_usage":[16,21,21,24],"damage_taken":[{"damage":5.0,"enemies":"Small Slimes","floor":1.0,"turns":4.0},{"damage":0.0,"enemies":"Cultist","floor":2.0,"turns":2.0},{"damage":1.0,"enemies":"Jaw Worm","floor":4.0,"turns":3.0},{"damage":0.0,"enemies":"Exordium Wildlife","floor":5.0,"turns":7.0},{"damage":17.0,"enemies":"Gremlin Nob","floor":6.0,"turns":5.0},{"damage":29.0,"enemies":"Lagavulin","floor":8.0,"turns":7.0},{"damage":0,"enemies":"3 Louse","floor":10,"turns":2},{"damage":0,"enemies":"Looter","floor":11,"turns":3},{"damage":0,"enemies":"Lots of Slimes","floor":12,"turns":1},{"damage":0,"enemies":"Blue Slaver","floor":14,"turns":4},{"damage":14,"enemies":"Hexaghost","floor":16,"turns":8},{"damage":11,"enemies":"Shell Parasite","floor":18,"turns":4},{"damage":14,"enemies":"Spheric Guardian","floor":19,"turns":4},{"damage":14,"enemies":"Centurion and Healer","floor":21,"turns":5},{"damage":77,"enemies":"Slavers","floor":24,"turns":4}],"seed_played":"6791794880997728233","potions_obtained":[{"floor":5.0,"key":"Weak Potion"},{"floor":6.0,"key":"Strength Potion"},{"floor":11,"key":"ColorlessPotion"},{"floor":12,"key":"Regen Potion"},{"floor":19,"key":"RobotSpaceExplorer:LiquidFusion"},{"floor":21,"key":"Ancient Potion"}],"is_trial":false,"path_per_floor":["M","M","?","M","M","E","R","E","T","M","M","M","R","M","R","B",null,"M","M","?","M","$","R","E"],"character_chosen":"RobotSpaceExplorer","items_purchased":["PowerPotion"],"campfire_rested":0,"item_purchase_floors":[22],"current_hp_per_floor":[70,70,70,69,69,52,52,23,23,23,23,23,23,25,25,42,75,67,57,57,66,66,66,0,0],"gold":211,"neow_bonus":"ONE_RARE_RELIC","is_daily":false,"chose_seed":false,"campfire_upgraded":4,"win_rate":0.0,"timestamp":1608432524,"path_taken":["M","M","?","M","M","E","R","E","T","?","M","M","R","M","R","BOSS","M","M","?","M","$","R","E"],"items_purchased_type":["Potion"],"build_version":"2020-12-13","purchased_purges":1,"victory":false,"max_hp_per_floor":[75,75,75,75,75,75,75,75,75,75,75,75,75,75,75,75,75,75,75,75,75,75,75,75,75],"relic_stats":{"Gremlin Horn":[7,7],"counters":[15,63],"Bird Faced Urn":[29],"Pantograph":25,"Letter Opener":[25],"obtain_stats":[{"Gremlin Horn":8,"Bird Faced Urn":0,"Pantograph":6,"RobotSpaceExplorer:PlasmaHourglass":20,"RobotSpaceExplorer:RoboCore":0,"RobotSpaceExplorer:SearchSpecs":17,"Letter Opener":9},{"Gremlin Horn":6,"Bird Faced Urn":0,"Pantograph":5,"RobotSpaceExplorer:PlasmaHourglass":13,"RobotSpaceExplorer:RoboCore":0,"RobotSpaceExplorer:SearchSpecs":11,"Letter Opener":6},{"Gremlin Horn":28,"Bird Faced Urn":0,"Pantograph":21,"RobotSpaceExplorer:PlasmaHourglass":54,"RobotSpaceExplorer:RoboCore":0,"RobotSpaceExplorer:SearchSpecs":46,"Letter Opener":28}]},"card_choices":[{"not_picked":["RobotSpaceExplorer:Pulsar","RobotSpaceExplorer:SwiftStep"],"picked":"RobotSpaceExplorer:SurgingStrike","floor":1.0},{"not_picked":["RobotSpaceExplorer:Reload","RobotSpaceExplorer:Ammunition","RobotSpaceExplorer:FranticSearch"],"picked":"SKIP","floor":2.0},{"not_picked":["RobotSpaceExplorer:StunGrenade","RobotSpaceExplorer:SlimeMissile"],"picked":"RobotSpaceExplorer:ScrapShield","floor":4.0},{"not_picked":["RobotSpaceExplorer:FranticSearch","RobotSpaceExplorer:MiniBoosters"],"picked":"RobotSpaceExplorer:LaserBurst","floor":5.0},{"not_picked":["RobotSpaceExplorer:GlueShot","RobotSpaceExplorer:MetalStrike","RobotSpaceExplorer:PowerGlove"],"picked":"SKIP","floor":6.0},{"not_picked":["RobotSpaceExplorer:Explosion","RobotSpaceExplorer:SurgingShield"],"picked":"RobotSpaceExplorer:TrailblazerForm","floor":8},{"not_picked":["RobotSpaceExplorer:ImprovisedAttack","RobotSpaceExplorer:ScrapToss"],"picked":"RobotSpaceExplorer:Calculate","floor":10},{"not_picked":["RobotSpaceExplorer:ImprovisedAttack","RobotSpaceExplorer:Ammunition","RobotSpaceExplorer:DoubleFind"],"picked":"SKIP","floor":11},{"not_picked":["RobotSpaceExplorer:MetalStrike","RobotSpaceExplorer:LaserBurst"],"picked":"RobotSpaceExplorer:StarDust","floor":12},{"not_picked":["RobotSpaceExplorer:ShockKick","RobotSpaceExplorer:Electropulse"],"picked":"RobotSpaceExplorer:DroneSwarm","floor":14},{"not_picked":["RobotSpaceExplorer:Asteroid","RobotSpaceExplorer:BlastShield"],"picked":"RobotSpaceExplorer:Autoloader","floor":16},{"not_picked":["RobotSpaceExplorer:GlueSpray+1","RobotSpaceExplorer:SurgingShield","RobotSpaceExplorer:Smokescreen"],"picked":"SKIP","floor":18},{"not_picked":["RobotSpaceExplorer:MiniDrones","RobotSpaceExplorer:MetalStrike","RobotSpaceExplorer:ShovelStrike"],"picked":"SKIP","floor":19},{"not_picked":["RobotSpaceExplorer:FreezeRay+1","RobotSpaceExplorer:Ammunition","RobotSpaceExplorer:ShockKick"],"picked":"SKIP","floor":21}],"player_experience":210549,"relics_obtained":[{"floor":6.0,"key":"Pantograph"},{"floor":8,"key":"Gremlin Horn"},{"floor":9,"key":"Letter Opener"}],"event_choices":[{"cards_removed":["RobotSpaceExplorer:Strike"],"damage_healed":0.0,"max_hp_gain":0.0,"max_hp_loss":0.0,"gold_gain":0.0,"event_name":"Purifier","player_choice":"Purged","floor":3.0,"gold_loss":0.0,"damage_taken":0.0},{"damage_healed":0,"gold_gain":0,"player_choice":"Opened","damage_taken":0,"relics_obtained":["RobotSpaceExplorer:PlasmaHourglass"],"max_hp_gain":0,"max_hp_loss":0,"event_name":"The Mausoleum","floor":20,"gold_loss":0,"cards_obtained":["Writhe"]}],"is_beta":false,"boss_relics":[{"not_picked":["Black Star","Pandora\u0027s Box"],"picked":"RobotSpaceExplorer:SearchSpecs"}],"items_purged_floors":[22],"is_endless":false,"potions_floor_spawned":[5,6,11,12,19,21],"killed_by":"Slavers","ascension_level":1}}