{"host":"oamyyaqfhwqk734h","time":1608497171,"event":{"mods":["2.2 Compatiblity","AchievementEnabler","Act Like it!","AlwaysNeverKeys","Aspiration","Bard","BaseMod","Beaked The Cultist","BetterRewards","Block Reminder","CCEM","Card Forge","Clawfect","Colored Map","Colored Powertips","Conspire","DeckTracker","Dio Mod","Downfall","Friendly Minions","GifTheSpireLib","Googly Eyes","Gremlin Mod","Halation","Highlight Path","Hubris","Hunter ??","Infinite Spire","Jedi Mod","Mad Scientist","Marisa????????","Mimic Mod","Minty Spire (QoL Compilation)","Permanent Neow","Quick Restart","Rare Cards Sparkle","Replay The Spire","Shop Mod","Small Relic Pack","StSLib","Stuff the Spire","SuperFastMode","Synergy Search","The Administrix","The Animator","The Blackbeard","The Bug Knight","The Construct","The Cursed","The Disciple","The Forsaken","The Gatherer","The Hierophant","The IronCluck","The Jungle","The Mystic","The Necromancer","The Problem Sleuth","The Runesmith","The Servant 0.9.4","The Spell Scribe","TheBandit","Unceasing Turn Reminder","[IsaacMod]????"],"gold_per_floor":[24,66,66,87,12,35,82,7,57,90,117,129,168,182,197,307,407,407,407,407,441,441,459,506,506,544,544,206,233,233,261,285,393,393,393,428,456,480,510,510,510,533,553,553,566,566,579,579,594,594,594],"floor_reached":50,"playtime":3890,"items_purged":[],"score":904,"play_id":"550504b2-17b3-427a-88b2-cc8a9149800c","local_time":"20201220214611","is_ascension_mode":false,"campfire_choices":[{"data":"hexamod:FastForward","floor":1.0,"key":"SMITH"},{"data":"hexamod:ExtraCrispy","floor":3.0,"key":"SMITH"},{"floor":5.0,"key":"REST"},{"data":"hexamod:ParanormalForm","floor":8.0,"key":"SMITH"},{"data":"hexamod:FastForward","floor":18.0,"key":"SMITH"},{"data":"1","floor":22.0,"key":"LIFT"},{"data":"2","floor":25.0,"key":"LIFT"},{"data":"3","floor":27.0,"key":"LIFT"},{"data":"hexamod:ExtraCrispy","floor":40.0,"key":"SMITH"},{"data":"hexamod:VolcanoVisage","floor":44.0,"key":"SMITH"}],"circlet_count":0,"master_deck":["hexamod:Strike","hexamod:Strike","hexamod:Strike+1","hexamod:Strike","hexamod:Defend+1","hexamod:Defend+1","hexamod:Defend","hexamod:Defend","hexamod:Sear+1","hexamod:Float","hexamod:HexaLevel+1","hexamod:GhostflameInferno+1","hexamod:EmpoweredFlame+1","hexamod:FastForward+1","hexamod:CatchUp+1","hexamod:ExtraCrispy+1","hexamod:ThirdSeal","hexamod:SixthSeal","hexamod:RadiantFlame","hexamod:HauntingEcho","hexamod:SecondSeal","hexamod:ParanormalForm+1","hexamod:HeatShield+1","hexamod:ChargedBarrage","hexamod:SpectersWail","hexamod:FastForward+1","hexamod:VolcanoVisage+1","hexamod:ExtraCrispy+1","hexamod:SpectersWail","hexamod:FastForward+1","hexamod:TimeOfNeed+1","hexamod:SpectersWail","hexamod:RadiantFlame+1","hexamod:SpectersWail","Apotheosis+1","hexamod:ChargedBarrage+1","hexamod:SkipABeat","hexamod:HauntingEcho","hexamod:VolcanoVisage+1","hexamod:FourthSeal","hexamod:GhostOfSpireFuture+1","hexamod:SpectersWail+1","hexamod:FirstSeal","hexamod:FourthSeal","hexamod:RadiantFlame+1","hexamod:SpectersWail","hexamod:FastForward+1","hexamod:CatchUp+1","hexamod:ExtraCrispy+1","hexamod:HeatShield+1"],"relics":["hexamod:SpiritBrand","Hammer of Thor","Seething Fire","Anvil of the Gods","HushsDoor","SteamSale","downfall:HeartBlessingGreen","Lantern","downfall:HeartBlessingBlue","hexamod:TheBrokenSeal","halation:PrussianBluePaint","downfall:HeartBlessingRed","HollowMod:PaleOreRelic","hubris:BottledRain","conspire:BottledYoYo","Incense Burner","Replay:Wanted Poster","Girya","halation:PromiseList","Guide Book","Replay:Lucky Slots","hubris:ScarierMask","Pear","InkBottle","CCEMRelics:WarHorn"],"acts_visited":["Exordium","TheCity","TheBeyond"],"potions_floor_usage":[45,45,45,45,50],"damage_taken":[{"damage":32.0,"enemies":"Lagavulin","floor":2.0,"turns":9.0},{"damage":24.0,"enemies":"Cultist","floor":4.0,"turns":7.0},{"damage":25.0,"enemies":"Jaw Worm","floor":6.0,"turns":6.0},{"damage":3.0,"enemies":"Small Slimes","floor":7.0,"turns":6.0},{"damage":54.0,"enemies":"Hiden Room Battle","floor":9.0,"turns":3.0},{"damage":25.0,"enemies":"3 Sentries","floor":10.0,"turns":7.0},{"damage":0.0,"enemies":"Small Slimes","floor":11.0,"turns":2.0},{"damage":0.0,"enemies":"2 Fungi Beasts","floor":12.0,"turns":2.0},{"damage":0.0,"enemies":"conspire:MimicChest","floor":13.0,"turns":7.0},{"damage":0.0,"enemies":"Large Slime","floor":14.0,"turns":4.0},{"damage":0.0,"enemies":"Blue Slaver","floor":15.0,"turns":1.0},{"damage":0.0,"enemies":"downfall:Watcher","floor":16.0,"turns":6.0},{"damage":15.0,"enemies":"conspire:Head Lice","floor":21.0,"turns":6.0},{"damage":2.0,"enemies":"Shell Parasite","floor":23.0,"turns":4.0},{"damage":2.0,"enemies":"Shelled Parasite and Fungi","floor":24.0,"turns":6.0},{"damage":12.0,"enemies":"HollowMod:Nosk","floor":26.0,"turns":7.0},{"damage":0.0,"enemies":"downfall:FleeingMerchant","floor":28.0,"turns":4.0},{"damage":14.0,"enemies":"Shelled Parasite and Fungi","floor":29.0,"turns":3.0},{"damage":17.0,"enemies":"3 Cultists","floor":31.0,"turns":4.0},{"damage":22.0,"enemies":"Sentry and Sphere","floor":32.0,"turns":6.0},{"damage":0.0,"enemies":"downfall:Defect","floor":33.0,"turns":6.0},{"damage":19.0,"enemies":"Reptomancer","floor":36.0,"turns":4.0},{"damage":9.0,"enemies":"3 Shapes","floor":37.0,"turns":3.0},{"damage":16.0,"enemies":"Orb Walker","floor":38.0,"turns":4.0},{"damage":35.0,"enemies":"Nemesis","floor":39.0,"turns":7.0},{"damage":8.0,"enemies":"Maw","floor":42.0,"turns":7.0},{"damage":0.0,"enemies":"Transient","floor":43.0,"turns":5.0},{"damage":24,"enemies":"Writhing Mass","floor":45,"turns":5},{"damage":3,"enemies":"3 Darklings","floor":47,"turns":4},{"damage":0,"enemies":"Sphere and 2 Shapes","floor":49,"turns":3},{"damage":27,"enemies":"downfall:Silent","floor":50,"turns":4}],"seed_played":"7488547716440819051","potions_obtained":[{"floor":0.0,"key":"Ancient Potion"},{"floor":0.0,"key":"hexamod:DoubleChargePotion"},{"floor":0.0,"key":"Energy Potion"},{"floor":2.0,"key":"EntropicBrew"},{"floor":10.0,"key":"Adrenaline Potion"},{"floor":11.0,"key":"BlessingOfTheForge"},{"floor":13.0,"key":"GamblersBrew"},{"floor":14.0,"key":"Fruit Juice"},{"floor":16.0,"key":"BlessingOfTheForge"},{"floor":21.0,"key":"jedi:wingpotion"},{"floor":23.0,"key":"jedi:StrikingPotion"},{"floor":29.0,"key":"Fruit Juice"},{"floor":32.0,"key":"Milkshake"},{"floor":36.0,"key":"Explosive Potion"},{"floor":38.0,"key":"Adrenaline Potion"},{"floor":39.0,"key":"Languid Potion"},{"floor":42.0,"key":"Regen Potion"},{"floor":43.0,"key":"Guardian:BlockOnCardUsePotion"},{"floor":45,"key":"BlessingOfTheForge"},{"floor":47,"key":"Milkshake"},{"floor":49,"key":"SkillPotion"}],"is_trial":false,"path_per_floor":["R","E","R","M","R","M","MIM","R","?","E","M","M","?","M","M","B",null,"R","?","?","E","R","M","MIM","R","E","R","$","M","AVR","M","M","B",null,"R_BF","E","M","M","E","R","T","M","M","R","M","?","M","?","M","B"],"character_chosen":"THE_SPIRIT","items_purchased":["Apotheosis","Guide Book","hexamod:FourthSeal"],"campfire_rested":1,"item_purchase_floors":[28,28,34],"current_hp_per_floor":[70,45,45,28,62,86,83,83,29,4,4,4,4,9,9,9,95,95,95,95,80,80,78,76,76,64,64,64,55,55,38,16,16,97,97,88,79,63,35,35,35,34,34,34,29,29,26,26,26,0,0],"gold":594,"neow_bonus":"THREE_SMALL_POTIONS","is_daily":false,"chose_seed":false,"campfire_upgraded":6,"win_rate":0.0,"timestamp":1608497171,"path_taken":["R","E","R","M","R","M","MIM","R","?","E","M","?","?","M","M","BOSS","R","?","?","E","R","M","MIM","R","E","R","?","?","AVR","M","M","BOSS","R_BF","E","?","M","E","R","T","M","M","R","M","?","M","?","M","BOSS"],"items_purchased_type":["Card","Relic","Card"],"build_version":"2020-12-13","purchased_purges":0,"victory":false,"max_hp_per_floor":[70,70,70,70,80,90,90,90,90,90,90,90,90,95,95,95,95,95,95,95,95,95,95,95,95,95,95,95,100,100,100,100,100,97,97,107,107,107,107,107,107,107,107,107,107,107,107,107,107,107,107],"card_choices":[{"not_picked":["hexamod:HauntingEcho","hexamod:CatchUp","hexamod:StepThrough"],"picked":"SKIP","floor":0.0},{"not_picked":["hexamod:EmpoweringStance","hexamod:ThermalTransfer"],"picked":"hexamod:ExtraCrispy","floor":2.0},{"not_picked":["hexamod:SecondSeal","hexamod:FirstSeal"],"picked":"hexamod:ThirdSeal","floor":2.0},{"not_picked":["hexamod:GhostShield","hexamod:Firestarter"],"picked":"Bomb","floor":2.0},{"not_picked":["hexamod:FirstSeal","hexamod:ThirdSeal"],"picked":"hexamod:SixthSeal","floor":4.0},{"not_picked":["hexamod:RainOfEmbers","hexamod:HauntingEcho"],"picked":"hexamod:RadiantFlame","floor":4.0},{"not_picked":["hexamod:ChargedBarrage","hexamod:SoulSteal"],"picked":"hexamod:HauntingEcho","floor":6.0},{"not_picked":["hexamod:FourthSeal","hexamod:ThirdSeal"],"picked":"hexamod:SecondSeal","floor":6.0},{"not_picked":["hexamod:BacktrackSmack","hexamod:GhostShield","hexamod:NightmareGuise"],"picked":"SKIP","floor":6.0},{"not_picked":["hexamod:SpectralAdrenaline","hexamod:ExtraCrispy"],"picked":"hexamod:ParanormalForm","floor":7.0},{"not_picked":["hexamod:GhostShield","hexamod:ThermalTransfer"],"picked":"Bomb","floor":7.0},{"not_picked":["hexamod:GhostflameInferno","hexamod:GhostShield"],"picked":"Bomb","floor":10.0},{"not_picked":["hexamod:TimeOfNeed","hexamod:HauntingEcho"],"picked":"hexamod:HeatShield","floor":10.0},{"not_picked":["hexamod:InspiringFlames","hexamod:Hexaguard"],"picked":"hexamod:ChargedBarrage","floor":11.0},{"not_picked":["hexamod:HauntingEcho","hexamod:InspiringFlames"],"picked":"hexamod:SpectersWail","floor":12.0},{"not_picked":["hexamod:Again","hexamod:HauntingEcho"],"picked":"Bomb","floor":13.0},{"not_picked":["hexamod:AdvancingGuard","hexamod:NecessarySacrifice"],"picked":"Bomb","floor":14.0},{"not_picked":["hexamod:Firestarter","hexamod:Again","hexamod:AdvancingGuard"],"picked":"SKIP","floor":14.0},{"not_picked":["hexamod:InspiringFlames","hexamod:Haunt"],"picked":"hexamod:FastForward","floor":15.0},{"not_picked":["hexamod:TimeOfNeed","hexamod:HexaLevel"],"picked":"hexamod:VolcanoVisage","floor":16.0},{"not_picked":["hexamod:SwordOfDarkness","hexamod:NightmareStrike","hexamod:AdvancingGuard"],"picked":"SKIP","floor":21.0},{"not_picked":["hexamod:InspiringFlames","hexamod:Incineration","hexamod:BurningTouch"],"picked":"SKIP","floor":21.0},{"not_picked":["hexamod:NightmareStrike","hexamod:SoulSteal"],"picked":"hexamod:ExtraCrispy","floor":23.0},{"not_picked":["hexamod:HauntingEcho+1","hexamod:RainOfEmbers"],"picked":"hexamod:SpectersWail","floor":23.0},{"not_picked":["hexamod:Haunt","hexamod:CatchUp"],"picked":"hexamod:FastForward+1","floor":24.0},{"not_picked":["hexamod:Hexaguard","hexamod:AdvancingGuard"],"picked":"hexamod:TimeOfNeed","floor":24.0},{"not_picked":["hexamod:CrushingStance","hexamod:SecondSeal"],"picked":"hexamod:SpectersWail","floor":26.0},{"not_picked":["hexamod:Firestarter","hexamod:RecurringNightmare"],"picked":"hexamod:RadiantFlame+1","floor":26.0},{"not_picked":["hexamod:BurningTouch","hexamod:GhostShield"],"picked":"hexamod:SpectersWail","floor":28.0},{"not_picked":["hexamod:StepThrough","hexamod:ThermalTransfer"],"picked":"hexamod:ChargedBarrage","floor":29.0},{"not_picked":["hexamod:NightmareGuise+1","hexamod:BurningTouch"],"picked":"hexamod:SkipABeat","floor":29.0},{"not_picked":["hexamod:SwordOfDarkness","hexamod:Firestarter"],"picked":"hexamod:HauntingEcho","floor":31.0},{"not_picked":["hexamod:GhostShield","hexamod:InspiringFlames+1","hexamod:NightmareGuise"],"picked":"SKIP","floor":32.0},{"not_picked":["hexamod:GhostLash","hexamod:ShieldOfDarkness+1","hexamod:NightmareGuise"],"picked":"SKIP","floor":32.0},{"not_picked":["hexamod:HexaLevel","hexamod:CrushingStance"],"picked":"hexamod:VolcanoVisage","floor":33.0},{"not_picked":["hexamod:DynamicBlow+1","hexamod:HeatMetal"],"picked":"hexamod:GhostOfSpireFuture+1","floor":36.0},{"not_picked":["hexamod:ExtraCrispy","hexamod:SecondSeal"],"picked":"hexamod:SpectersWail+1","floor":37.0},{"not_picked":["hexamod:ExtraCrispy+1","hexamod:HauntingEcho"],"picked":"hexamod:FirstSeal","floor":38.0},{"not_picked":["hexamod:ShieldOfDarkness","hexamod:GhostShield+1"],"picked":"hexamod:FourthSeal","floor":38.0},{"not_picked":["hexamod:Hexaguard+1","hexamod:GhostLash"],"picked":"hexamod:RadiantFlame+1","floor":39.0},{"not_picked":["hexamod:PhantomFireball","hexamod:ShieldOfDarkness","hexamod:RainOfEmbers+1"],"picked":"SKIP","floor":39.0},{"not_picked":["hexamod:HexaLevel","hexamod:RainOfEmbers+1"],"picked":"hexamod:SpectersWail","floor":42.0},{"not_picked":["hexamod:ThermalTransfer","hexamod:AdvancingGuard+1"],"picked":"hexamod:FastForward+1","floor":42.0},{"not_picked":["hexamod:NecessarySacrifice+1","hexamod:BacktrackSmack+1"],"picked":"hexamod:CatchUp+1","floor":43.0},{"not_picked":["hexamod:AdvancingGuard+1","hexamod:GhostShield","hexamod:PhantomCloak"],"picked":"SKIP","floor":45},{"not_picked":["hexamod:RetreatToShadows+1","hexamod:Hexaguard","hexamod:InspiringFlames+1"],"picked":"SKIP","floor":45},{"not_picked":["hexamod:AdvancingGuard+1","hexamod:GhostShield","hexamod:PhantomCloak"],"picked":"SKIP","floor":45},{"not_picked":["hexamod:RetreatToShadows+1","hexamod:Hexaguard","hexamod:InspiringFlames+1"],"picked":"SKIP","floor":45},{"not_picked":["hexamod:NightmareGuise","hexamod:GhostOfSpireFuture+1"],"picked":"hexamod:ExtraCrispy+1","floor":47},{"not_picked":["hexamod:BurningTouch","hexamod:Firestarter+1"],"picked":"hexamod:HeatShield+1","floor":49}],"player_experience":190677,"relics_obtained":[{"floor":2.0,"key":"Lantern"},{"floor":7.0,"key":"halation:PrussianBluePaint"},{"floor":9.0,"key":"HollowMod:PaleOreRelic"},{"floor":9.0,"key":"hubris:BottledRain"},{"floor":10.0,"key":"conspire:BottledYoYo"},{"floor":13.0,"key":"Incense Burner"},{"floor":21.0,"key":"Girya"},{"floor":26.0,"key":"halation:PromiseList"},{"floor":36.0,"key":"Pear"},{"floor":39.0,"key":"InkBottle"},{"floor":41.0,"key":"CCEMRelics:WarHorn"}],"event_choices":[{"damage_healed":0.0,"max_hp_gain":0.0,"max_hp_loss":0.0,"gold_gain":0.0,"event_name":"HidenRoomEvent","player_choice":"Fight","floor":9.0,"gold_loss":0.0,"damage_taken":0.0},{"damage_healed":0.0,"max_hp_gain":0.0,"max_hp_loss":0.0,"gold_gain":0.0,"event_name":"Vampires","player_choice":"Ignored","floor":20.0,"gold_loss":0.0,"damage_taken":0.0}],"is_beta":false,"boss_relics":[{"not_picked":["halation:PlatinumPhoenix","hubris:BlackHole"],"picked":"Replay:Wanted Poster"},{"not_picked":[]},{"not_picked":["Ring of Chaos","halation:Yufonium"],"picked":"hubris:ScarierMask"},{"not_picked":[]}],"items_purged_floors":[],"is_endless":false,"potions_floor_spawned":[10,11,13,14,16,21,23,29,32,36,45,47,49],"killed_by":"downfall:Silent","ascension_level":0}}