{"host":"19kf8tqwqindyscq","time":1608440832,"event":{"mods":["2.2 Compatiblity","BaseMod","Colored Map","Colored Powertips","Conspire","Downfall","Hermit","Hubris","Infinite Spire","Minty Spire (QoL Compilation)","Quick Restart","Rare Cards Sparkle","Replay The Spire","StSLib","SuperFastMode","The Bladedancer","The Bug Knight","The Construct","The Cursed","The Disciple","The Hierophant","The Mystic","The Necromancer","The Runesmith","The Servant 0.9.4"],"gold_per_floor":[109,62,80,96,111,137,86,86,134,153,153,167,183,274,274,374,374,390,390,405,417,342,342,369,369,415,435,450,461,461,461,461,474,474,572,572,587,587,605,397,410,410,441,491,491,491,491,509,164,164,164,164],"floor_reached":53,"playtime":3909,"items_purged":["TheCursedMod:Strike_TheCursed","Delirium"],"score":686,"play_id":"b79671fc-437d-42e5-b0d8-fab64bb8ccb7","local_time":"20201220020712","is_ascension_mode":false,"campfire_choices":[{"floor":8,"key":"RECALL"},{"floor":11,"key":"REST"},{"floor":15,"key":"REST"},{"floor":23,"key":"REST"},{"data":"TheCursedMod:NeowsMight","floor":25,"key":"SMITH"},{"floor":30,"key":"REST"},{"data":"TheCursedMod:LuckyCharm","floor":34,"key":"SMITH"},{"floor":42,"key":"REST"},{"floor":47,"key":"REST"},{"floor":51,"key":"REST"}],"circlet_count":0,"master_deck":["TheCursedMod:Defend_TheCursed","TheCursedMod:Defend_TheCursed+1","TheCursedMod:Defend_TheCursed","TheCursedMod:CursedWand","TheCursedMod:CleanUpWorkshop+1","TheCursedMod:Dregs","TheCursedMod:SurpriseAttack","TheCursedMod:SurpriseAttack","TheCursedMod:LuckyCharm+1","TheCursedMod:SoulCrush","TheCursedMod:CursedBoomerang","TheCursedMod:SpitefulStrike","TheCursedMod:ManaBullet","TheCursedMod:SpitefulStrike","ReplayTheSpireMod:Splinters","TheCursedMod:SurpriseAttack","TheCursedMod:FleshFromBone","TheCursedMod:NeowsMight+1","TheCursedMod:HellsGateOpen","TheCursedMod:CursedShiv","TheCursedMod:SurpriseAttack","TheCursedMod:CursedShiv","TheCursedMod:Grudge+1","TheCursedMod:ReleasedStrength+1","TheCursedMod:ManaCirculation","Decay","TheCursedMod:PrepareRite+1","infinitespire:NeuralNetwork","TheCursedMod:WearCloak+1","TheCursedMod:LuckyCharm","TheCursedMod:LuckyCharm","TheCursedMod:HellfireBreathing+1","TheCursedMod:TroublousMinions+1","TheCursedMod:SurpriseAttack"],"relics":["TheCursedMod:BlackMagic101","Runesmith:AutoHammer","Lantern","hubris:VirtuousBlindfold","Boot","Regal Pillow","Art of War","Kintsugi","conspire:Boomerang","PreservedInsect","War Paint","Replay:PocketPolymizer","Replay:Ringing Soul","Nunchaku","Blood Vial"],"acts_visited":["Exordium","TheCity","TheBeyond"],"potions_floor_usage":[12,12,16,27,35,39,43,44],"damage_taken":[{"damage":0,"enemies":"Cultist","floor":1,"turns":5},{"damage":0,"enemies":"Jaw Worm","floor":3,"turns":3},{"damage":2,"enemies":"2 Louse","floor":4,"turns":3},{"damage":5,"enemies":"Lots of Slimes","floor":5,"turns":7},{"damage":17,"enemies":"3 Sentries","floor":6,"turns":9},{"damage":5,"enemies":"Exordium Thugs","floor":10,"turns":4},{"damage":11,"enemies":"Exordium Wildlife","floor":12,"turns":2},{"damage":0,"enemies":"Red Slaver","floor":13,"turns":4},{"damage":33,"enemies":"Fading Forest","floor":16,"turns":11},{"damage":0,"enemies":"Chosen","floor":18,"turns":3},{"damage":7,"enemies":"3 Byrds","floor":20,"turns":4},{"damage":23,"enemies":"Snake Plant","floor":21,"turns":4},{"damage":15,"enemies":"HollowMod:Nosk","floor":24,"turns":4},{"damage":1,"enemies":"3 Cultists","floor":27,"turns":6},{"damage":1,"enemies":"Cultist and Chosen","floor":28,"turns":5},{"damage":7,"enemies":"conspire:HollyBat","floor":29,"turns":6},{"damage":2,"enemies":"Centurion and Healer","floor":33,"turns":3},{"damage":26,"enemies":"Champ","floor":35,"turns":8},{"damage":2,"enemies":"3 Shapes","floor":37,"turns":3},{"damage":22,"enemies":"3 Darklings","floor":39,"turns":3},{"damage":29,"enemies":"Transient","floor":41,"turns":5},{"damage":42,"enemies":"Nemesis","floor":43,"turns":3},{"damage":9,"enemies":"Mind Bloom Boss Battle","floor":44,"turns":5},{"damage":24,"enemies":"Sphere and 2 Shapes","floor":48,"turns":4},{"damage":36,"enemies":"Time Eater","floor":52,"turns":10}],"seed_played":"1921454580483699551","potions_obtained":[{"floor":3,"key":"LiquidBronze"},{"floor":5,"key":"EssenceOfSteel"},{"floor":12,"key":"Reflective Coating"},{"floor":13,"key":"Elixir"},{"floor":16,"key":"construct:ShiftPotion"},{"floor":18,"key":"Energy Potion"},{"floor":20,"key":"Adrenaline Potion"},{"floor":28,"key":"Venom Potion"},{"floor":35,"key":"champ:CounterPotion"},{"floor":39,"key":"FearPotion"},{"floor":48,"key":"champ:CounterPotion"}],"is_trial":false,"path_per_floor":["M","$","M","M","M","E","$","R","T","M","R","M","M","?","R","B",null,"M","?","M","M","$","R","E","R","T","M","M","M","R","PTL","PTL","M","R","B",null,"M","AVR","M","$","M","R","E","?","T","?","R","M","$","?","R","B",null],"character_chosen":"THE_CURSED","items_purchased":["TheCursedMod:SurpriseAttack","TheCursedMod:SpitefulStrike","TheCursedMod:LuckyCharm","PreservedInsect","Nunchaku","Blood Vial","TheCursedMod:SurpriseAttack"],"campfire_rested":7,"item_purchase_floors":[2,7,40,40,49,49,49],"current_hp_per_floor":[82,82,82,80,75,58,58,58,58,53,77,66,66,66,82,53,82,82,82,75,52,52,76,61,61,61,60,59,52,82,82,82,80,80,54,82,80,80,58,58,29,68,26,17,17,17,56,32,35,35,75,41],"gold":164,"neow_bonus":"TEN_PERCENT_HP_BONUS","is_daily":false,"chose_seed":false,"campfire_upgraded":2,"win_rate":0.0,"timestamp":1608440832,"path_taken":["M","?","M","?","M","E","$","R","T","M","R","M","M","?","R","BOSS","M","?","M","M","$","R","E","R","T","?","M","M","R","PTL","PTL","M","R","BOSS","M","AVR","M","$","M","R","E","?","T","?","R","?","?","?","R","BOSS"],"items_purchased_type":["Card","Card","Card","Relic","Relic","Relic","Card"],"build_version":"2020-12-13","purchased_purges":2,"victory":true,"max_hp_per_floor":[82,82,82,82,82,82,82,82,82,82,82,82,82,82,82,82,82,82,82,82,82,82,82,82,82,82,82,82,82,82,82,82,82,82,82,82,82,82,82,82,82,82,82,82,82,82,82,82,85,85,85,85],"card_choices":[{"not_picked":["TheCursedMod:PrepareRite","TheCursedMod:FuryStrike"],"picked":"TheCursedMod:SurpriseAttack","floor":1},{"not_picked":["TheCursedMod:RapidMovement","TheCursedMod:Stigma"],"picked":"TheCursedMod:LuckyCharm","floor":3},{"not_picked":["TheCursedMod:Obscuration","TheCursedMod:UltimatePain","TheCursedMod:CircleOfFlame"],"picked":"SKIP","floor":4},{"not_picked":["TheCursedMod:SurpriseAttack","TheCursedMod:Stigma"],"picked":"TheCursedMod:SoulCrush","floor":5},{"not_picked":["TheCursedMod:SurpriseAttack","TheCursedMod:Obscuration"],"picked":"TheCursedMod:CursedBoomerang","floor":6},{"not_picked":["TheCursedMod:HellsGateOpen","TheCursedMod:AbyssShockwave"],"picked":"TheCursedMod:ManaBullet","floor":10},{"not_picked":["TheCursedMod:SmokeScreen","TheCursedMod:EmpowerCircles"],"picked":"TheCursedMod:SpitefulStrike","floor":12},{"not_picked":["TheCursedMod:SmokeScreen","TheCursedMod:FuryStrike","TheCursedMod:SaltUponWound"],"picked":"SKIP","floor":13},{"not_picked":["TheCursedMod:Mangle","TheCursedMod:VitalStrike"],"picked":"TheCursedMod:SurpriseAttack","floor":14},{"not_picked":["TheCursedMod:Stigma","TheCursedMod:Torture"],"picked":"TheCursedMod:FleshFromBone","floor":14},{"not_picked":["TheCursedMod:ManaCirculation","TheCursedMod:ShockAndAwe"],"picked":"TheCursedMod:NeowsMight","floor":16},{"not_picked":["TheCursedMod:PrepareRite","TheCursedMod:Evocation"],"picked":"TheCursedMod:HellsGateOpen","floor":18},{"not_picked":["TheCursedMod:TacticalStrike","TheCursedMod:CursedMace"],"picked":"TheCursedMod:CursedShiv","floor":20},{"not_picked":["TheCursedMod:RapidMovement","TheCursedMod:WearCloak"],"picked":"TheCursedMod:SurpriseAttack","floor":21},{"not_picked":["TheCursedMod:VitalStrike","TheCursedMod:CursedStaff+1","TheCursedMod:AshesToAshes"],"picked":"SKIP","floor":24},{"not_picked":["TheCursedMod:TacticalStrike","TheCursedMod:CircleOfFlame"],"picked":"TheCursedMod:CursedShiv","floor":27},{"not_picked":["TheCursedMod:CircleOfAmplification","TheCursedMod:AbyssShockwave"],"picked":"TheCursedMod:Grudge+1","floor":28},{"not_picked":["TheCursedMod:SmokeScreen","TheCursedMod:CircleOfWindfury"],"picked":"TheCursedMod:ReleasedStrength+1","floor":29},{"not_picked":["TheCursedMod:Stretching+1","TheCursedMod:CursedBlade+1"],"picked":"TheCursedMod:Wield","floor":33},{"not_picked":["TheCursedMod:DarkBarrier","TheCursedMod:ParallelWorld"],"picked":"TheCursedMod:ManaCirculation","floor":35},{"not_picked":["TheCursedMod:SmokeScreen+1","TheCursedMod:CursedMace"],"picked":"TheCursedMod:PrepareRite+1","floor":37},{"not_picked":["TheCursedMod:HellsGateOpen","TheCursedMod:SoulReap"],"picked":"TheCursedMod:WearCloak+1","floor":39},{"not_picked":["TheCursedMod:Torture+1","TheCursedMod:LuckyCharm+1","TheCursedMod:DoubleShield+1"],"picked":"SKIP","floor":41},{"not_picked":["TheCursedMod:CircleOfFlame","TheCursedMod:Obscuration+1"],"picked":"TheCursedMod:HellfireBreathing+1","floor":43},{"not_picked":["TheCursedMod:Wield","TheCursedMod:AbyssShockwave+1"],"picked":"TheCursedMod:TroublousMinions+1","floor":44},{"not_picked":["TheCursedMod:Stretching","TheCursedMod:EmpowerCircles+1","TheCursedMod:Torture"],"picked":"SKIP","floor":48}],"player_experience":153273,"relics_obtained":[{"floor":6,"key":"Runesmith:AutoHammer"},{"floor":14,"key":"Lantern"},{"floor":24,"key":"Regal Pillow"},{"floor":26,"key":"Art of War"},{"floor":43,"key":"War Paint"},{"floor":44,"key":"Replay:PocketPolymizer"},{"floor":45,"key":"Replay:Ringing Soul"}],"event_choices":[{"damage_healed":0,"gold_gain":0,"player_choice":"Gave Potion","damage_taken":0,"relics_obtained":["Boot"],"max_hp_gain":0,"max_hp_loss":0,"event_name":"WeMeetAgain","floor":19,"gold_loss":0},{"damage_healed":0,"gold_gain":0,"player_choice":"Fight","damage_taken":0,"max_hp_gain":0,"max_hp_loss":0,"event_name":"MindBloom","floor":44,"gold_loss":0},{"damage_healed":0,"gold_gain":0,"player_choice":"Ignored","damage_taken":0,"max_hp_gain":0,"max_hp_loss":0,"event_name":"Fountain of Cleansing","floor":46,"gold_loss":0},{"damage_healed":0,"gold_gain":0,"player_choice":"Memory 1","damage_taken":0,"max_hp_gain":0,"max_hp_loss":0,"event_name":"SensoryStone","floor":50,"gold_loss":0}],"is_beta":false,"boss_relics":[{"not_picked":["construct:WeddingRing","ChewingGum"],"picked":"hubris:VirtuousBlindfold"},{"not_picked":["Replay:Grab Bag","hubris:RunicObelisk"],"picked":"Kintsugi"}],"items_purged_floors":[22,38],"is_endless":false,"potions_floor_spawned":[3,5,12,13,16,18,20,28,35,39,48],"ascension_level":0}}