{"host":"zdznbz1vk7bo8bwe","time":1608441612,"event":{"mods":["Act Like it!","Aspiration","BaseMod","Better-Laid Plans","Block Reminder","Conspire","Custom Start","Defuse TimeMaze Blight","Ekko","Elementarium","Energized Spire","Gensokyo","Hubris","Infinite Spire","Jedi Mod","Jorbs\u0027s Wanderer Trilogy","Lobotomy","Menagerie","Minty Spire (QoL Compilation)","Rare Cards Sparkle","Replay The Spire","StSLib","The Animator","The Bug Knight","The Cursed","The Factory","The Jungle","The Vixen","Transform Curses","vexMod"],"gold_per_floor":[112,12,12,12,40,40,40,73,73,87,87,87,87,107,107,210,210,243,265,265,277,297,297,299,299],"floor_reached":24,"playtime":1595,"items_purged":["Pain"],"score":246,"play_id":"721382bb-91cf-4cd5-b6a5-2f7bddab4f95","local_time":"20201219212012","daily_mods":["SealedDeck","Heirloom","Lethality"],"is_ascension_mode":false,"campfire_choices":[{"data":"ekkoTheBoyWhoShatteredTime:MicCheck","floor":6,"key":"SMITH"},{"data":"ekkoTheBoyWhoShatteredTime:IcebornGauntlet","floor":11,"key":"SMITH"},{"data":"ekkoTheBoyWhoShatteredTime:PhaseDive","floor":15,"key":"SMITH"},{"data":"ekkoTheBoyWhoShatteredTime:HailOfBlades","floor":23,"key":"SMITH"}],"circlet_count":0,"master_deck":["ekkoTheBoyWhoShatteredTime:Greed","ekkoTheBoyWhoShatteredTime:WideSlice","ekkoTheBoyWhoShatteredTime:CommittedStrike","ekkoTheBoyWhoShatteredTime:PhaseDive+1","ekkoTheBoyWhoShatteredTime:HextechProtobelt","ekkoTheBoyWhoShatteredTime:HailOfBlades+1","ekkoTheBoyWhoShatteredTime:IcebornGauntlet+1","ekkoTheBoyWhoShatteredTime:MicCheck+1","ekkoTheBoyWhoShatteredTime:NaggingBlow","ekkoTheBoyWhoShatteredTime:FeelIt","ekkoTheBoyWhoShatteredTime:FeelIt","ekkoTheBoyWhoShatteredTime:HauntingGuise","ekkoTheBoyWhoShatteredTime:CommittedStrike","ekkoTheBoyWhoShatteredTime:HextechProtobelt","ekkoTheBoyWhoShatteredTime:HextechProtobelt","ekkoTheBoyWhoShatteredTime:PulsefirePooling","ekkoTheBoyWhoShatteredTime:Dash+1","ekkoTheBoyWhoShatteredTime:PhaseDive"],"relics":["ekkoTheBoyWhoShatteredTime:zDriveResonance","hubris:GlazedTorus","infinitespire:Midas Blood","Gensokyo:LunaticRedEyes","aspiration:AnachronicSnailShell","Bottled Tornado","energizedSpire:MagnifyingGlass","Toolbox"],"acts_visited":["Gensokyo:Gensokyo","Gensokyo:Gensokyoer"],"potions_floor_usage":[],"damage_taken":[{"damage":0,"enemies":"Gensokyo:3_Fairies","floor":1,"turns":2},{"damage":6,"enemies":"Gensokyo:Python","floor":5,"turns":1},{"damage":3,"enemies":"Gensokyo:Aya","floor":8,"turns":1},{"damage":0,"enemies":"Gensokyo:2_Kodama","floor":10,"turns":1},{"damage":5,"enemies":"Gensokyo:VengefulSpirit","floor":14,"turns":2},{"damage":0,"enemies":"Gensokyo:Reimu","floor":16,"turns":3},{"damage":7,"enemies":"Gensokyo:3_Dogs","floor":18,"turns":2},{"damage":3,"enemies":"Gensokyo:AngelMirror","floor":19,"turns":1},{"damage":0,"enemies":"Gensokyo:Slime_Group","floor":21,"turns":2},{"damage":0,"enemies":"Gensokyo:Swordslinger","floor":22,"turns":1}],"seed_played":"-6223035926767294735","potions_obtained":[{"floor":5,"key":"SkillPotion"},{"floor":13,"key":"ekkoTheBoyWhoShatteredTime:BottledSheen"},{"floor":14,"key":"Block Potion"},{"floor":21,"key":"FearPotion"}],"is_trial":true,"path_per_floor":["M","?","?","T","M","R","$","E","T","M","R","?","?","M","R","B",null,"M","M","AVR","M","M","R","?"],"character_chosen":"EKKO_THE_BOY_WHO_SHATTERED_TIME","items_purchased":[],"campfire_rested":0,"item_purchase_floors":[],"current_hp_per_floor":[78,78,78,78,72,72,72,69,69,69,69,69,69,64,64,64,78,71,68,68,68,68,68,0,0],"gold":299,"neow_bonus":"","is_daily":false,"chose_seed":false,"campfire_upgraded":4,"win_rate":0.0,"timestamp":1608441612,"path_taken":["M","?","?","?","M","R","$","E","T","?","R","?","?","M","R","BOSS","M","M","AVR","M","M","R","?"],"items_purchased_type":[],"build_version":"2020-12-13","purchased_purges":1,"victory":false,"max_hp_per_floor":[78,78,78,78,78,78,78,78,78,78,78,78,78,78,78,78,78,78,78,78,78,78,78,78,78],"card_choices":[{"not_picked":["ekkoTheBoyWhoShatteredTime:AfterimageBait","ekkoTheBoyWhoShatteredTime:CalmingWaves"],"picked":"ekkoTheBoyWhoShatteredTime:FeelIt","floor":1},{"not_picked":["ekkoTheBoyWhoShatteredTime:AfterimageBait","ekkoTheBoyWhoShatteredTime:Vibin"],"picked":"ekkoTheBoyWhoShatteredTime:HauntingGuise","floor":5},{"not_picked":["ekkoTheBoyWhoShatteredTime:Discharge","ekkoTheBoyWhoShatteredTime:AfterimageHit"],"picked":"ekkoTheBoyWhoShatteredTime:CommittedStrike","floor":8},{"not_picked":["ekkoTheBoyWhoShatteredTime:DuplicateTimelines","ekkoTheBoyWhoShatteredTime:Leap"],"picked":"ekkoTheBoyWhoShatteredTime:HextechProtobelt","floor":10},{"not_picked":["ekkoTheBoyWhoShatteredTime:DelayedWork","ekkoTheBoyWhoShatteredTime:NaggingBlow"],"picked":"ekkoTheBoyWhoShatteredTime:HextechProtobelt","floor":14},{"not_picked":["ekkoTheBoyWhoShatteredTime:Discharge","ekkoTheBoyWhoShatteredTime:TrinityForce"],"picked":"ekkoTheBoyWhoShatteredTime:PulsefirePooling","floor":16},{"not_picked":["ekkoTheBoyWhoShatteredTime:ParallelConvergence","ekkoTheBoyWhoShatteredTime:QuickBreak","ekkoTheBoyWhoShatteredTime:DefensiveStance"],"picked":"SKIP","floor":18},{"not_picked":["ekkoTheBoyWhoShatteredTime:SneakHit+1","ekkoTheBoyWhoShatteredTime:NaggingBlow+1"],"picked":"ekkoTheBoyWhoShatteredTime:Dash+1","floor":19},{"not_picked":["ekkoTheBoyWhoShatteredTime:NaggingBlow","ekkoTheBoyWhoShatteredTime:CommittedStrike"],"picked":"ekkoTheBoyWhoShatteredTime:PhaseDive","floor":21},{"not_picked":["ekkoTheBoyWhoShatteredTime:AfterimageHit+1","ekkoTheBoyWhoShatteredTime:LoadUp+1","ekkoTheBoyWhoShatteredTime:HauntedAfterimage+1"],"picked":"SKIP","floor":22},{"not_picked":["ekkoTheBoyWhoShatteredTime:AfterimageHit+1","ekkoTheBoyWhoShatteredTime:LoadUp+1","ekkoTheBoyWhoShatteredTime:HauntedAfterimage+1"],"picked":"SKIP","floor":22}],"player_experience":9041,"relics_obtained":[{"floor":8,"key":"aspiration:AnachronicSnailShell"},{"floor":9,"key":"Bottled Tornado"}],"event_choices":[{"damage_healed":0,"gold_gain":0,"player_choice":"Leave","damage_taken":0,"max_hp_gain":0,"max_hp_loss":0,"event_name":"conspire:Investor","floor":12,"gold_loss":0}],"is_beta":false,"boss_relics":[{"not_picked":["ReplayTheSpireMod:DimensionalGlitch","Runic Pyramid"],"picked":"energizedSpire:MagnifyingGlass"}],"items_purged_floors":[20],"is_endless":false,"potions_floor_spawned":[5,14,19,21],"ascension_level":0}}