{"host":"juowtv2vvb0b99ex","time":1608492294,"event":{"mods":["BaseMod","Colored Map","Downfall","Minty Spire (QoL Compilation)","Quick Restart","StSLib"],"gold_per_floor":[99,131,131,131,231,231,255,281,281,314,331,346,363,27,44,141,141,141,174,174,274,549,584,584,597,608,641,565,575,587,600,610,711,711,711,729,761,125,125,158,182,107,138,63,63,78,78,78,97,97],"floor_reached":51,"playtime":3148,"items_purged":["Regret","Slimebound:RollThrough"],"score":1498,"play_id":"be0aa7f1-2b5e-4fab-9a97-96874a12ff6d","local_time":"20201220122454","is_ascension_mode":true,"campfire_choices":[{"data":"Slimebound:CorrosiveSpit","floor":1.0,"key":"SMITH"},{"data":"Slimebound:Split","floor":6.0,"key":"SMITH"},{"data":"Slimebound:OneTwoCombo","floor":9.0,"key":"SMITH"},{"data":"expansioncontent:StudyTheSpire","floor":18.0,"key":"SMITH"},{"data":"Slimebound:DuplicatedForm","floor":35.0,"key":"SMITH"},{"data":"Slimebound:Recycling","floor":39.0,"key":"SMITH"},{"data":"Slimebound:ProtectTheBoss","floor":42.0,"key":"SMITH"},{"data":"Slimebound:LeadByExample","floor":44.0,"key":"SMITH"}],"circlet_count":0,"master_deck":["AscendersBane","Slimebound:Defend_Slimebound","Slimebound:Defend_Slimebound","Slimebound:Defend_Slimebound","Slimebound:Split+1","Slimebound:CorrosiveSpit+1","Slimebound:SplitMire","Slimebound:LevelUp+1","Slimebound:PressTheAttack","Slimebound:OneTwoCombo+1","Slimebound:SlimeBrawl","Slimebound:SamplingLick","Slimebound:SlimeTap","Slimebound:Replication+1","expansioncontent:StudyTheSpire+1","Slimebound:RejuvenatingLick","Slimebound:TagTeam","Slimebound:GoopSpray+1","Slimebound:Dissolve+1","Slimebound:FormOfPuddle+1","Slimebound:SplitMire","Slimebound:HauntingLick+1","Slimebound:SplitAcid+1","Slimebound:SplitBruiser+1","Slimebound:Overexert","Slimebound:TagTeam","Slimebound:SlimeSpikes+1","Slimebound:DuplicatedForm+1","Slimebound:LeadByExample+1","Slimebound:SamplingLick+1","Slimebound:Recycling+1","Slimebound:SplitBruiser+1","Slimebound:ProtectTheBoss+1","expansioncontent:LastStand","expansioncontent:BronzeBeam","expansioncontent:YouAreMine+1","Slimebound:Replication+1"],"relics":["Slimebound:AbsorbEndCombat","downfall:HeartsMalice","Mango","PreservedInsect","Blood Vial","Thread and Needle","Bag of Preparation","Astrolabe","HornCleat","Ginger","Toxic Egg 2","Regal Pillow","Slimebound:PotencyRelic","Pantograph","ClockworkSouvenir","Busted Crown","Bronze Scales","Mummified Hand","Singing Bowl","Incense Burner","downfall:HeartBlessingBlue","Ice Cream","downfall:HeartBlessingGreen"],"acts_visited":["Exordium","TheCity","TheBeyond"],"potions_floor_usage":[],"damage_taken":[{"damage":0.0,"enemies":"3 Sentries","floor":2.0,"turns":1.0},{"damage":0.0,"enemies":"Small Slimes","floor":4.0,"turns":1.0},{"damage":0.0,"enemies":"downfall:Heads","floor":5.0,"turns":1.0},{"damage":28.0,"enemies":"Gremlin Nob","floor":8.0,"turns":3.0},{"damage":27.0,"enemies":"Lagavulin","floor":10.0,"turns":5.0},{"damage":4.0,"enemies":"Jaw Worm","floor":11.0,"turns":1.0},{"damage":8.0,"enemies":"2 Louse","floor":12.0,"turns":2.0},{"damage":18.0,"enemies":"Exordium Thugs","floor":13.0,"turns":4.0},{"damage":16.0,"enemies":"downfall:FleeingMerchant","floor":14.0,"turns":4.0},{"damage":12.0,"enemies":"Gremlin Gang","floor":15.0,"turns":2.0},{"damage":21.0,"enemies":"downfall:Watcher","floor":16.0,"turns":6.0},{"damage":36.0,"enemies":"Book of Stabbing","floor":19.0,"turns":3.0},{"damage":29.0,"enemies":"downfall:Silent","floor":21.0,"turns":4.0},{"damage":30.0,"enemies":"Gremlin Leader","floor":23.0,"turns":3.0},{"damage":19.0,"enemies":"3 Byrds","floor":25.0,"turns":3.0},{"damage":12.0,"enemies":"3 Cultists","floor":26.0,"turns":3.0},{"damage":20.0,"enemies":"Book of Stabbing","floor":27.0,"turns":1.0},{"damage":20.0,"enemies":"downfall:FleeingMerchant","floor":28.0,"turns":3.0},{"damage":4.0,"enemies":"Snake Plant","floor":29.0,"turns":2.0},{"damage":12.0,"enemies":"Centurion and Healer","floor":30.0,"turns":3.0},{"damage":27.0,"enemies":"Snecko","floor":31.0,"turns":2.0},{"damage":8.0,"enemies":"Shelled Parasite and Fungi","floor":32.0,"turns":1.0},{"damage":84.0,"enemies":"downfall:Ironclad","floor":33.0,"turns":6.0},{"damage":29.0,"enemies":"3 Darklings","floor":36.0,"turns":3.0},{"damage":29.0,"enemies":"Giant Head","floor":37.0,"turns":4.0},{"damage":43.0,"enemies":"Nemesis","floor":40.0,"turns":3.0},{"damage":39.0,"enemies":"Giant Head","floor":43.0,"turns":3.0},{"damage":20.0,"enemies":"3 Shapes","floor":46.0,"turns":3.0},{"damage":39.0,"enemies":"Transient","floor":49.0,"turns":5.0},{"damage":50,"enemies":"downfall:Silent","floor":50,"turns":4}],"seed_played":"6324776072978851592","potions_obtained":[{"floor":8.0,"key":"BlessingOfTheForge"},{"floor":11.0,"key":"ColorlessPotion"},{"floor":12.0,"key":"Fruit Juice"},{"floor":13.0,"key":"SteroidPotion"},{"floor":19.0,"key":"Strength Potion"},{"floor":23.0,"key":"SkillPotion"},{"floor":25.0,"key":"champ:CounterPotion"},{"floor":32.0,"key":"sneckomod:MuddlingPotion"},{"floor":36.0,"key":"Energy Potion"}],"is_trial":false,"path_per_floor":["R","E","?","M","?","R","T","E","R","E","M","M","M","$","M","B",null,"R","E","?","?","?","E","T","M","M","E","$","M","M","M","M","B",null,"R","M","E","$","R","E","T","R","E","R","?","M","?","?","M","B",null],"character_chosen":"SLIMEBOUND","items_purchased":["expansioncontent:StudyTheSpire","Bag of Preparation","Slimebound:DuplicatedForm","ClockworkSouvenir","Mummified Hand","Singing Bowl","Slimebound:SplitBruiser+1"],"campfire_rested":0,"item_purchase_floors":[14,14,28,28,38,38,38],"current_hp_per_floor":[54,68,73,73,73,73,73,63,63,54,60,67,71,83,84,80,83,83,66,66,71,71,73,73,84,84,80,84,84,84,84,84,45,74,74,65,78,78,78,61,61,71,87,87,77,86,86,86,98,82],"gold":97,"neow_bonus":"THREE_ENEMY_KILL","is_daily":false,"chose_seed":false,"campfire_upgraded":8,"win_rate":0.0,"timestamp":1608492294,"path_taken":["R","E","?","M","?","R","T","E","R","E","M","M","M","$","M","BOSS","R","E","?","?","?","E","T","M","M","E","$","?","?","M","M","BOSS","R","M","E","$","R","E","T","R","E","R","?","M","?","?","M","BOSS"],"items_purchased_type":["Card","Relic","Card","Relic","Relic","Relic","Card"],"build_version":"2020-12-13","purchased_purges":2,"victory":true,"max_hp_per_floor":[60,74,79,79,79,79,79,79,79,79,79,84,84,84,84,84,84,84,84,84,84,84,84,84,84,84,84,84,84,84,84,84,84,84,84,84,84,84,84,84,84,94,96,96,96,96,96,96,98,98],"card_choices":[{"not_picked":["Slimebound:BestDefense","Slimebound:AcidTongue"],"picked":"Slimebound:SplitMire","floor":2.0},{"not_picked":["Slimebound:LeechingTouch","Slimebound:ViciousTackle"],"picked":"Slimebound:LevelUp","floor":4.0},{"not_picked":["Slimebound:ViciousTackle","Slimebound:HauntingLick"],"picked":"Slimebound:PressTheAttack","floor":5.0},{"not_picked":["Slimebound:Schlurp","Slimebound:GoopSpray"],"picked":"Slimebound:OneTwoCombo","floor":8.0},{"not_picked":["Slimebound:FinishingTackle","Slimebound:LeechingTouch","Slimebound:DouseInSlime"],"picked":"SKIP","floor":10.0},{"not_picked":["Slimebound:Schlurp","Slimebound:RollThrough"],"picked":"Slimebound:SlimeBrawl","floor":11.0},{"not_picked":["Slimebound:ViciousTackle","Slimebound:Grow"],"picked":"Slimebound:SamplingLick","floor":12.0},{"not_picked":["Slimebound:FirmFortitude","Slimebound:DisruptingSlam"],"picked":"Slimebound:SlimeTap","floor":13.0},{"not_picked":["Slimebound:LeechingTouch","Slimebound:GrowthPunch"],"picked":"Slimebound:Replication","floor":14.0},{"not_picked":["Slimebound:RollThrough","Slimebound:Grow"],"picked":"Slimebound:RejuvenatingLick","floor":15.0},{"not_picked":["Slimebound:RallyTheTroops","Slimebound:Overexert"],"picked":"Slimebound:TagTeam","floor":16.0},{"not_picked":["Slimebound:GrowthPunch","Slimebound:Equalize"],"picked":"Slimebound:SplitMire","floor":19.0},{"not_picked":["Slimebound:ViciousTackle","Slimebound:SlimeTap+1"],"picked":"Slimebound:HauntingLick+1","floor":21.0},{"not_picked":["Slimebound:SplitMire+1","Slimebound:GoopSpray+1"],"picked":"Slimebound:SplitAcid+1","floor":23.0},{"not_picked":["Slimebound:ViciousTackle+1","Slimebound:ComboTackle"],"picked":"Slimebound:SplitBruiser+1","floor":25.0},{"not_picked":["Slimebound:TongueLash","Slimebound:SplitBruiser+1"],"picked":"Slimebound:Overexert","floor":26.0},{"not_picked":["Slimebound:PressTheAttack","Slimebound:GoopSpray+1"],"picked":"Slimebound:TagTeam","floor":27.0},{"not_picked":["Slimebound:Schlurp+1","Slimebound:RollThrough+1"],"picked":"Slimebound:SlimeSpikes+1","floor":28.0},{"not_picked":["Slimebound:RollThrough","Slimebound:SplitBruiser+1"],"picked":"Slimebound:LeadByExample","floor":29.0},{"not_picked":["Slimebound:GoopSpray+1","Slimebound:RollThrough","Slimebound:PressTheAttack"],"picked":"SKIP","floor":30.0},{"not_picked":["Slimebound:HungryTackle+1","Slimebound:RollThrough","Slimebound:ComboTackle"],"picked":"SKIP","floor":31.0},{"not_picked":["Slimebound:RollThrough","Slimebound:Schlurp+1"],"picked":"Slimebound:SamplingLick+1","floor":32.0},{"not_picked":["Slimebound:MassFeed","Slimebound:DouseInSlime+1"],"picked":"Slimebound:Recycling","floor":33.0},{"not_picked":["Slimebound:RollThrough"],"picked":"SKIP","floor":36.0},{"not_picked":["Slimebound:LeechEnergy+1"],"picked":"SKIP","floor":37.0},{"not_picked":[],"picked":"Slimebound:ProtectTheBoss","floor":40.0},{"not_picked":["Slimebound:ForwardTackle"],"picked":"Singing Bowl","floor":43.0},{"not_picked":[],"picked":"expansioncontent:LastStand","floor":45.0},{"not_picked":[],"picked":"expansioncontent:BronzeBeam","floor":45.0},{"not_picked":[],"picked":"expansioncontent:YouAreMine+1","floor":45.0},{"not_picked":[],"picked":"Slimebound:Replication+1","floor":46.0},{"not_picked":["Slimebound:LeechEnergy"],"picked":"Singing Bowl","floor":49.0}],"player_experience":1244904,"relics_obtained":[{"floor":2.0,"key":"Mango"},{"floor":7.0,"key":"PreservedInsect"},{"floor":8.0,"key":"Blood Vial"},{"floor":10.0,"key":"Thread and Needle"},{"floor":19.0,"key":"HornCleat"},{"floor":21.0,"key":"Ginger"},{"floor":21.0,"key":"Toxic Egg 2"},{"floor":23.0,"key":"Regal Pillow"},{"floor":24.0,"key":"Slimebound:PotencyRelic"},{"floor":27.0,"key":"Pantograph"},{"floor":37.0,"key":"Bronze Scales"},{"floor":40.0,"key":"Incense Burner"},{"floor":43.0,"key":"Ice Cream"}],"event_choices":[{"damage_healed":0.0,"max_hp_gain":5.0,"max_hp_loss":0.0,"gold_gain":0.0,"event_name":"Big Fish","player_choice":"Donut","floor":3.0,"gold_loss":0.0,"damage_taken":0.0},{"damage_healed":0.0,"max_hp_gain":0.0,"max_hp_loss":0.0,"gold_gain":0.0,"event_name":"Upgrade Shrine","player_choice":"Upgraded","floor":48.0,"gold_loss":0.0,"damage_taken":0.0,"cards_upgraded":["Slimebound:Replication"]}],"is_beta":false,"boss_relics":[{"not_picked":["Cursed Key","Snecko Eye"],"picked":"Astrolabe"},{"not_picked":["Runic Dome","Runic Pyramid"],"picked":"Busted Crown"}],"items_purged_floors":[28,38],"is_endless":false,"potions_floor_spawned":[8,11,12,13,16,19,23,25,30,32,36,37,49],"ascension_level":11}}