{"host":"xb2tau8pgi8aflss","time":1608470072,"event":{"mods":["AchievementEnabler","BaseMod","Minty Spire (QoL Compilation)","StSLib","SuperFastMode"],"gold_per_floor":[114,133,147,162,172,172,199,199,199,1,1,1,14,27,27,27,27],"floor_reached":16,"playtime":510,"items_purged":["Strike_B"],"score":130,"play_id":"7b4d2095-1675-4808-b752-786ecccf565d","local_time":"20201220221432","is_ascension_mode":true,"campfire_choices":[{"data":"Rebound","floor":6,"key":"SMITH"},{"data":"Hologram","floor":8,"key":"SMITH"},{"data":"Turbo","floor":11,"key":"SMITH"},{"data":"Undo","floor":15,"key":"SMITH"}],"circlet_count":0,"master_deck":["Strike_B","Strike_B","Strike_B","Defend_B","Defend_B","Defend_B","Defend_B","Zap","Dualcast+1","Undo+1","Double Energy","Hologram+1","Rebound+1","Turbo+1","Defragment","Self Repair","Force Field"],"relics":["Cracked Core","White Beast Statue","Smiling Mask","OrangePellets"],"acts_visited":["Exordium"],"potions_floor_usage":[7,7,14,16,16],"damage_taken":[{"damage":1,"enemies":"Cultist","floor":1,"turns":3},{"damage":12,"enemies":"Small Slimes","floor":2,"turns":2},{"damage":2,"enemies":"Jaw Worm","floor":3,"turns":3},{"damage":4,"enemies":"Red Slaver","floor":4,"turns":3},{"damage":3,"enemies":"Blue Slaver","floor":5,"turns":3},{"damage":10,"enemies":"3 Sentries","floor":7,"turns":5},{"damage":10,"enemies":"Gremlin Gang","floor":13,"turns":5},{"damage":9,"enemies":"Exordium Wildlife","floor":14,"turns":4},{"damage":39,"enemies":"Slime Boss","floor":16,"turns":9}],"seed_played":"5041712183463282291","potions_obtained":[{"floor":1,"key":"Energy Potion"},{"floor":2,"key":"FocusPotion"},{"floor":4,"key":"LiquidBronze"},{"floor":13,"key":"ColorlessPotion"},{"floor":14,"key":"GamblersBrew"}],"is_trial":false,"path_per_floor":["M","M","M","M","M","R","E","R","T","$","R","?","M","M","R","B"],"character_chosen":"DEFECT","items_purchased":["OrangePellets"],"campfire_rested":0,"item_purchase_floors":[10],"current_hp_per_floor":[74,62,60,56,53,53,43,43,43,43,43,43,33,31,31,0,0],"gold":27,"neow_bonus":"UPGRADE_CARD","is_daily":false,"chose_seed":false,"campfire_upgraded":4,"win_rate":0.0,"timestamp":1608470072,"path_taken":["M","M","M","M","?","R","E","R","T","?","R","?","M","?","R","BOSS"],"items_purchased_type":["Relic"],"build_version":"2020-12-13","purchased_purges":1,"victory":false,"max_hp_per_floor":[75,75,75,75,75,75,75,75,75,75,75,75,75,75,75,75,75],"card_choices":[{"not_picked":["Recycle","Sweeping Beam"],"picked":"Undo","floor":1},{"not_picked":["Coolheaded","Genetic Algorithm"],"picked":"Double Energy","floor":2},{"not_picked":["Steam","Doom and Gloom"],"picked":"Hologram","floor":3},{"not_picked":["Go for the Eyes","Streamline","Gash"],"picked":"SKIP","floor":4},{"not_picked":["Coolheaded","Glacier"],"picked":"Rebound","floor":5},{"not_picked":["Rebound","Genetic Algorithm"],"picked":"Turbo","floor":7},{"not_picked":["Hologram","Chill"],"picked":"Self Repair","floor":13},{"not_picked":["Sweeping Beam","Barrage"],"picked":"Force Field","floor":14}],"player_experience":719627,"relics_obtained":[{"floor":7,"key":"White Beast Statue"},{"floor":9,"key":"Smiling Mask"}],"event_choices":[{"damage_healed":0,"gold_gain":0,"player_choice":"1 cards matched","damage_taken":0,"max_hp_gain":0,"max_hp_loss":0,"event_name":"Match and Keep!","floor":12,"gold_loss":0,"cards_obtained":["Defragment"]}],"is_beta":false,"boss_relics":[],"items_purged_floors":[10],"is_endless":false,"potions_floor_spawned":[1,2,4,13,14],"killed_by":"Slime Boss","ascension_level":5}}