{"host":"6ko66ogg91i6g7xq","time":1608458208,"event":{"mods":["AchievementEnabler","Act Like it!","BaseMod","Colored Map","Colored Powertips","Downfall","Hermit","Minty Spire (QoL Compilation)","Quick Restart","Relic Stats","StSLib","The Jungle","everything is the same but u backflip on backflip"],"gold_per_floor":[109,109,35,35,35,35,75,75,100,131,131,96,109,134,134,134,134],"floor_reached":16,"playtime":218,"items_purged":[],"score":164,"play_id":"659c6678-a4c2-4cbc-8d38-117dd9ebd9c3","local_time":"20201220045648","is_ascension_mode":true,"campfire_choices":[{"floor":6,"key":"RECALL"},{"data":"Terror","floor":8,"key":"SMITH"},{"data":"Skewer","floor":15,"key":"SMITH"}],"circlet_count":0,"master_deck":["Strike_G","Strike_G+1","Strike_G","Strike_G","Strike_G","Defend_G","Defend_G","Defend_G","Defend_G+1","Defend_G","Survivor","Neutralize","Skewer+1","Terror+1","Noxious Fumes"],"relics":["Ring of the Snake","NeowsBlessing","Golden Idol","Boot","Tiny Chest","Nunchaku"],"acts_visited":["Exordium"],"potions_floor_usage":[],"damage_taken":[{"damage":0,"enemies":"Cultist","floor":1,"turns":1},{"damage":0,"enemies":"Gremlin Nob","floor":7,"turns":1},{"damage":0,"enemies":"3 Sentries","floor":10,"turns":1},{"damage":0,"enemies":"Jaw Worm","floor":13,"turns":2},{"damage":0,"enemies":"Small Slimes","floor":14,"turns":3},{"damage":38,"enemies":"Slime Boss","floor":16,"turns":7}],"seed_played":"-6970051479943612204","potions_obtained":[{"floor":7,"key":"Poison Potion"},{"floor":14,"key":"EssenceOfSteel"}],"is_trial":false,"path_per_floor":["M","?","$","?","?","R","E","R","T","E","$","?","M","M","R","B"],"character_chosen":"THE_SILENT","items_purchased":["Terror"],"campfire_rested":0,"item_purchase_floors":[3],"current_hp_per_floor":[70,56,56,39,39,39,39,39,39,39,39,56,56,56,56,18,18],"gold":134,"neow_bonus":"THREE_ENEMY_KILL","is_daily":false,"chose_seed":false,"campfire_upgraded":2,"win_rate":0.0,"timestamp":1608458208,"path_taken":["M","?","$","?","?","R","E","R","T","E","$","?","?","M","R","BOSS"],"items_purchased_type":["Card"],"build_version":"2020-12-13","purchased_purges":0,"victory":false,"max_hp_per_floor":[70,70,70,70,70,70,70,70,70,70,70,70,70,70,70,70,70],"relic_stats":{"Nunchaku":[2],"counters":[6,15],"Golden Idol":22,"Tiny Chest":0,"Boot":[5],"obtain_stats":[{"Nunchaku":10,"NeowsBlessing":0,"Golden Idol":4,"Tiny Chest":9,"Boot":7,"Ring of the Snake":0},{"Nunchaku":3,"NeowsBlessing":0,"Golden Idol":1,"Tiny Chest":2,"Boot":2,"Ring of the Snake":0},{"Nunchaku":3,"NeowsBlessing":0,"Golden Idol":1,"Tiny Chest":2,"Boot":2,"Ring of the Snake":0}],"Ring of the Snake":[12]},"card_choices":[{"not_picked":["Bane","Dodge and Roll"],"picked":"Skewer","floor":1},{"not_picked":["Quick Slash","Reflex","Tactician"],"picked":"SKIP","floor":7},{"not_picked":["Endless Agony","Poisoned Stab","Prepared"],"picked":"SKIP","floor":10},{"not_picked":["Flying Knee","Choke","Eviscerate"],"picked":"SKIP","floor":13},{"not_picked":["Bane","Endless Agony"],"picked":"Noxious Fumes","floor":14}],"player_experience":290450,"relics_obtained":[{"floor":7,"key":"Boot"},{"floor":9,"key":"Tiny Chest"},{"floor":10,"key":"Nunchaku"}],"event_choices":[{"damage_healed":0,"gold_gain":0,"player_choice":"Entered Light","damage_taken":14,"max_hp_gain":0,"max_hp_loss":0,"event_name":"Shining Light","floor":2,"gold_loss":0,"cards_upgraded":["Defend_G","Strike_G"]},{"damage_healed":0,"gold_gain":0,"player_choice":"Take Damage","damage_taken":17,"relics_obtained":["Golden Idol"],"max_hp_gain":0,"max_hp_loss":0,"event_name":"Golden Idol","floor":4,"gold_loss":0},{"damage_healed":0,"gold_gain":0,"player_choice":"Ignored","damage_taken":0,"max_hp_gain":0,"max_hp_loss":0,"event_name":"Golden Wing","floor":5,"gold_loss":0},{"damage_healed":17,"gold_gain":0,"player_choice":"Healed","damage_taken":0,"max_hp_gain":0,"max_hp_loss":0,"event_name":"The Cleric","floor":12,"gold_loss":35}],"is_beta":false,"boss_relics":[],"items_purged_floors":[],"is_endless":false,"potions_floor_spawned":[7,14],"killed_by":"Slime Boss","ascension_level":1}}