{"host":"7l2t4psy44vpcd9q","time":1608477902,"event":{"mods":["AchievementEnabler","BaseMod","DeckTracker","Minty Spire (QoL Compilation)","SuperFastMode"],"gold_per_floor":[20,20,34,49,69,98,98,118,144,144,144,26,41,61,61,138,138,151,151,201,22,33,33,63,63,63,63,63,75,75,75,75,151,151,164,178,178,192,67,67,67],"floor_reached":40,"playtime":2089,"items_purged":["Defend_B","Decay","Decay"],"score":792,"play_id":"dafd4443-e8c2-459a-9112-c74130289c35","local_time":"20201221002502","is_ascension_mode":true,"campfire_choices":[{"data":"Buffer","floor":7,"key":"SMITH"},{"data":"Zap","floor":10,"key":"SMITH"},{"floor":15,"key":"REST"},{"data":"Defragment","floor":23,"key":"SMITH"},{"data":"Blizzard","floor":25,"key":"SMITH"},{"floor":32,"key":"REST"}],"circlet_count":0,"master_deck":["AscendersBane","Strike_B","Strike_B","Defend_B","Defend_B","Zap+1","Dualcast","Beam Cell","Defragment+1","Cold Snap","Buffer+1","Steam","Self Repair","Go for the Eyes","Glacier","Echo Form","Ball Lightning+1","Reboot+1","Barrage+1","Capacitor","Blizzard+1","Fusion","Steam","Compile Driver","Biased Cognition","Heatsinks","Aggregate","Glacier"],"relics":["Cracked Core","Emotion Chip","InkBottle","Bag of Preparation","Astrolabe","Vajra","CaptainsWheel","Fusion Hammer"],"acts_visited":["Exordium","TheCity","TheBeyond"],"potions_floor_usage":[6,16,22,40,40],"damage_taken":[{"damage":8,"enemies":"Small Slimes","floor":1,"turns":2},{"damage":1,"enemies":"Cultist","floor":3,"turns":3},{"damage":2,"enemies":"2 Louse","floor":4,"turns":3},{"damage":28,"enemies":"Large Slime","floor":5,"turns":5},{"damage":8,"enemies":"Gremlin Nob","floor":6,"turns":3},{"damage":0,"enemies":"2 Fungi Beasts","floor":8,"turns":4},{"damage":14,"enemies":"Lots of Slimes","floor":13,"turns":4},{"damage":0,"enemies":"Large Slime","floor":14,"turns":5},{"damage":16,"enemies":"The Guardian","floor":16,"turns":11},{"damage":0,"enemies":"Chosen","floor":18,"turns":5},{"damage":11,"enemies":"Spheric Guardian","floor":22,"turns":4},{"damage":10,"enemies":"Book of Stabbing","floor":24,"turns":5},{"damage":30,"enemies":"Centurion and Healer","floor":29,"turns":6},{"damage":18,"enemies":"Collector","floor":33,"turns":11},{"damage":7,"enemies":"3 Shapes","floor":35,"turns":4},{"damage":1,"enemies":"Orb Walker","floor":36,"turns":3},{"damage":24,"enemies":"3 Darklings","floor":38,"turns":6},{"damage":35,"enemies":"Reptomancer","floor":40,"turns":6}],"seed_played":"4263948912165563823","potions_obtained":[{"floor":5,"key":"SteroidPotion"},{"floor":8,"key":"CultistPotion"},{"floor":14,"key":"DistilledChaos"},{"floor":22,"key":"GamblersBrew"},{"floor":24,"key":"SneckoOil"}],"is_trial":false,"path_per_floor":["M","?","M","M","M","E","R","M","T","R","?","$","M","M","R","B",null,"M","?","?","$","M","R","E","R","T","?","?","M","?","$","R","B",null,"M","M","?","M","$","E"],"character_chosen":"DEFECT","items_purchased":["Self Repair","Capacitor"],"campfire_rested":2,"item_purchase_floors":[12,21],"current_hp_per_floor":[56,71,70,68,40,32,32,32,32,32,32,32,25,25,46,37,63,63,63,63,63,59,59,49,49,49,49,49,19,19,19,40,22,59,52,58,58,34,34,0,0],"gold":67,"neow_bonus":"ONE_RARE_RELIC","is_daily":false,"chose_seed":false,"campfire_upgraded":4,"win_rate":0.0,"timestamp":1608477902,"path_taken":["M","?","M","M","M","E","R","?","T","R","?","$","M","M","R","BOSS","M","?","?","$","M","R","E","R","T","?","?","M","?","?","R","BOSS","M","M","?","M","$","E"],"items_purchased_type":["Card","Card"],"build_version":"2020-12-13","purchased_purges":3,"victory":false,"max_hp_per_floor":[71,71,71,71,71,71,71,71,71,71,71,71,71,71,71,71,71,71,71,71,71,71,71,71,71,71,71,71,71,71,71,71,71,71,71,71,71,71,71,71,71],"card_choices":[{"not_picked":["Rebound","Scrape"],"picked":"Beam Cell","floor":1},{"not_picked":["Chill","Barrage"],"picked":"Gash","floor":3},{"not_picked":["Redo","Chaos"],"picked":"Defragment","floor":4},{"not_picked":["Leap","Stack"],"picked":"Cold Snap","floor":5},{"not_picked":["Beam Cell","Genetic Algorithm"],"picked":"Buffer","floor":6},{"not_picked":["Beam Cell","Conserve Battery"],"picked":"Steam","floor":8},{"not_picked":["Compile Driver","Reinforced Body"],"picked":"Go for the Eyes","floor":13},{"not_picked":["Compile Driver","BootSequence"],"picked":"Glacier","floor":14},{"not_picked":["Thunder Strike","Reboot"],"picked":"Echo Form","floor":16},{"not_picked":["Sweeping Beam","BootSequence"],"picked":"Barrage+1","floor":18},{"not_picked":["Gash","Go for the Eyes","Ball Lightning"],"picked":"SKIP","floor":22},{"not_picked":["Lockon","Doom and Gloom"],"picked":"Blizzard","floor":24},{"not_picked":["Go for the Eyes","Barrage"],"picked":"Compile Driver","floor":29},{"not_picked":["All For One","Amplify"],"picked":"Biased Cognition","floor":33},{"not_picked":["Streamline","Ball Lightning+1"],"picked":"Heatsinks","floor":35},{"not_picked":["Steam","Beam Cell"],"picked":"Aggregate","floor":36},{"not_picked":["Recycle","Streamline"],"picked":"Glacier","floor":38}],"player_experience":1110610,"relics_obtained":[{"floor":6,"key":"InkBottle"},{"floor":9,"key":"Bag of Preparation"},{"floor":24,"key":"Vajra"},{"floor":26,"key":"CaptainsWheel"}],"event_choices":[{"damage_healed":15,"gold_gain":0,"player_choice":"Full Heal","damage_taken":0,"max_hp_gain":0,"max_hp_loss":0,"event_name":"Wheel of Change","floor":2,"gold_loss":0},{"damage_healed":0,"gold_gain":0,"player_choice":"Ignored","damage_taken":0,"max_hp_gain":0,"max_hp_loss":0,"event_name":"Golden Wing","floor":11,"gold_loss":0},{"damage_healed":0,"gold_gain":0,"player_choice":"Smashed Altar","damage_taken":0,"max_hp_gain":0,"max_hp_loss":0,"event_name":"Forgotten Altar","floor":19,"gold_loss":0,"cards_obtained":["Decay"]},{"damage_healed":0,"gold_gain":50,"player_choice":"Stole From Cult","damage_taken":0,"max_hp_gain":0,"max_hp_loss":0,"event_name":"Nest","floor":20,"gold_loss":0},{"damage_healed":0,"gold_gain":0,"cards_transformed":["Machine Learning","Gash"],"player_choice":"Became Test Subject","damage_taken":0,"max_hp_gain":0,"max_hp_loss":0,"event_name":"Drug Dealer","floor":27,"gold_loss":0,"cards_obtained":["Fusion","Steam"]},{"damage_healed":0,"gold_gain":0,"player_choice":"Ignored","damage_taken":0,"max_hp_gain":0,"max_hp_loss":0,"event_name":"Ghosts","floor":28,"gold_loss":0},{"damage_healed":0,"gold_gain":0,"player_choice":"Ignored","damage_taken":0,"max_hp_gain":0,"max_hp_loss":0,"event_name":"The Mausoleum","floor":30,"gold_loss":0},{"damage_healed":0,"gold_gain":0,"player_choice":"Cursed","damage_taken":0,"max_hp_gain":0,"max_hp_loss":0,"event_name":"Wheel of Change","floor":37,"gold_loss":0,"cards_obtained":["Decay"]}],"is_beta":false,"boss_relics":[{"not_picked":["Philosopher\u0027s Stone","Sozu"],"picked":"Astrolabe"},{"not_picked":["Runic Pyramid","Black Star"],"picked":"Fusion Hammer"}],"items_purged_floors":[12,21,39],"is_endless":false,"potions_floor_spawned":[5,8,14,22,24,33,36],"killed_by":"Reptomancer","ascension_level":19}}