{"host":"a5e2zwd8c2ad7the","time":1608461136,"event":{"mods":["BaseMod","Colored Map","Colored Powertips","Minty Spire (QoL Compilation)","Quick Restart"],"gold_per_floor":[20,20,30,30,42,76,76,94,94,94,194,194,194],"floor_reached":12,"playtime":324,"items_purged":[],"score":78,"play_id":"eb498ae6-71a1-4d55-891b-43c33b135025","local_time":"20201220184536","is_ascension_mode":false,"campfire_choices":[],"circlet_count":1,"master_deck":["Strike_G","Strike_G","Strike_G","Strike_G","Strike_G","Defend_G","Defend_G","Defend_G","Defend_G","Survivor","Neutralize","Deadly Poison","Choke+1","Caltrops","Phantasmal Killer","Blade Dance+1"],"relics":["Ring of the Snake","Blue Candle","Circlet"],"acts_visited":[],"potions_floor_usage":[],"damage_taken":[{"damage":0,"enemies":"Small Slimes","floor":1,"turns":3},{"damage":0,"enemies":"Cultist","floor":3,"turns":3},{"damage":2,"enemies":"2 Louse","floor":5,"turns":3},{"damage":25,"enemies":"Gremlin Nob","floor":6,"turns":4},{"damage":25,"enemies":"Gremlin Gang","floor":8,"turns":5},{"damage":0,"enemies":"Lagavulin","floor":12,"turns":2}],"seed_played":"2660514410802412848","potions_obtained":[{"floor":8,"key":"Strength Potion"}],"is_trial":false,"path_per_floor":["M","?","M","?","M","E","$","M","T","?","?","E"],"character_chosen":"THE_SILENT","items_purchased":[],"campfire_rested":0,"item_purchase_floors":[],"current_hp_per_floor":[84,84,84,84,82,57,57,32,32,15,15,15,15],"gold":194,"neow_bonus":"TWENTY_PERCENT_HP_BONUS","is_daily":false,"chose_seed":false,"campfire_upgraded":0,"win_rate":0.0,"timestamp":1608461136,"path_taken":["M","?","M","?","?","E","?","M","T","?","?","E"],"items_purchased_type":[],"build_version":"2020-12-13","purchased_purges":0,"victory":false,"max_hp_per_floor":[84,84,84,84,84,84,84,84,84,84,84,84,84],"card_choices":[{"not_picked":["Cloak And Dagger","Deflect"],"picked":"Deadly Poison","floor":1},{"not_picked":["Eviscerate","PiercingWail"],"picked":"Choke","floor":3},{"not_picked":["Masterful Stab","Setup"],"picked":"Caltrops","floor":5},{"not_picked":["Blade Dance","Masterful Stab"],"picked":"Phantasmal Killer","floor":6},{"not_picked":["Dagger Spray","Flying Knee"],"picked":"Blade Dance","floor":8}],"player_experience":30448,"relics_obtained":[{"floor":6,"key":"Blue Candle"},{"floor":9,"key":"Circlet"}],"event_choices":[{"cards_removed":["Defend_G"],"damage_healed":0,"gold_gain":0,"player_choice":"Card Removal","damage_taken":0,"max_hp_gain":0,"max_hp_loss":0,"event_name":"Wheel of Change","floor":2,"gold_loss":0},{"damage_healed":0,"gold_gain":0,"player_choice":"Ignored","damage_taken":0,"max_hp_gain":0,"max_hp_loss":0,"event_name":"NoteForYourself","floor":4,"gold_loss":0},{"damage_healed":0,"gold_gain":0,"player_choice":"Entered Light","damage_taken":17,"max_hp_gain":0,"max_hp_loss":0,"event_name":"Shining Light","floor":10,"gold_loss":0,"cards_upgraded":["Choke","Blade Dance"]},{"damage_healed":0,"gold_gain":100,"player_choice":"Pray","damage_taken":0,"max_hp_gain":0,"max_hp_loss":0,"event_name":"Golden Shrine","floor":11,"gold_loss":0}],"is_beta":false,"boss_relics":[],"items_purged_floors":[],"is_endless":false,"potions_floor_spawned":[8],"killed_by":"Lagavulin","ascension_level":0}}