{"host":"f14d6hm2349s9jse","time":1608482597,"event":{"mods":["2.2 Compatiblity","BaseMod","Minty Spire (QoL Compilation)","StSLib","The Marked"],"gold_per_floor":[114,133,133,153,165,194,194,124,124,190,190,190,190,206,206,307,307,307,307],"floor_reached":18,"playtime":663,"items_purged":[],"score":160,"play_id":"385c866d-6b73-40f2-80da-59562d674034","local_time":"20201220114317","is_ascension_mode":false,"campfire_choices":[{"floor":7,"key":"REST"},{"data":"theMarked:KeepCalmAndFightOn","floor":11,"key":"SMITH"},{"data":"theMarked:Panic","floor":13,"key":"SMITH"},{"floor":15,"key":"RECALL"}],"circlet_count":0,"master_deck":["theMarked:Strike","theMarked:Strike","theMarked:Strike","theMarked:Strike","theMarked:Strike","theMarked:Defend","theMarked:Defend","theMarked:Defend","theMarked:Defend","theMarked:SoldierOfQuellstein+1","theMarked:MysticalArsenal","theMarked:ShockingTouch","theMarked:Panic+1","theMarked:BanishingStrike","theMarked:KeepCalmAndFightOn+1","theMarked:TakeCover","theMarked:Levitate"],"relics":["Velvet Choker","Akabeko","HornCleat","Sozu"],"acts_visited":["Exordium","TheCity"],"potions_floor_usage":[],"damage_taken":[{"damage":1,"enemies":"Jaw Worm","floor":1,"turns":3},{"damage":1,"enemies":"Cultist","floor":2,"turns":3},{"damage":2,"enemies":"2 Louse","floor":4,"turns":2},{"damage":3,"enemies":"Exordium Thugs","floor":5,"turns":3},{"damage":17,"enemies":"Lagavulin","floor":6,"turns":4},{"damage":5,"enemies":"Blue Slaver","floor":14,"turns":2},{"damage":8,"enemies":"The Guardian","floor":16,"turns":9},{"damage":0,"enemies":"2 Thieves","floor":18,"turns":1}],"seed_played":"418516660610810374","potions_obtained":[{"floor":4,"key":"theMarked:ChargePotion"},{"floor":6,"key":"EssenceOfSteel"},{"floor":14,"key":"DistilledChaos"}],"is_trial":false,"path_per_floor":["M","M","?","M","M","E","R","$","T","?","R","?","R","M","R","B",null,"M"],"character_chosen":"THE_DEFAULT","items_purchased":["theMarked:KeepCalmAndFightOn"],"campfire_rested":1,"item_purchase_floors":[8],"current_hp_per_floor":[69,68,68,66,63,46,67,67,67,67,67,67,67,62,62,54,70,70,70],"gold":307,"neow_bonus":"BOSS_RELIC","is_daily":false,"chose_seed":false,"campfire_upgraded":2,"win_rate":0.0,"timestamp":1608482597,"path_taken":["M","M","?","?","M","E","R","$","T","?","R","?","R","?","R","BOSS","M"],"items_purchased_type":["Card"],"build_version":"2020-12-13","purchased_purges":0,"victory":false,"max_hp_per_floor":[70,70,70,70,70,70,70,70,70,70,70,70,70,70,70,70,70,70,70],"card_choices":[{"not_picked":["theMarked:WardOff","theMarked:ContemptForTheProud"],"picked":"theMarked:MysticalArsenal","floor":1},{"not_picked":["theMarked:HeightenedSenses","theMarked:ResourceFulStrike"],"picked":"theMarked:ShockingTouch","floor":2},{"not_picked":["theMarked:WastefulAttack","theMarked:Electrocute"],"picked":"theMarked:Panic","floor":4},{"not_picked":["theMarked:Static","theMarked:Parkour"],"picked":"theMarked:BanishingStrike","floor":5},{"not_picked":["theMarked:Polarize","theMarked:Static","theMarked:SwordAndMagic"],"picked":"SKIP","floor":6},{"not_picked":["theMarked:Static","theMarked:ContemptForTheProud"],"picked":"theMarked:TakeCover","floor":14},{"not_picked":["theMarked:TakeOffHeels","theMarked:DispelDoubt"],"picked":"theMarked:Levitate","floor":16}],"player_experience":2467965,"relics_obtained":[{"floor":6,"key":"Akabeko"},{"floor":9,"key":"HornCleat"}],"event_choices":[{"damage_healed":0,"gold_gain":0,"player_choice":"Ignored","damage_taken":0,"max_hp_gain":0,"max_hp_loss":0,"event_name":"NoteForYourself","floor":3,"gold_loss":0},{"damage_healed":0,"gold_gain":66,"player_choice":"Gained Gold","damage_taken":0,"max_hp_gain":0,"max_hp_loss":0,"event_name":"Golden Wing","floor":10,"gold_loss":0},{"damage_healed":0,"gold_gain":0,"player_choice":"Upgraded","damage_taken":0,"max_hp_gain":0,"max_hp_loss":0,"event_name":"Upgrade Shrine","floor":12,"gold_loss":0,"cards_upgraded":["theMarked:SoldierOfQuellstein"]}],"is_beta":false,"boss_relics":[{"not_picked":["Philosopher\u0027s Stone","SacredBark"],"picked":"Sozu"}],"items_purged_floors":[],"is_endless":false,"potions_floor_spawned":[4,6,14],"killed_by":"2 Thieves","ascension_level":0}}