{"host":"0vd2boh2oi7jm085","time":1608446462,"event":{"mods":["BaseMod","Colored Map","Colored Powertips","Highlight Path","Minty Spire (QoL Compilation)","Quick Restart","StSLib","The IronCluck"],"gold_per_floor":[117,23,73,43,57,83,83,101,101,112,112,123,88,104,104,104,104],"floor_reached":16,"playtime":332,"items_purged":[],"score":241,"play_id":"58492126-ebcb-4f5d-be08-bdeace1f07e2","local_time":"20201219224102","is_ascension_mode":true,"campfire_choices":[{"data":"Flex","floor":7.0,"key":"SMITH"},{"data":"Thunderclap","floor":15,"key":"SMITH"}],"circlet_count":0,"master_deck":["AscendersBane","Strike_R","Strike_R","Strike_R","Strike_R","Strike_R","Defend_R","Defend_R","Defend_R","Defend_R","Bash","Shrug It Off","Swift Strike","Flex+1","Thunderclap+1"],"relics":["Burning Blood","NeowsBlessing","TungstenRod","Sundial"],"acts_visited":["Exordium"],"potions_floor_usage":[16,16],"damage_taken":[{"damage":0.0,"enemies":"Small Slimes","floor":1.0,"turns":1.0},{"damage":0.0,"enemies":"Cultist","floor":5.0,"turns":1.0},{"damage":0.0,"enemies":"3 Sentries","floor":6.0,"turns":1.0},{"damage":6.0,"enemies":"Jaw Worm","floor":8.0,"turns":3.0},{"damage":17.0,"enemies":"Exordium Wildlife","floor":10.0,"turns":3.0},{"damage":20.0,"enemies":"Lots of Slimes","floor":12.0,"turns":5.0},{"damage":0,"enemies":"Exordium Thugs","floor":14,"turns":4},{"damage":65,"enemies":"Slime Boss","floor":16,"turns":13}],"seed_played":"2860363589697839824","potions_obtained":[{"floor":5.0,"key":"SkillPotion"},{"floor":10.0,"key":"ColorlessPotion"}],"is_trial":false,"path_per_floor":["M","$","?","$","M","E","R","M","T","M","$","M","?","M","R","B"],"character_chosen":"IRONCLAD","items_purchased":["Swift Strike","Flex"],"campfire_rested":0,"item_purchase_floors":[2,4],"current_hp_per_floor":[74,74,74,74,75,75,75,75,75,64,64,50,68,74,74,9,9],"gold":104,"neow_bonus":"THREE_ENEMY_KILL","is_daily":false,"chose_seed":false,"campfire_upgraded":2,"win_rate":0.0,"timestamp":1608446462,"path_taken":["M","$","?","$","?","E","R","M","T","M","$","M","?","M","R","BOSS"],"items_purchased_type":["Card","Card"],"build_version":"2020-12-13","purchased_purges":0,"victory":false,"max_hp_per_floor":[75,75,75,75,75,75,75,75,75,75,75,75,75,75,75,75,75],"card_choices":[{"not_picked":["True Grit","Disarm"],"picked":"Shrug It Off","floor":1.0},{"not_picked":["Havoc","Warcry","Blood for Blood"],"picked":"SKIP","floor":5.0},{"not_picked":["Carnage","Armaments"],"picked":"Thunderclap","floor":6.0},{"not_picked":["Thunderclap","Flex","Clash"],"picked":"SKIP","floor":8.0},{"not_picked":["Sentinel","Sword Boomerang","Perfected Strike"],"picked":"SKIP","floor":10.0},{"not_picked":["Blood for Blood","Battle Trance","Power Through"],"picked":"SKIP","floor":12.0},{"not_picked":["Headbutt","Thunderclap","Iron Wave"],"picked":"SKIP","floor":14}],"player_experience":95420,"relics_obtained":[{"floor":6.0,"key":"TungstenRod"},{"floor":9.0,"key":"Sundial"}],"event_choices":[{"damage_healed":0.0,"max_hp_gain":0.0,"max_hp_loss":0.0,"gold_gain":50.0,"event_name":"Golden Shrine","player_choice":"Pray","floor":3.0,"gold_loss":0.0,"damage_taken":0.0},{"damage_healed":18.0,"max_hp_gain":0.0,"max_hp_loss":0.0,"gold_gain":0.0,"event_name":"The Cleric","player_choice":"Healed","floor":13.0,"gold_loss":35.0,"damage_taken":0.0}],"is_beta":false,"boss_relics":[],"items_purged_floors":[],"is_endless":false,"potions_floor_spawned":[5,10,14],"killed_by":"Slime Boss","ascension_level":18}}