{"host":"6yklbc9za0aylqsj","time":1608463291,"event":{"mods":["AchievementEnabler","BaseMod","Bestiary","Colored Map","Colored Powertips","Minty Spire (QoL Compilation)","Rare Cards Sparkle","Relic Stats","Slay-I","StSLib"],"gold_per_floor":[116,116,126,10,10,40,40,40,40,71,97,107,124,124,124,201,201,212,238,238,78,97,97,97,97,97,97,97,130,55,73,73,73,73],"floor_reached":33,"playtime":1036,"items_purged":["Injury"],"score":538,"play_id":"170a9c31-b5f7-4680-adb7-3fcae110065d","local_time":"20201220122131","is_ascension_mode":true,"campfire_choices":[{"data":"Noxious Fumes","floor":8.0,"key":"SMITH"},{"floor":15.0,"key":"REST"},{"data":"Footwork","floor":23.0,"key":"SMITH"},{"floor":25.0,"key":"REST"},{"floor":32,"key":"REST"}],"circlet_count":0,"master_deck":["AscendersBane","Strike_G","Strike_G","Strike_G","Strike_G+1","Defend_G","Defend_G","Defend_G","Defend_G","Defend_G","Survivor","Neutralize+1","Storm of Steel","Quick Slash","Blade Dance","Noxious Fumes+1","Sucker Punch","Dash","Footwork","Cloak And Dagger+1","Writhe","Footwork+1","Catalyst","Noxious Fumes"],"relics":["Ring of the Snake","Mango","Matryoshka","The Specimen","Odd Mushroom","WristBlade","Red Mask","Bag of Marbles","Snake Skull","Nunchaku","Mercury Hourglass","Whetstone"],"acts_visited":["Exordium","TheCity"],"potions_floor_usage":[33,33],"damage_taken":[{"damage":9.0,"enemies":"2 Louse","floor":1.0,"turns":3.0},{"damage":6.0,"enemies":"Cultist","floor":3.0,"turns":3.0},{"damage":25.0,"enemies":"3 Sentries","floor":6.0,"turns":6.0},{"damage":15.0,"enemies":"Lagavulin","floor":10.0,"turns":7.0},{"damage":6.0,"enemies":"The Mushroom Lair","floor":11.0,"turns":4.0},{"damage":0.0,"enemies":"Small Slimes","floor":12.0,"turns":2.0},{"damage":0.0,"enemies":"Looter","floor":13.0,"turns":2.0},{"damage":33.0,"enemies":"The Guardian","floor":16.0,"turns":10.0},{"damage":10.0,"enemies":"Chosen","floor":18.0,"turns":4.0},{"damage":17.0,"enemies":"Masked Bandits","floor":19.0,"turns":5.0},{"damage":7.0,"enemies":"3 Byrds","floor":22.0,"turns":6.0},{"damage":14.0,"enemies":"Slavers","floor":29.0,"turns":5.0},{"damage":6,"enemies":"Cultist and Chosen","floor":31,"turns":5},{"damage":55,"enemies":"Champ","floor":33,"turns":9}],"seed_played":"2734892756416468888","potions_obtained":[{"floor":2.0,"key":"Poison Potion"},{"floor":2.0,"key":"SteroidPotion"},{"floor":6.0,"key":"Fire Potion"},{"floor":11.0,"key":"Weak Potion"},{"floor":12.0,"key":"SteroidPotion"},{"floor":13.0,"key":"CultistPotion"},{"floor":18.0,"key":"Fire Potion"},{"floor":29.0,"key":"BlessingOfTheForge"},{"floor":31,"key":"SneckoOil"}],"is_trial":false,"path_per_floor":["M","?","M","$","$","E","?","R","T","E","?","M","M","?","R","B",null,"M","?","?","$","M","R","?","R","T","$","?","E","?","M","R","B"],"character_chosen":"THE_SILENT","items_purchased":["Noxious Fumes","Snake Skull"],"campfire_rested":3,"item_purchase_floors":[4,21],"current_hp_per_floor":[50,50,44,44,44,33,33,33,33,18,12,12,12,12,36,3,61,51,34,34,34,27,27,27,51,51,51,51,37,37,31,55,0,0],"gold":73,"neow_bonus":"THREE_RARE_CARDS","is_daily":false,"chose_seed":false,"campfire_upgraded":2,"win_rate":0.0,"timestamp":1608463291,"path_taken":["M","?","?","?","$","E","?","R","T","E","?","M","M","?","R","BOSS","M","?","?","$","M","R","?","R","T","$","?","E","?","?","R","BOSS"],"items_purchased_type":["Card","Relic"],"build_version":"2020-12-13","purchased_purges":1,"victory":false,"max_hp_per_floor":[66,66,66,66,66,80,80,80,80,80,80,80,80,80,80,80,80,80,80,80,80,80,80,80,80,80,80,80,80,80,80,80,80,80],"relic_stats":{"Nunchaku":[5],"counters":[14,71],"Snake Skull":[15],"Whetstone":["Strike_G","Neutralize"],"obtain_stats":[{"Nunchaku":26,"Matryoshka":9,"The Specimen":10,"WristBlade":17,"Mango":6,"Snake Skull":21,"Red Mask":19,"Bag of Marbles":20,"Whetstone":29,"Odd Mushroom":11,"Ring of the Snake":0,"Mercury Hourglass":26},{"Nunchaku":11,"Matryoshka":3,"The Specimen":4,"WristBlade":8,"Mango":3,"Snake Skull":10,"Red Mask":10,"Bag of Marbles":10,"Whetstone":12,"Odd Mushroom":5,"Ring of the Snake":0,"Mercury Hourglass":11},{"Nunchaku":52,"Matryoshka":12,"The Specimen":19,"WristBlade":37,"Mango":12,"Snake Skull":46,"Red Mask":46,"Bag of Marbles":46,"Whetstone":57,"Odd Mushroom":23,"Ring of the Snake":0,"Mercury Hourglass":52}],"Ring of the Snake":[28],"Mercury Hourglass":[57]},"card_choices":[{"not_picked":["Doppelganger","Venomology"],"picked":"Storm of Steel","floor":0.0},{"not_picked":["Deadly Poison","Slice"],"picked":"Quick Slash","floor":1.0},{"not_picked":["Underhanded Strike","Bouncing Flask"],"picked":"Blade Dance","floor":3.0},{"not_picked":["Predator","Calculated Gamble"],"picked":"Sucker Punch","floor":6.0},{"not_picked":["Quick Slash","Finisher"],"picked":"Dash","floor":10.0},{"not_picked":["Escape Plan","Deadly Poison"],"picked":"Footwork","floor":12.0},{"not_picked":["Deflect","Choke","Dash"],"picked":"SKIP","floor":13.0},{"not_picked":["Blade Dance","Slice"],"picked":"Cloak And Dagger+1","floor":18.0},{"not_picked":["Sucker Punch","Riddle With Holes"],"picked":"Footwork","floor":22.0},{"not_picked":["Skewer","Flying Knee+1"],"picked":"Noxious Fumes","floor":29.0},{"not_picked":["Acrobatics","Blur","Doppelganger"],"picked":"SKIP","floor":31}],"player_experience":674146,"relics_obtained":[{"floor":6.0,"key":"Mango"},{"floor":9.0,"key":"Matryoshka"},{"floor":10.0,"key":"The Specimen"},{"floor":11.0,"key":"Odd Mushroom"},{"floor":19.0,"key":"Red Mask"},{"floor":26.0,"key":"Nunchaku"},{"floor":26.0,"key":"Mercury Hourglass"},{"floor":29.0,"key":"Whetstone"}],"event_choices":[{"damage_healed":0.0,"max_hp_gain":0.0,"max_hp_loss":0.0,"gold_gain":0.0,"event_name":"Lab","player_choice":"Got Potions","floor":2.0,"gold_loss":0.0,"damage_taken":0.0},{"damage_healed":0.0,"max_hp_gain":0.0,"max_hp_loss":0.0,"gold_gain":0.0,"event_name":"Liars Game","player_choice":"Ignored","floor":7.0,"gold_loss":0.0,"damage_taken":0.0},{"damage_healed":0.0,"max_hp_gain":0.0,"max_hp_loss":0.0,"gold_gain":0.0,"event_name":"Mushrooms","player_choice":"Fought Mushrooms","floor":11.0,"gold_loss":0.0,"damage_taken":0.0},{"damage_healed":0.0,"max_hp_gain":0.0,"max_hp_loss":0.0,"gold_gain":0.0,"event_name":"Golden Idol","player_choice":"Ignored","floor":14.0,"gold_loss":0.0,"damage_taken":0.0},{"damage_healed":0.0,"max_hp_gain":0.0,"max_hp_loss":0.0,"gold_gain":0.0,"event_name":"Masked Bandits","player_choice":"Fought Bandits","floor":19.0,"gold_loss":0.0,"damage_taken":0.0},{"damage_healed":0.0,"max_hp_gain":0.0,"max_hp_loss":0.0,"gold_gain":0.0,"event_name":"The Mausoleum","player_choice":"Opened","floor":20.0,"gold_loss":0.0,"damage_taken":0.0,"relics_obtained":["Bag of Marbles"],"cards_obtained":["Writhe"]},{"damage_healed":0.0,"max_hp_gain":0.0,"max_hp_loss":0.0,"gold_gain":0.0,"event_name":"Cursed Tome","player_choice":"Ignored","floor":24.0,"gold_loss":0.0,"damage_taken":0.0},{"damage_healed":0.0,"max_hp_gain":0.0,"max_hp_loss":0.0,"gold_gain":0.0,"event_name":"The Library","player_choice":"Read","floor":28.0,"gold_loss":0.0,"damage_taken":0.0,"cards_obtained":["Catalyst"]},{"cards_removed":["Strike_G"],"damage_healed":0.0,"max_hp_gain":0.0,"max_hp_loss":0.0,"gold_gain":0.0,"event_name":"Beggar","player_choice":"Gave Gold","floor":30.0,"gold_loss":75.0,"damage_taken":0.0}],"is_beta":false,"boss_relics":[{"not_picked":["Ring of the Serpent","Tiny House"],"picked":"WristBlade"}],"items_purged_floors":[4],"is_endless":false,"potions_floor_spawned":[6,11,12,13,18,29,31],"killed_by":"Champ","ascension_level":20}}