{"host":"5smcqgbe0rrg6qum","time":1608425901,"event":{"mods":["BaseMod","Hermit","Minty Spire (QoL Compilation)","StSLib","The Blackbeard","The Death Knight","The Necromancer","The Poker Player","The Servant 0.9.4","The Showman"],"gold_per_floor":[111,130,9,28,44,44,72,72,122,134,163,193,34,34,34],"floor_reached":14,"playtime":1172,"items_purged":[],"score":92,"play_id":"b692e6ca-0493-4aa2-87cf-e8c2e516e684","local_time":"20201219165821","is_ascension_mode":false,"campfire_choices":[{"data":"hermit:Vantage","floor":6,"key":"SMITH"},{"data":"hermit:Quickdraw","floor":8,"key":"SMITH"}],"circlet_count":0,"master_deck":["hermit:Strike_Hermit","hermit:Strike_Hermit","hermit:Strike_Hermit","hermit:Strike_Hermit","hermit:Defend_Hermit","hermit:Defend_Hermit","hermit:Defend_Hermit","hermit:Defend_Hermit","hermit:Snapshot","hermit:Covet","hermit:Quickdraw+1","hermit:Headshot","hermit:ShadowCloak","hermit:FlashPowder","hermit:Determination","hermit:Vantage+1","hermit:Desperado","hermit:Roulette","hermit:Dive","Apotheosis"],"relics":["hermit:Momento","NeowsBlessing","Meat on the Bone","MawBank","FaceOfCleric"],"acts_visited":["Exordium"],"potions_floor_usage":[],"damage_taken":[{"damage":0,"enemies":"Small Slimes","floor":1,"turns":1},{"damage":0,"enemies":"Cultist","floor":2,"turns":1},{"damage":0,"enemies":"2 Louse","floor":4,"turns":1},{"damage":7,"enemies":"2 Fungi Beasts","floor":5,"turns":4},{"damage":23,"enemies":"Lagavulin","floor":7,"turns":8},{"damage":16,"enemies":"3 Louse","floor":11,"turns":3},{"damage":13,"enemies":"Large Slime","floor":12,"turns":5},{"damage":31,"enemies":"Gremlin Nob","floor":14,"turns":5}],"seed_played":"-8845216894080501907","potions_obtained":[{"floor":2,"key":"LiquidMemories"},{"floor":4,"key":"DuplicationPotion"}],"is_trial":false,"path_per_floor":["M","M","$","M","M","R","E","R","T","?","M","M","$","E"],"character_chosen":"HERMIT","items_purchased":["hermit:ShadowCloak","hermit:FlashPowder","Apotheosis"],"campfire_rested":0,"item_purchase_floors":[3,3,13],"current_hp_per_floor":[75,75,75,75,68,68,45,45,45,45,42,42,42,11,11],"gold":34,"neow_bonus":"THREE_ENEMY_KILL","is_daily":false,"chose_seed":false,"campfire_upgraded":2,"win_rate":0.0,"timestamp":1608425901,"path_taken":["M","M","$","M","M","R","E","R","T","?","M","M","$","E"],"items_purchased_type":["Card","Card","Card"],"build_version":"2020-12-13","purchased_purges":0,"victory":false,"max_hp_per_floor":[75,75,75,75,75,75,75,75,75,75,76,77,77,77,77],"card_choices":[{"not_picked":["hermit:TrackingShot","hermit:SprayPray"],"picked":"hermit:Quickdraw","floor":1},{"not_picked":["hermit:Snipe","hermit:Misfire"],"picked":"hermit:Headshot","floor":2},{"not_picked":["hermit:HoleUp","hermit:FlashPowder"],"picked":"hermit:Determination","floor":4},{"not_picked":["hermit:TrackingShot","hermit:Virtue"],"picked":"hermit:Vantage","floor":5},{"not_picked":["hermit:Manifest","hermit:Purgatory"],"picked":"hermit:Desperado","floor":7},{"not_picked":["hermit:Manifest","hermit:Spite"],"picked":"hermit:Roulette","floor":11},{"not_picked":["hermit:BodyArmor","hermit:Coalescence"],"picked":"hermit:Dive","floor":12}],"player_experience":21503,"relics_obtained":[{"floor":7,"key":"Meat on the Bone"},{"floor":9,"key":"MawBank"}],"event_choices":[{"damage_healed":0,"gold_gain":0,"player_choice":"Trade","damage_taken":0,"relics_obtained":["FaceOfCleric"],"max_hp_gain":0,"max_hp_loss":0,"event_name":"FaceTrader","floor":10,"gold_loss":0}],"is_beta":false,"boss_relics":[],"items_purged_floors":[],"is_endless":false,"potions_floor_spawned":[2,4],"killed_by":"Gremlin Nob","ascension_level":0}}