{"host":"0rxdudjy6rylha1k","time":1608487365,"event":{"mods":["Aspiration","BaseMod","Colored Map","Colored Powertips","Downfall","Highlight Path","Hubris","Minty Spire (QoL Compilation)","StSLib"],"gold_per_floor":[0,17,17,29,29,46,72,72,99,24,24,24,9,23,39,142,142,67,84,84,84,117,128,151,151,251,251,261,321,333,383,400,499,499,499,216,232,242,292,342,365,365,376,376,443,25,41,55,67,67],"floor_reached":51,"playtime":5904,"items_purged":[],"score":907,"play_id":"3d398e79-4fbe-4070-9c28-9f97f27d2d99","local_time":"20201220110245","is_ascension_mode":true,"campfire_choices":[{"floor":1,"key":"RECALL"},{"data":"Slimebound:Split","floor":5,"key":"SMITH"},{"data":"Slimebound:LeadByExample","floor":8,"key":"SMITH"},{"data":"Slimebound:CorrosiveSpit","floor":10,"key":"SMITH"},{"data":"Slimebound:MassFeed","floor":18,"key":"SMITH"},{"data":"Slimebound:RejuvenatingLick","floor":20,"key":"SMITH"},{"data":"Slimebound:RallyTheTroops","floor":25,"key":"SMITH"},{"data":"Slimebound:SplitMire","floor":27,"key":"SMITH"},{"data":"After Image","floor":35,"key":"SMITH"},{"data":"Slimebound:DuplicatedForm","floor":42,"key":"SMITH"},{"data":"Dagger Spray","floor":44,"key":"SMITH"}],"circlet_count":0,"master_deck":["Slimebound:Strike_Slimebound","Slimebound:Strike_Slimebound","Slimebound:Defend_Slimebound","Slimebound:Defend_Slimebound","Slimebound:Defend_Slimebound","Slimebound:Defend_Slimebound","Slimebound:Split+1","Slimebound:CorrosiveSpit+1","Apotheosis+1","Slimebound:Recollect","Slimebound:LeechEnergy","Slimebound:LeadByExample+1","Slimebound:WasteNot","Slimebound:DisruptingSlam","Slimebound:RejuvenatingLick+1","Slimebound:MassFeed+1","Slimebound:MegaLick","Slimebound:RallyTheTroops+1","Slimebound:SplitMire+1","Slimebound:DuplicatedForm+1","Deadly Poison","Slimebound:RejuvenatingLick","After Image+1","CurseOfTheBell","Dagger Spray+1","Slimebound:AcidTongue+1","Slimebound:Replication+1"],"relics":["Slimebound:AbsorbEndCombat","Mummified Hand","downfall:HeartBlessingBlue","aspiration:SilentSkillbook","downfall:HeartBlessingRed","aspiration:FetidBarrel","Anchor","downfall:CloakOfManyFaces","CultistMask","FaceOfCleric","NlothsMask","GremlinMask","SsserpentHead","Calling Bell","Bag of Preparation","Mercury Hourglass","Peace Pipe","Strawberry","hubris:EmptyBottle","Shuriken"],"acts_visited":["Exordium","TheCity","TheBeyond"],"potions_floor_usage":[9,13,14,15,16,22,22,23,32,38,38,45,47,47,49,49,50,50,50],"damage_taken":[{"damage":8,"enemies":"Small Slimes","floor":2,"turns":4},{"damage":8,"enemies":"Cultist","floor":4,"turns":3},{"damage":12,"enemies":"2 Louse","floor":6,"turns":3},{"damage":31,"enemies":"Lagavulin","floor":9,"turns":5},{"damage":9,"enemies":"downfall:FleeingMerchant","floor":13,"turns":4},{"damage":27,"enemies":"Lots of Slimes","floor":14,"turns":4},{"damage":20,"enemies":"3 Louse","floor":15,"turns":4},{"damage":40,"enemies":"downfall:Ironclad","floor":16,"turns":6},{"damage":17,"enemies":"Spheric Guardian","floor":19,"turns":4},{"damage":46,"enemies":"Book of Stabbing","floor":22,"turns":7},{"damage":23,"enemies":"Shelled Parasite and Fungi","floor":23,"turns":5},{"damage":16,"enemies":"downfall:FaceTrader","floor":26,"turns":6},{"damage":41,"enemies":"Snecko","floor":28,"turns":4},{"damage":20,"enemies":"Chosen and Byrds","floor":29,"turns":4},{"damage":15,"enemies":"Shelled Parasite and Fungi","floor":30,"turns":4},{"damage":19,"enemies":"Sentry and Sphere","floor":32,"turns":4},{"damage":80,"enemies":"downfall:Watcher","floor":33,"turns":8},{"damage":20,"enemies":"Orb Walker","floor":37,"turns":3},{"damage":16,"enemies":"3 Darklings","floor":38,"turns":5},{"damage":31,"enemies":"Sphere and 2 Shapes","floor":43,"turns":5},{"damage":31,"enemies":"Transient","floor":45,"turns":5},{"damage":12,"enemies":"downfall:FleeingMerchant","floor":46,"turns":4},{"damage":34,"enemies":"Writhing Mass","floor":47,"turns":5},{"damage":34,"enemies":"Jaw Worm Horde","floor":48,"turns":4},{"damage":20,"enemies":"3 Darklings","floor":49,"turns":2},{"damage":60,"enemies":"downfall:Silent","floor":50,"turns":10}],"seed_played":"-4278086781438347790","potions_obtained":[{"floor":6,"key":"Block Potion"},{"floor":12,"key":"Slimebound:SlimyTonguePotion"},{"floor":12,"key":"Slimebound:ThreeZeroPotion"},{"floor":12,"key":"Dexterity Potion"},{"floor":14,"key":"SkillPotion"},{"floor":16,"key":"SneckoOil"},{"floor":19,"key":"SteroidPotion"},{"floor":22,"key":"Weak Potion"},{"floor":28,"key":"Energy Potion"},{"floor":33,"key":"hexamod:EctoCoolerPotion"},{"floor":37,"key":"Guardian:BlockOnCardUsePotion"},{"floor":38,"key":"Strength Potion"},{"floor":45,"key":"Strength Potion"},{"floor":48,"key":"DistilledChaos"},{"floor":49,"key":"GamblersBrew"}],"is_trial":false,"path_per_floor":["R","M","?","M","R","M","T","R","E","R","?","?","$","M","M","B",null,"R","M","R","?","E","M","T","R","?","R","M","M","M","?","M","B",null,"R","?","M","M","?","T","T","R","M","R","M","$","M","M","M","B",null],"character_chosen":"SLIMEBOUND","items_purchased":["hubris:EmptyBottle","Shuriken","Weak Potion"],"campfire_rested":0,"item_purchase_floors":[46,46,46],"current_hp_per_floor":[54,56,56,60,60,58,58,58,55,65,65,65,70,63,57,55,66,66,70,70,70,58,63,63,63,74,74,64,79,85,85,90,60,83,83,102,103,104,104,104,111,111,101,101,103,114,111,96,113,110],"gold":67,"neow_bonus":"RANDOM_COLORLESS_2","is_daily":false,"chose_seed":false,"campfire_upgraded":10,"win_rate":0.0,"timestamp":1608487365,"path_taken":["R","M","?","M","R","?","T","R","E","R","?","?","$","?","M","BOSS","R","M","R","?","E","?","T","R","?","R","M","?","M","?","M","BOSS","R","?","M","M","?","?","T","R","M","R","?","?","M","M","M","BOSS"],"items_purchased_type":["Relic","Relic","Potion"],"build_version":"2020-12-13","purchased_purges":0,"victory":true,"max_hp_per_floor":[60,60,60,60,60,60,60,60,60,70,70,70,70,70,70,70,70,70,70,70,70,70,74,74,74,74,74,79,80,85,85,90,91,91,91,102,103,104,104,104,111,111,112,112,113,114,115,116,117,118],"card_choices":[{"not_picked":["hubris:EnhanceAbility","Chrysalis"],"picked":"Apotheosis","floor":0},{"not_picked":["Slimebound:SlimeSpikes","Slimebound:SplitAcid"],"picked":"Slimebound:Recollect","floor":2},{"not_picked":["Slimebound:SlimeTap","Slimebound:FormOfPuddle"],"picked":"Slimebound:LeechEnergy","floor":4},{"not_picked":["Slimebound:ProtectTheBoss","Slimebound:SlimeBrawl"],"picked":"Slimebound:LeadByExample","floor":6},{"not_picked":["Slimebound:FormOfPuddle","Slimebound:RollThrough","Slimebound:SplitLeeching"],"picked":"SKIP","floor":9},{"not_picked":["Slimebound:AcidTongue","Slimebound:RollThrough"],"picked":"Slimebound:WasteNot","floor":13},{"not_picked":["Slimebound:Grow","Slimebound:LeechEnergy"],"picked":"Slimebound:DisruptingSlam","floor":14},{"not_picked":["Slimebound:FinishingTackle","Slimebound:MegaLick"],"picked":"Slimebound:RejuvenatingLick","floor":15},{"not_picked":["Slimebound:WasteNot","Slimebound:Overexert"],"picked":"Slimebound:MassFeed","floor":16},{"not_picked":["Slimebound:FinishingTackle","Sucker Punch","Slimebound:SplitLeeching","Slimebound:LeechEnergy+1"],"picked":"SKIP","floor":19},{"not_picked":["Cloak And Dagger+1","Flying Knee","Terror"],"picked":"Slimebound:MegaLick","floor":22},{"not_picked":["Slimebound:Prepare","hubris:SlightOfHand","Dagger Throw"],"picked":"Slimebound:RallyTheTroops","floor":23},{"not_picked":["Underhanded Strike","Leg Sweep+1","Dagger Throw"],"picked":"Slimebound:SplitMire","floor":26},{"not_picked":["Slimebound:PressTheAttack+1","Concentrate","Acrobatics","Slice"],"picked":"SKIP","floor":28},{"not_picked":["Dagger Throw","Slimebound:SplitLeeching","hubris:SlightOfHand","Slimebound:ComboTackle"],"picked":"SKIP","floor":29},{"not_picked":["Slimebound:ViciousTackle","Slimebound:GrowthPunch","Underhanded Strike+1"],"picked":"Slimebound:DuplicatedForm","floor":30},{"not_picked":["Slimebound:MegaLick","Cloak And Dagger+1","Bane"],"picked":"Slimebound:RejuvenatingLick","floor":32},{"not_picked":["Glass Knife","Slimebound:MinionMaster","Bullet Time"],"picked":"After Image","floor":33},{"not_picked":["Sucker Punch","Backflip+1","Slimebound:GrowthPunch","Slimebound:RainOfGoop+1"],"picked":"SKIP","floor":37},{"not_picked":["Slimebound:SplitLeeching","hubris:Counter+1","Blade Dance","hubris:SlightOfHand"],"picked":"SKIP","floor":38},{"not_picked":["Quick Slash+1","Slimebound:RallyTheTroops","Slice+1"],"picked":"Dagger Spray","floor":43},{"not_picked":["Choke+1","Slimebound:Grow+1","Outmaneuver+1","Slimebound:GoopSpray"],"picked":"SKIP","floor":45},{"not_picked":["Slimebound:FlameTackle+1","Distraction+1","Dagger Throw","Sucker Punch"],"picked":"SKIP","floor":46},{"not_picked":["Slimebound:GrowthPunch+1","Deflect","Slimebound:MegaLick"],"picked":"Slimebound:AcidTongue+1","floor":47},{"not_picked":["Slimebound:RollThrough","Slimebound:FinishingTackle","Blade Dance+1"],"picked":"Slimebound:Replication+1","floor":48},{"not_picked":["Flying Knee+1","Dodge and Roll+1","Slimebound:Prepare+1","Blade Dance+1"],"picked":"SKIP","floor":49}],"player_experience":2320730,"relics_obtained":[{"floor":9,"key":"Mummified Hand"},{"floor":22,"key":"aspiration:FetidBarrel"},{"floor":24,"key":"Anchor"},{"floor":26,"key":"downfall:CloakOfManyFaces"},{"floor":34,"key":"Bag of Preparation"},{"floor":34,"key":"Mercury Hourglass"},{"floor":34,"key":"Peace Pipe"},{"floor":41,"key":"Strawberry"}],"event_choices":[{"damage_healed":0,"gold_gain":0,"player_choice":"Forge","damage_taken":0,"max_hp_gain":0,"max_hp_loss":0,"event_name":"Accursed Blacksmith","floor":3,"gold_loss":0,"cards_upgraded":["Apotheosis"]},{"damage_healed":0,"gold_gain":0,"player_choice":"Got Potions","damage_taken":0,"max_hp_gain":0,"max_hp_loss":0,"event_name":"Lab","floor":12,"gold_loss":0},{"damage_healed":0,"gold_gain":0,"cards_transformed":["Slimebound:Tackle"],"player_choice":"Transformed","damage_taken":0,"max_hp_gain":0,"max_hp_loss":0,"event_name":"Transmorgrifier","floor":31,"gold_loss":0,"cards_obtained":["Deadly Poison"]}],"is_beta":false,"boss_relics":[{"not_picked":["hubris:Stopwatch","Runic Dome"],"picked":"aspiration:SilentSkillbook"},{"not_picked":["Snecko Eye","hubris:HollowSoul"],"picked":"Calling Bell"}],"items_purged_floors":[],"is_endless":false,"potions_floor_spawned":[6,14,16,19,22,28,33,37,38,45,48,49],"ascension_level":6}}