{"host":"ormi09wwzv7sq47a","time":1608423132,"event":{"mods":["2.2 Compatiblity","AchievementEnabler","Act Like it!","BaseMod","Bestiary","Better Note","Better Sensory Stone","Better Skull","Better Vampires","Colored Map","Colored Powertips","Curses Come First","DeckTracker","Downfall","Highlight Path","Minty Spire (QoL Compilation)","Permanent Neow","Quick Restart","Rare Cards Sparkle","Relic Stats","Shop Mod","StSLib","The Jungle"],"gold_per_floor":[119,138,138,149,164,164,184,201,255,28,54,54,71,86,86,184,184,195,195,214,226,5,5,5,5,5,5,5,5,20,34,34,34,34],"floor_reached":33,"playtime":1162,"items_purged":["Slimebound:Strike_Slimebound"],"score":401,"play_id":"86f514a0-e77a-4cba-b60c-4f21d10dafad","local_time":"20201219221212","is_ascension_mode":true,"campfire_choices":[{"data":"Slimebound:MassFeed","floor":6.0,"key":"SMITH"},{"data":"Slimebound:Split","floor":12.0,"key":"SMITH"},{"data":"Slimebound:Dissolve","floor":15.0,"key":"SMITH"},{"data":"Slimebound:LevelUp","floor":23.0,"key":"SMITH"},{"data":"Slimebound:MinionMaster","floor":25.0,"key":"SMITH"},{"data":"Slimebound:LeadByExample","floor":27.0,"key":"SMITH"},{"data":"Slimebound:SplitBruiser","floor":29.0,"key":"SMITH"},{"data":"Slimebound:LivingWall","floor":32.0,"key":"SMITH"}],"circlet_count":0,"master_deck":["Slimebound:Strike_Slimebound","Slimebound:Tackle","Slimebound:Defend_Slimebound","Slimebound:Defend_Slimebound","Slimebound:Defend_Slimebound","Slimebound:Defend_Slimebound","Slimebound:Split+1","Slimebound:CorrosiveSpit","Slimebound:ForwardTackle","Slimebound:Chomp","Slimebound:MassFeed+1","Slimebound:LevelUp+1","Slimebound:GoopTackle","Slimebound:LivingWall+1","Slimebound:ForwardTackle","Slimebound:SplitBruiser+1","Slimebound:LeadByExample+1","Slimebound:Dissolve+1","Slimebound:MinionMaster+1","Slimebound:RainOfGoop","Slimebound:BestDefense+1","Slimebound:RainOfGoop+1"],"relics":["Slimebound:AbsorbEndCombat","Akabeko","MawBank","Slimebound:MaxSlimesRelic","Centennial Puzzle","Slimebound:TarBlob","MealTicket","Nilry\u0027s Codex","Bottled Flame"],"acts_visited":["Exordium","TheCity"],"potions_floor_usage":[33],"damage_taken":[{"damage":7.0,"enemies":"Cultist","floor":1.0,"turns":3.0},{"damage":4.0,"enemies":"Small Slimes","floor":2.0,"turns":3.0},{"damage":4.0,"enemies":"2 Louse","floor":4.0,"turns":3.0},{"damage":0.0,"enemies":"Lots of Slimes","floor":5.0,"turns":1.0},{"damage":15.0,"enemies":"2 Fungi Beasts","floor":7.0,"turns":2.0},{"damage":4.0,"enemies":"Blue Slaver","floor":8.0,"turns":1.0},{"damage":5.0,"enemies":"Gremlin Nob","floor":11.0,"turns":2.0},{"damage":4.0,"enemies":"Lots of Slimes","floor":13.0,"turns":1.0},{"damage":15.0,"enemies":"Exordium Wildlife","floor":14.0,"turns":3.0},{"damage":47.0,"enemies":"The Guardian","floor":16.0,"turns":6.0},{"damage":29.0,"enemies":"Chosen","floor":18.0,"turns":3.0},{"damage":13.0,"enemies":"Shell Parasite","floor":20.0,"turns":2.0},{"damage":35.0,"enemies":"Chosen and Byrds","floor":21.0,"turns":4.0},{"damage":44.0,"enemies":"Centurion and Healer","floor":30.0,"turns":5.0},{"damage":63.0,"enemies":"3 Cultists","floor":31.0,"turns":5.0},{"damage":33,"enemies":"Champ","floor":33,"turns":3}],"seed_played":"6227430751863783728","potions_obtained":[{"floor":1.0,"key":"SkillPotion"},{"floor":2.0,"key":"Slimebound:SlimyTonguePotion"},{"floor":11.0,"key":"ColorlessPotion"},{"floor":13.0,"key":"Slimebound:SlimedPotion"},{"floor":14.0,"key":"AttackPotion"},{"floor":21.0,"key":"SneckoOil"}],"is_trial":false,"path_per_floor":["M","M","?","M","M","R","M","M","T","$","E","R","M","M","R","B",null,"M","?","M","M","$","R","?","R","T","R","$","R","M","M","R","B"],"character_chosen":"SLIMEBOUND","items_purchased":["Slimebound:MaxSlimesRelic","MealTicket"],"campfire_rested":0,"item_purchase_floors":[10,22],"current_hp_per_floor":[55,57,57,60,75,75,70,66,66,66,67,67,87,86,86,73,101,100,100,101,88,88,88,72,72,72,72,87,87,71,24,24,0,0],"gold":34,"neow_bonus":"RANDOM_COMMON_RELIC","is_daily":false,"chose_seed":false,"campfire_upgraded":8,"win_rate":0.0,"timestamp":1608423132,"path_taken":["M","?","?","M","?","R","M","M","T","?","E","R","M","M","R","BOSS","M","?","M","?","$","R","?","R","T","R","$","R","M","M","R","BOSS"],"items_purchased_type":["Relic","Relic"],"build_version":"2020-12-13","purchased_purges":1,"victory":false,"max_hp_per_floor":[60,60,60,63,78,78,86,86,86,86,86,86,106,106,106,110,110,110,110,110,114,114,114,114,114,114,114,114,114,114,114,114,114,114],"relic_stats":{"Centennial Puzzle":[27],"counters":[16,44],"MealTicket":15,"MawBank":12,"obtain_stats":[{"Centennial Puzzle":11,"Bottled Flame":26,"Slimebound:MaxSlimesRelic":10,"Nilry\u0027s Codex":24,"MealTicket":22,"Slimebound:AbsorbEndCombat":0,"MawBank":9,"Akabeko":0,"Slimebound:TarBlob":17},{"Centennial Puzzle":7,"Bottled Flame":13,"Slimebound:MaxSlimesRelic":6,"Nilry\u0027s Codex":13,"MealTicket":13,"Slimebound:AbsorbEndCombat":0,"MawBank":6,"Akabeko":0,"Slimebound:TarBlob":10},{"Centennial Puzzle":15,"Bottled Flame":32,"Slimebound:MaxSlimesRelic":13,"Nilry\u0027s Codex":32,"MealTicket":32,"Slimebound:AbsorbEndCombat":0,"MawBank":13,"Akabeko":0,"Slimebound:TarBlob":24}]},"card_choices":[{"not_picked":["Slimebound:SplitLeeching","Slimebound:PressTheAttack"],"picked":"Slimebound:ForwardTackle","floor":1.0},{"not_picked":["Slimebound:Repurpose","Slimebound:GrowthPunch"],"picked":"Slimebound:Chomp","floor":2.0},{"not_picked":["Slimebound:Schlurp","Slimebound:SplitAcid"],"picked":"Slimebound:LevelUp","floor":4.0},{"not_picked":["Slimebound:SamplingLick","Slimebound:ViciousTackle"],"picked":"Slimebound:GoopTackle","floor":5.0},{"not_picked":["Slimebound:PressTheAttack","Slimebound:MegaLick"],"picked":"Slimebound:LivingWall","floor":7.0},{"not_picked":["Slimebound:SplitAcid","Slimebound:FinishingTackle"],"picked":"Slimebound:ForwardTackle","floor":8.0},{"not_picked":["Slimebound:ItLooksTasty","Slimebound:SlimeSpikes"],"picked":"Slimebound:SplitBruiser","floor":11.0},{"not_picked":["Slimebound:SplitLeeching","Slimebound:DouseInSlime"],"picked":"Slimebound:LeadByExample","floor":13.0},{"not_picked":["Slimebound:ComboTackle","Slimebound:SamplingLick"],"picked":"Slimebound:Dissolve","floor":14.0},{"not_picked":["Slimebound:MassRepurpose","Slimebound:OneTwoCombo"],"picked":"Slimebound:MinionMaster","floor":16.0},{"not_picked":["Slimebound:PressTheAttack","Slimebound:SplitLeeching","Slimebound:RollThrough"],"picked":"SKIP","floor":18.0},{"not_picked":["Slimebound:SplitLeeching","Slimebound:PressTheAttack"],"picked":"Slimebound:RainOfGoop","floor":20.0},{"not_picked":["Slimebound:Dissolve","Slimebound:SamplingLick+1"],"picked":"Slimebound:BestDefense+1","floor":21.0},{"not_picked":["Slimebound:LevelUp","Slimebound:SamplingLick","Slimebound:LeechEnergy+1"],"picked":"SKIP","floor":30.0},{"not_picked":["Slimebound:GoopSpray","Slimebound:Replication"],"picked":"Slimebound:RainOfGoop+1","floor":31.0}],"player_experience":711135,"relics_obtained":[{"floor":9.0,"key":"MawBank"},{"floor":11.0,"key":"Centennial Puzzle"},{"floor":24.0,"key":"Nilry\u0027s Codex"},{"floor":26.0,"key":"Bottled Flame"}],"event_choices":[{"damage_healed":0.0,"max_hp_gain":0.0,"max_hp_loss":0.0,"gold_gain":0.0,"event_name":"Match and Keep!","player_choice":"1 cards matched","floor":3.0,"gold_loss":0.0,"damage_taken":0.0,"cards_obtained":["Slimebound:MassFeed"]},{"cards_removed":["Slimebound:Strike_Slimebound"],"damage_healed":0.0,"max_hp_gain":0.0,"max_hp_loss":0.0,"gold_gain":0.0,"event_name":"Purifier","player_choice":"Purged","floor":19.0,"gold_loss":0.0,"damage_taken":0.0},{"damage_healed":0.0,"max_hp_gain":0.0,"max_hp_loss":0.0,"gold_gain":0.0,"event_name":"Cursed Tome","player_choice":"Obtained Book","floor":24.0,"gold_loss":0.0,"damage_taken":16.0}],"is_beta":false,"boss_relics":[{"not_picked":["Empty Cage","Sozu"],"picked":"Slimebound:TarBlob"}],"items_purged_floors":[22],"is_endless":false,"potions_floor_spawned":[1,2,11,13,14,18,21],"killed_by":"Champ","ascension_level":8}}