{"host":"g1dfl30o7gson6fx","time":1608444622,"event":{"mods":["AchievementEnabler","BaseMod","CapriCore","Colored Map","Minty Spire (QoL Compilation)","Quick Restart","Shop Mod","StSLib","SuperFastMode","The Immortal"],"gold_per_floor":[112,112,112,112,126,126,153,153,153,153,180,194,213,273,273,273,273,273],"floor_reached":16,"playtime":606,"items_purged":[],"score":133,"play_id":"f37f27c3-b76d-4eb8-a294-fe5c84439966","local_time":"20201220151022","is_ascension_mode":false,"campfire_choices":[{"floor":6,"key":"RECALL"},{"floor":8,"key":"REST"},{"data":"MokouMod:ImperishableFlame","floor":10,"key":"SMITH"},{"floor":15,"key":"REST"}],"circlet_count":0,"master_deck":["MokouMod:Strike","MokouMod:Strike","MokouMod:Strike","MokouMod:Strike","MokouMod:Strike","MokouMod:Defend","MokouMod:Defend","MokouMod:Defend","MokouMod:Defend","MokouMod:HeatSpark","MokouMod:IndiscriminateIgnition+1","MokouMod:ImperishableFlame+1","MokouMod:ScorchingColumn","MokouMod:BurningDraft","MokouMod:Trailblazer","MokouMod:SubterraneanCore","MokouMod:RoaringFlare"],"relics":["MokouMod:PhoenixFeather","Juzu Bracelet","Mango","Du-Vu Doll"],"acts_visited":["Exordium"],"potions_floor_usage":[],"damage_taken":[{"damage":0,"enemies":"Small Slimes","floor":1,"turns":3},{"damage":8,"enemies":"2 Louse","floor":5,"turns":2},{"damage":48,"enemies":"3 Sentries","floor":7,"turns":10},{"damage":29,"enemies":"Gremlin Nob","floor":11,"turns":4},{"damage":1,"enemies":"Cultist","floor":12,"turns":3},{"damage":10,"enemies":"Lots of Slimes","floor":13,"turns":3},{"damage":46,"enemies":"Gremlin Nob","floor":14,"turns":5},{"damage":57,"enemies":"Slime Boss","floor":16,"turns":7}],"seed_played":"556683257316232873","potions_obtained":[{"floor":11,"key":"SmokeBomb"}],"is_trial":false,"path_per_floor":["M","?","?","?","M","R","E","R","T","R","E","M","M","?","R","B"],"character_chosen":"MKU","items_purchased":[],"campfire_rested":2,"item_purchase_floors":[],"current_hp_per_floor":[82,87,87,87,79,79,31,57,57,57,42,41,31,15,45,14,14,14],"gold":273,"neow_bonus":"TEN_PERCENT_HP_BONUS","is_daily":false,"chose_seed":false,"campfire_upgraded":1,"win_rate":0.0,"timestamp":1608444622,"path_taken":["M","?","?","?","M","R","E","R","T","R","E","M","M","?","R","BOSS"],"items_purchased_type":[],"build_version":"2020-12-13","purchased_purges":0,"victory":false,"max_hp_per_floor":[82,87,87,87,87,87,87,87,87,87,101,101,101,101,101,101,101,101],"card_choices":[{"not_picked":["MokouMod:Ember","MokouMod:Singe"],"picked":"MokouMod:IndiscriminateIgnition","floor":1},{"not_picked":["MokouMod:Singe","MokouMod:Ember"],"picked":"MokouMod:ImperishableFlame","floor":5},{"not_picked":["MokouMod:BlazingComet","MokouMod:IgneousBlow"],"picked":"MokouMod:ScorchingColumn","floor":7},{"not_picked":["MokouMod:TemporalFireSeal","MokouMod:HeatCyclone"],"picked":"MokouMod:BurningDraft","floor":11},{"not_picked":["MokouMod:BurningDraft","MokouMod:InfernalWave"],"picked":"MokouMod:Trailblazer","floor":12},{"not_picked":["MokouMod:HeatCyclone","MokouMod:Singe"],"picked":"MokouMod:SubterraneanCore","floor":13},{"not_picked":["MokouMod:EternalBurstReactor","MokouMod:BurningHiddenBullet"],"picked":"MokouMod:RoaringFlare","floor":14}],"player_experience":53167,"relics_obtained":[{"floor":7,"key":"Juzu Bracelet"},{"floor":11,"key":"Mango"},{"floor":14,"key":"Du-Vu Doll"}],"event_choices":[{"damage_healed":0,"gold_gain":0,"player_choice":"Donut","damage_taken":0,"max_hp_gain":5,"max_hp_loss":0,"event_name":"Big Fish","floor":2,"gold_loss":0},{"damage_healed":0,"gold_gain":0,"player_choice":"Grow","damage_taken":0,"max_hp_gain":0,"max_hp_loss":0,"event_name":"Living Wall","floor":3,"gold_loss":0,"cards_upgraded":["MokouMod:IndiscriminateIgnition"]},{"damage_healed":0,"gold_gain":0,"player_choice":"Leave","damage_taken":0,"max_hp_gain":0,"max_hp_loss":0,"event_name":"The Cleric","floor":4,"gold_loss":0},{"damage_healed":0,"gold_gain":30,"player_choice":"Searched \u00272\u0027 times","damage_taken":0,"max_hp_gain":0,"max_hp_loss":0,"event_name":"Dead Adventurer","floor":14,"gold_loss":0}],"is_beta":false,"boss_relics":[],"items_purged_floors":[],"is_endless":false,"potions_floor_spawned":[11],"killed_by":"Slime Boss","ascension_level":0}}