{"host":"ssbj2e5691x5ub3h","time":1608437510,"event":{"mods":["BaseMod","Duelist Mod","Minty Spire (QoL Compilation)","StSLib"],"gold_per_floor":[136,86,97,117,132,132,163,173,223,223,240,240,252,252,252,349,349,365,118,130,143,143,143],"floor_reached":22,"playtime":1092,"items_purged":[],"score":200,"play_id":"92a37190-de52-415e-b343-b97afab9100f","local_time":"20201220021150","is_ascension_mode":true,"campfire_choices":[{"data":"theDuelist:SilverWing","floor":6,"key":"SMITH"},{"data":"theDuelist:Mountain","floor":12,"key":"SMITH"},{"floor":15,"key":"REST"}],"circlet_count":0,"master_deck":["theDuelist:BabyDragon","theDuelist:CastleWalls+1","theDuelist:CastleWalls","theDuelist:CaveDragon+1","theDuelist:CaveDragon","theDuelist:LesserDragon","theDuelist:LesserDragon","theDuelist:Sparks","theDuelist:YamataDragon","theDuelist:SilverWing+1","theDuelist:TwinBarrelDragon","theDuelist:MirageDragon","theDuelist:CurseAging","theDuelist:Mountain+1","theDuelist:DragonMastery","theDuelist:GoldenApples","theDuelist:EyeTimaeus+1"],"relics":["theDuelist:MillenniumPuzzle","theDuelist:CardPoolRelic","theDuelist:CardPoolBasicRelic","theDuelist:BoosterPackPoolRelic","theDuelist:CardPoolAddRelic","theDuelist:CardPoolMinusRelic","theDuelist:CardPoolSaveRelic","theDuelist:CardPoolOptionsRelic","War Paint","theDuelist:MillenniumPeriapt","Strawberry","theDuelist:ResummonBranch","Question Card","Snecko Eye","Gremlin Horn"],"acts_visited":["Exordium","TheCity"],"potions_floor_usage":[7,16,22],"damage_taken":[{"damage":0,"enemies":"Cultist","floor":1,"turns":2},{"damage":4,"enemies":"2 Louse","floor":3,"turns":3},{"damage":2,"enemies":"Small Slimes","floor":4,"turns":2},{"damage":2,"enemies":"Blue Slaver","floor":5,"turns":3},{"damage":19,"enemies":"Gremlin Nob","floor":7,"turns":4},{"damage":3,"enemies":"Large Slime","floor":8,"turns":4},{"damage":2,"enemies":"Exordium Thugs","floor":11,"turns":4},{"damage":3,"enemies":"Blue Slaver","floor":13,"turns":4},{"damage":25,"enemies":"The Guardian","floor":16,"turns":12},{"damage":10,"enemies":"Spheric Guardian","floor":18,"turns":5},{"damage":11,"enemies":"Shell Parasite","floor":20,"turns":6},{"damage":32,"enemies":"Sentry and Sphere","floor":21,"turns":7},{"damage":38,"enemies":"Shelled Parasite and Fungi","floor":22,"turns":2}],"seed_played":"5355470659359355210","potions_obtained":[{"floor":3,"key":"theDuelist:SolderPotionB"},{"floor":4,"key":"theDuelist:TokenPotionB"},{"floor":7,"key":"theDuelist:TokenPotion"},{"floor":8,"key":"theDuelist:IcePotion"},{"floor":21,"key":"theDuelist:FusionPotion"}],"is_trial":false,"path_per_floor":["M","?","M","M","M","R","E","M","T","?","M","R","M","?","R","B",null,"M","$","M","M","M"],"character_chosen":"THE_DUELIST","items_purchased":["Gremlin Horn"],"campfire_rested":1,"item_purchase_floors":[19],"current_hp_per_floor":[80,80,76,74,72,72,53,50,57,57,55,55,52,40,66,45,87,77,77,66,34,0,0],"gold":143,"neow_bonus":"RANDOM_COMMON_RELIC","is_daily":false,"chose_seed":false,"campfire_upgraded":2,"win_rate":0.0,"timestamp":1608437510,"path_taken":["M","?","M","M","M","R","E","M","T","?","M","R","M","?","R","BOSS","M","$","M","M","M"],"items_purchased_type":["Relic"],"build_version":"2020-12-13","purchased_purges":0,"victory":false,"max_hp_per_floor":[80,80,80,80,80,80,80,80,87,87,87,87,87,87,87,87,87,87,87,87,87,87,87],"card_choices":[{"not_picked":["theDuelist:TyrantWing","theDuelist:MiraculousDescent","theDuelist:DragonMirror"],"picked":"theDuelist:SilverWing","floor":1},{"not_picked":["theDuelist:BlackStego","theDuelist:BlackBrutdrago"],"picked":"theDuelist:TwinBarrelDragon","floor":3},{"not_picked":["theDuelist:BlockGolem","theDuelist:LabyrinthWall","theDuelist:RainbowOverdragon"],"picked":"SKIP","floor":4},{"not_picked":["theDuelist:MoltenDestruction","theDuelist:DefenseZone","theDuelist:AncientRules"],"picked":"SKIP","floor":5},{"not_picked":["theDuelist:TrihornedDragon","theDuelist:EvilMind","theDuelist:DarkDriceratops"],"picked":"SKIP","floor":7},{"not_picked":["theDuelist:CyberValley","theDuelist:CurseDragon"],"picked":"theDuelist:MirageDragon","floor":8},{"not_picked":["theDuelist:FiendSkull","theDuelist:LordD"],"picked":"theDuelist:Mountain","floor":11},{"not_picked":["theDuelist:ViceDragon","theDuelist:SphereChaos","theDuelist:TornadoDragon"],"picked":"SKIP","floor":13},{"not_picked":["theDuelist:SurvivalFittest","theDuelist:DoomkaiserDragon","theDuelist:CyberDragonInfinity"],"picked":"theDuelist:DragonMastery","floor":16},{"not_picked":["theDuelist:BigFire","theDuelist:StrayLambs","theDuelist:Reload+1"],"picked":"theDuelist:GoldenApples","floor":18},{"not_picked":["theDuelist:SpiralSpearStrike","theDuelist:Mountain","theDuelist:DragonMirror"],"picked":"theDuelist:EyeTimaeus+1","floor":20},{"not_picked":["theDuelist:WhiteHowling","theDuelist:JurassicImpact","theDuelist:GalaxySoldier","theDuelist:DragonTreasure"],"picked":"SKIP","floor":21}],"player_experience":152280,"relics_obtained":[{"floor":7,"key":"theDuelist:MillenniumPeriapt"},{"floor":9,"key":"Strawberry"}],"event_choices":[{"cards_removed":["theDuelist:Sparks"],"damage_healed":0,"gold_gain":0,"player_choice":"Card Removal","damage_taken":0,"max_hp_gain":0,"max_hp_loss":0,"event_name":"The Cleric","floor":2,"gold_loss":50},{"damage_healed":0,"gold_gain":0,"player_choice":"Took item - Received: Millennium Branch","duelist":true,"damage_taken":0,"max_hp_gain":0,"max_hp_loss":0,"event_name":"Millennium Items","floor":10,"gold_loss":0},{"damage_healed":0,"gold_gain":0,"player_choice":"Success","damage_taken":12,"relics_obtained":["Question Card"],"max_hp_gain":0,"max_hp_loss":0,"event_name":"Scrap Ooze","floor":14,"gold_loss":0}],"is_beta":false,"boss_relics":[{"not_picked":["SlaversCollar","Empty Cage"],"picked":"Snecko Eye"}],"items_purged_floors":[],"is_endless":false,"potions_floor_spawned":[3,4,7,8,21],"killed_by":"Shelled Parasite and Fungi","ascension_level":1}}