{"host":"kstmajdnxm8lto3o","time":1608434805,"event":{"mods":["Aspiration","BaseMod","Better Third Choice","BetterRewards","CCEM","Conspire","Downfall","Gremlin Skip","Highlight Path","Hubris","Minty Spire (QoL Compilation)","Replay The Spire","Shop Mod","Spicy Shops","StSLib"],"gold_per_floor":[117,132,144,144,46,78,93,110,137,163,163,163,163,183,183,279,279,289,289,301,301,321,321,333,333,333,344,361,361,361,391,391,494,494,506,518,52,352,371,399,399,431,431,431,431,431,431,445,445,445,445,445,11,11,11],"floor_reached":54,"playtime":3498,"items_purged":["Looming Evil"],"score":552,"play_id":"ba25cc18-bb8f-4f28-8318-1556a7624b74","local_time":"20201219222645","is_ascension_mode":false,"campfire_choices":[{"data":"ReplayTheSpireMod:Dual Polarity","floor":15,"key":"SMITH"},{"data":"Defragment","floor":23,"key":"SMITH"},{"data":"Echo Form","floor":25,"key":"SMITH"},{"data":"Dualcast","floor":29,"key":"SMITH"},{"data":"Rainbow","floor":32,"key":"SMITH"},{"floor":45,"key":"RECALL"},{"data":"Defragment+1","floor":47,"key":"SMITH"},{"floor":49,"key":"REST"},{"data":"Defragment+2","floor":52,"key":"SMITH"}],"circlet_count":0,"master_deck":["Strike_B","Strike_B","Strike_B","Strike_B","Defend_B","Defend_B","Defend_B","Zap+1","Dualcast+1","Apotheosis+1","Defragment+3","Conserve Battery","Coolheaded","Streamline","BootSequence","Rainbow+1","Cold Snap","Conserve Battery","ReplayTheSpireMod:Dual Polarity+1","Echo Form+1","Cold Snap+1","Beam Cell+1","Thunder Strike","Leap+1","BasicCrystalCard","Go for the Eyes","Beam Cell+1","Conserve Battery","Multi-Cast"],"relics":["Cracked Core","Replay:Rubber Ducky","CCEMRelics:JestersCrown","CCEMRelics:GrapeVine","hubris:RunicObelisk","Enchiridion","conspire:InfiniteJournal","Nunchaku","hubris:BallOfYels","hubris:SlimyHat","aspiration:Nostalgia","hexamod:SpiritBrand","Sundial","Ginger","Art of War","DataDisk","Pen Nib"],"acts_visited":["Exordium","TheCity","TheBeyond","TheEnding"],"potions_floor_usage":[33,33,39,54],"damage_taken":[{"damage":6,"enemies":"2 Louse","floor":1,"turns":3},{"damage":7,"enemies":"Cultist","floor":2,"turns":4},{"damage":2,"enemies":"Small Slimes","floor":3,"turns":4},{"damage":24,"enemies":"Gremlin Nob","floor":6,"turns":4},{"damage":0,"enemies":"2 Fungi Beasts","floor":7,"turns":3},{"damage":2,"enemies":"Blue Slaver","floor":8,"turns":3},{"damage":4,"enemies":"3 Sentries","floor":10,"turns":8},{"damage":0,"enemies":"Red Slaver","floor":14,"turns":2},{"damage":4,"enemies":"Slime Boss","floor":16,"turns":9},{"damage":0,"enemies":"Spheric Guardian","floor":18,"turns":4},{"damage":0,"enemies":"Shell Parasite","floor":20,"turns":4},{"damage":0,"enemies":"Shelled Parasite and Fungi","floor":22,"turns":5},{"damage":0,"enemies":"Centurion and Healer","floor":24,"turns":5},{"damage":0,"enemies":"Cultist and Chosen","floor":27,"turns":4},{"damage":0,"enemies":"Snecko","floor":28,"turns":6},{"damage":5,"enemies":"Book of Stabbing","floor":31,"turns":6},{"damage":27,"enemies":"Collector","floor":33,"turns":10},{"damage":7,"enemies":"Orb Walker","floor":35,"turns":4},{"damage":1,"enemies":"3 Shapes","floor":36,"turns":5},{"damage":0,"enemies":"Transient","floor":39,"turns":5},{"damage":21,"enemies":"Nemesis","floor":40,"turns":7},{"damage":3,"enemies":"Giant Head","floor":42,"turns":7},{"damage":24,"enemies":"Writhing Mass","floor":48,"turns":6},{"damage":0,"enemies":"Replay:Hell Engine","floor":50,"turns":9},{"damage":108,"enemies":"Shield and Spear","floor":54,"turns":8}],"seed_played":"-4294886979501526697","potions_obtained":[{"floor":6,"key":"SteroidPotion"},{"floor":7,"key":"EntropicBrew"},{"floor":10,"key":"Block Potion"},{"floor":24,"key":"Death Potion"},{"floor":28,"key":"FairyPotion"},{"floor":36,"key":"Weak Potion"},{"floor":39,"key":"SpeedPotion"}],"is_trial":false,"path_per_floor":["M","M","M","?","$","E","M","M","T","E","?","?","T","M","R","B",null,"M","?","M","?","M","R","M","R","T","M","M","R","?","E","R","B",null,"M","M","$","?","M","E","?","E","T","?","R","?","R","M","R","B",null,"R","$","E"],"character_chosen":"DEFECT","items_purchased":["Streamline","hubris:BallOfYels","hubris:SlimyHat","aspiration:Nostalgia","DataDisk","Pen Nib","Multi-Cast"],"campfire_rested":1,"item_purchase_floors":[5,37,37,37,53,53,53],"current_hp_per_floor":[69,62,60,60,60,36,36,34,34,30,30,30,30,30,30,26,75,75,59,59,59,59,59,59,59,59,59,59,59,59,54,54,27,75,68,67,67,67,67,46,46,43,43,43,43,43,43,19,40,40,71,71,71,0,0],"gold":11,"neow_bonus":"RANDOM_COLORLESS_2","is_daily":false,"chose_seed":false,"campfire_upgraded":7,"win_rate":0.0,"timestamp":1608434805,"path_taken":["M","M","M","?","$","E","M","?","T","E","?","?","?","M","R","BOSS","M","?","M","?","M","R","M","R","T","?","M","R","?","E","R","BOSS","M","M","$","?","?","E","?","E","T","?","R","?","R","M","R","BOSS","R","$","E"],"items_purchased_type":["Card","Relic","Relic","Relic","Relic","Relic","Card"],"build_version":"2020-12-13","purchased_purges":1,"victory":false,"max_hp_per_floor":[75,75,75,75,75,75,75,75,75,75,75,75,75,75,75,75,75,75,75,75,75,75,75,75,75,75,75,75,75,75,75,75,75,75,75,75,75,75,75,75,75,75,75,71,71,71,71,71,71,71,71,71,71,71,71],"card_choices":[{"not_picked":["expansioncontent:StudyTheSpire","Panache"],"picked":"Apotheosis","floor":0},{"not_picked":["Rebound","Undo"],"picked":"Defragment","floor":1},{"not_picked":["ReplaySolidLightProjector","Cold Snap"],"picked":"Conserve Battery","floor":2},{"not_picked":["Hologram","Ball Lightning"],"picked":"Coolheaded","floor":3},{"not_picked":["Static Discharge","Sweeping Beam"],"picked":"BootSequence","floor":6},{"not_picked":["Steam Power","Compile Driver"],"picked":"Rainbow","floor":7},{"not_picked":["Self Repair","Panic Button"],"picked":"Cold Snap","floor":8},{"not_picked":["Hologram","White Noise"],"picked":"Conserve Battery","floor":10},{"not_picked":["Reinforced Body","Go for the Eyes"],"picked":"ReplayTheSpireMod:Dual Polarity","floor":14},{"not_picked":["hubris:DoWhile","ReplayTheSpireMod:Fabricate Wheel"],"picked":"Echo Form","floor":16},{"not_picked":["Turbo","Gash"],"picked":"Cold Snap+1","floor":18},{"not_picked":["Cold Snap","Steam","conspire:Rain"],"picked":"SKIP","floor":20},{"not_picked":["Consume","Stack+1","Hologram"],"picked":"SKIP","floor":22},{"not_picked":["ReplayTheSpireMod:Repulse+1","Hologram","Heatsinks"],"picked":"SKIP","floor":24},{"not_picked":["Rebound","Compile Driver"],"picked":"Beam Cell+1","floor":27},{"not_picked":["Stack+1","Gash"],"picked":"Thunder Strike","floor":28},{"not_picked":["Double Energy+1","Coolheaded+1"],"picked":"Leap+1","floor":31},{"not_picked":["Compile Driver","Fusion"],"picked":"BasicCrystalCard","floor":35},{"not_picked":["ReplayTheSpireMod:Reroute Power","ReplaySolidLightProjector","Reprogram"],"picked":"SKIP","floor":36},{"not_picked":["FIFO Queue+1","Reinforced Body","Coolheaded+1"],"picked":"SKIP","floor":39},{"not_picked":["aspiration:Polymerization","Hologram"],"picked":"Go for the Eyes","floor":40},{"not_picked":["Rip and Tear+1","Compile Driver"],"picked":"Beam Cell+1","floor":42},{"not_picked":["Gash+1","Leap"],"picked":"Conserve Battery","floor":48}],"player_experience":470211,"relics_obtained":[{"floor":6,"key":"Replay:Rubber Ducky"},{"floor":9,"key":"CCEMRelics:JestersCrown"},{"floor":10,"key":"CCEMRelics:GrapeVine"},{"floor":19,"key":"Enchiridion"},{"floor":26,"key":"conspire:InfiniteJournal"},{"floor":31,"key":"Nunchaku"},{"floor":40,"key":"Sundial"},{"floor":42,"key":"Ginger"},{"floor":43,"key":"Art of War"}],"event_choices":[{"damage_healed":0,"gold_gain":0,"player_choice":"Forge","damage_taken":0,"max_hp_gain":0,"max_hp_loss":0,"event_name":"Accursed Blacksmith","floor":4,"gold_loss":0,"cards_upgraded":["Apotheosis"]},{"damage_healed":0,"gold_gain":0,"player_choice":"Leave","damage_taken":0,"max_hp_gain":0,"max_hp_loss":0,"event_name":"conspire:Investor","floor":11,"gold_loss":0},{"damage_healed":0,"gold_gain":0,"player_choice":"Grow","damage_taken":0,"max_hp_gain":0,"max_hp_loss":0,"event_name":"Living Wall","floor":12,"gold_loss":0,"cards_upgraded":["Zap"]},{"damage_healed":0,"gold_gain":0,"player_choice":"Obtained Book","damage_taken":16,"max_hp_gain":0,"max_hp_loss":0,"event_name":"Cursed Tome","floor":19,"gold_loss":0},{"damage_healed":0,"gold_gain":0,"player_choice":"Bought 0 Potions","damage_taken":0,"max_hp_gain":0,"max_hp_loss":0,"event_name":"The Woman in Blue","floor":21,"gold_loss":0},{"damage_healed":0,"gold_gain":300,"player_choice":"Gold","damage_taken":0,"max_hp_gain":0,"max_hp_loss":0,"event_name":"Wheel of Change","floor":38,"gold_loss":0},{"damage_healed":0,"gold_gain":0,"player_choice":"Max HP","damage_taken":0,"max_hp_gain":0,"max_hp_loss":4,"event_name":"Winding Halls","floor":44,"gold_loss":0},{"cards_removed":["Defend_B"],"damage_healed":0,"gold_gain":0,"player_choice":"Purged","damage_taken":0,"max_hp_gain":0,"max_hp_loss":0,"event_name":"Purifier","floor":46,"gold_loss":0}],"is_beta":false,"boss_relics":[{"not_picked":["Replay:Grab Bag","conspire:RunicOctahedron"],"picked":"hubris:RunicObelisk"},{"not_picked":["aspiration:SecretTechniqueScroll","CCEMRelics:GreenEgg","aspiration:FutureDiary"]}],"items_purged_floors":[5],"is_endless":false,"potions_floor_spawned":[6,7,10,14,16,24,27,28,31,36,39,48],"killed_by":"Shield and Spear","ascension_level":0}}