{"host":"newqdrzxfhh2im9e","time":1608490641,"event":{"mods":["AchievementEnabler","BaseMod","BetterRewards","Block Reminder","Colored Map","Jorbs\u0027s Wanderer Trilogy","Minty Spire (QoL Compilation)","Rare Cards Sparkle","Shop Mod","StSLib"],"gold_per_floor":[118,118,129,145,163,163,194,194,194,223,223,239,239,252,252,378,378,397,415,490,503,31,31,46,69,69,69,69,94,133,152,152,283,283,306,327,327,327,342,363,363,66,66,79,79,98,98,116,116,116],"floor_reached":51,"playtime":1409,"items_purged":[],"score":675,"play_id":"4c62a022-dd42-495d-8aa9-1d3f09cca358","local_time":"20201220105721","is_ascension_mode":false,"campfire_choices":[{"data":"Defragment","floor":6,"key":"SMITH"},{"data":"Echo Form","floor":8,"key":"SMITH"},{"data":"Storm","floor":11,"key":"SMITH"},{"floor":15,"key":"REST"},{"data":"Electrodynamics","floor":23,"key":"SMITH"},{"floor":27,"key":"REST"},{"floor":32,"key":"REST"},{"floor":41,"key":"REST"},{"data":"Thunder Strike","floor":45,"key":"SMITH"},{"data":"Loop","floor":49,"key":"SMITH"}],"circlet_count":0,"master_deck":["Strike_B","Strike_B","Strike_B","Defend_B","Defend_B","Defend_B","Defend_B","Dualcast","Storm+1","Undo","Tempest","Defragment+1","Echo Form+1","Melter","Heatsinks","Electrodynamics+1","Force Field+1","The Bomb","Loop+1","Skim","Auto Shields","Static Discharge","Aggregate","Thunder Strike+1","Defragment+1","Rip and Tear+1","Reinforced Body+1"],"relics":["Cracked Core","NeowsBlessing","Omamori","Meat on the Bone","Art of War","Odd Mushroom","Golden Idol","Nuclear Battery","Blood Vial","Anchor","White Beast Statue","Eternal Feather","Busted Crown","Lee\u0027s Waffle","Vajra"],"acts_visited":["Exordium","TheCity","TheBeyond"],"potions_floor_usage":[5,10,10,16,25,30,30,31,33,33,33,39,39,39,44,50],"damage_taken":[{"damage":0,"enemies":"Small Slimes","floor":1,"turns":1},{"damage":0,"enemies":"Jaw Worm","floor":3,"turns":1},{"damage":0,"enemies":"Cultist","floor":4,"turns":1},{"damage":0,"enemies":"Lots of Slimes","floor":5,"turns":1},{"damage":15,"enemies":"Gremlin Nob","floor":7,"turns":5},{"damage":9,"enemies":"The Mushroom Lair","floor":10,"turns":2},{"damage":6,"enemies":"Exordium Wildlife","floor":12,"turns":3},{"damage":0,"enemies":"Looter","floor":14,"turns":3},{"damage":7,"enemies":"Slime Boss","floor":16,"turns":6},{"damage":15,"enemies":"3 Byrds","floor":18,"turns":4},{"damage":2,"enemies":"2 Thieves","floor":19,"turns":3},{"damage":18,"enemies":"Centurion and Healer","floor":21,"turns":4},{"damage":9,"enemies":"Shelled Parasite and Fungi","floor":24,"turns":4},{"damage":0,"enemies":"Chosen and Byrds","floor":25,"turns":3},{"damage":0,"enemies":"Sentry and Sphere","floor":29,"turns":2},{"damage":13,"enemies":"Book of Stabbing","floor":30,"turns":4},{"damage":17,"enemies":"Snecko","floor":31,"turns":4},{"damage":17,"enemies":"Collector","floor":33,"turns":6},{"damage":3,"enemies":"Orb Walker","floor":35,"turns":3},{"damage":19,"enemies":"3 Darklings","floor":36,"turns":2},{"damage":19,"enemies":"Maw","floor":39,"turns":5},{"damage":35,"enemies":"Sphere and 2 Shapes","floor":40,"turns":4},{"damage":0,"enemies":"3 Darklings","floor":44,"turns":3},{"damage":2,"enemies":"Jaw Worm Horde","floor":46,"turns":3},{"damage":26,"enemies":"Writhing Mass","floor":48,"turns":3},{"damage":39,"enemies":"Donu and Deca","floor":50,"turns":5}],"seed_played":"-8987701115536497771","potions_obtained":[{"floor":4,"key":"Explosive Potion"},{"floor":5,"key":"Explosive Potion"},{"floor":7,"key":"SkillPotion"},{"floor":14,"key":"BlessingOfTheForge"},{"floor":24,"key":"FearPotion"},{"floor":25,"key":"Swift Potion"},{"floor":29,"key":"CultistPotion"},{"floor":30,"key":"EntropicBrew"},{"floor":33,"key":"Dexterity Potion"},{"floor":35,"key":"Explosive Potion"},{"floor":36,"key":"Weak Potion"},{"floor":39,"key":"SteroidPotion"},{"floor":40,"key":"ColorlessPotion"},{"floor":44,"key":"Strength Potion"},{"floor":46,"key":"FearPotion"}],"is_trial":false,"path_per_floor":["M","?","M","M","M","R","E","R","T","?","R","M","?","M","R","B",null,"M","M","?","M","$","R","M","M","T","R","$","M","E","M","R","B",null,"M","M","?","?","M","M","R","$","T","M","R","M","?","M","R","B",null],"character_chosen":"DEFECT","items_purchased":["Blood Vial","Anchor","The Bomb","Lee\u0027s Waffle","Vajra"],"campfire_rested":4,"item_purchase_floors":[22,22,22,42,42],"current_hp_per_floor":[75,63,63,63,63,63,48,48,48,39,39,45,27,39,61,54,75,60,58,51,45,45,45,38,40,40,62,62,64,53,38,75,58,75,72,55,55,55,38,17,54,82,82,82,82,80,80,56,71,46],"gold":116,"neow_bonus":"THREE_ENEMY_KILL","is_daily":false,"chose_seed":false,"campfire_upgraded":6,"win_rate":0.0,"timestamp":1608490641,"path_taken":["M","?","M","M","M","R","E","R","T","?","R","M","?","M","R","BOSS","M","M","?","M","$","R","M","?","T","R","$","M","E","M","R","BOSS","M","?","?","?","M","M","R","$","T","M","R","?","?","M","R","BOSS"],"items_purchased_type":["Relic","Relic","Card","Relic","Relic"],"build_version":"2020-12-13","purchased_purges":0,"victory":true,"max_hp_per_floor":[75,75,75,75,75,75,75,75,75,75,75,75,75,75,75,75,75,75,75,75,75,75,75,75,75,75,75,75,75,75,75,75,75,75,75,75,75,75,75,75,75,82,82,82,82,82,82,82,82,82],"card_choices":[{"not_picked":["Turbo","Darkness"],"picked":"Storm","floor":1},{"not_picked":["Conserve Battery","Go for the Eyes"],"picked":"Undo","floor":3},{"not_picked":["Coolheaded","Streamline"],"picked":"Tempest","floor":4},{"not_picked":["Recycle","Steam"],"picked":"Defragment","floor":5},{"not_picked":["Lockon","FTL"],"picked":"Echo Form","floor":7},{"not_picked":["Turbo","Blizzard"],"picked":"Melter","floor":10},{"not_picked":["BootSequence","Leap"],"picked":"Heatsinks","floor":12},{"not_picked":["Ball Lightning","Cold Snap","Leap"],"picked":"SKIP","floor":14},{"not_picked":["Reboot","Creative AI"],"picked":"Electrodynamics","floor":16},{"not_picked":["Reprogram+1","Leap+1"],"picked":"Force Field+1","floor":18},{"not_picked":["Beam Cell","Barrage","Coolheaded"],"picked":"SKIP","floor":19},{"not_picked":["Gash","Turbo","Undo"],"picked":"SKIP","floor":21},{"not_picked":["Steam","Rebound"],"picked":"Loop","floor":24},{"not_picked":["Rebound","Loop"],"picked":"Skim","floor":25},{"not_picked":["Barrage","Ball Lightning+1"],"picked":"Auto Shields","floor":29},{"not_picked":["Streamline","Scrape"],"picked":"Static Discharge","floor":30},{"not_picked":["Coolheaded+1","Steam+1"],"picked":"Aggregate","floor":31},{"not_picked":["Machine Learning","Meteor Strike"],"picked":"Thunder Strike","floor":33},{"not_picked":["Gash+1"],"picked":"SKIP","floor":35},{"not_picked":["Go for the Eyes+1"],"picked":"SKIP","floor":36},{"not_picked":["Steam"],"picked":"SKIP","floor":39},{"not_picked":[],"picked":"Rip and Tear+1","floor":40},{"not_picked":["Steam+1"],"picked":"SKIP","floor":44},{"not_picked":[],"picked":"Reinforced Body+1","floor":46},{"not_picked":["Turbo+1"],"picked":"SKIP","floor":48}],"player_experience":624203,"relics_obtained":[{"floor":7,"key":"Meat on the Bone"},{"floor":9,"key":"Art of War"},{"floor":10,"key":"Odd Mushroom"},{"floor":26,"key":"White Beast Statue"},{"floor":30,"key":"Eternal Feather"}],"event_choices":[{"damage_healed":0,"gold_gain":0,"player_choice":"Success","damage_taken":12,"relics_obtained":["Omamori"],"max_hp_gain":0,"max_hp_loss":0,"event_name":"Scrap Ooze","floor":2,"gold_loss":0},{"damage_healed":0,"gold_gain":0,"player_choice":"Fought Mushrooms","damage_taken":0,"max_hp_gain":0,"max_hp_loss":0,"event_name":"Mushrooms","floor":10,"gold_loss":0},{"damage_healed":0,"gold_gain":0,"player_choice":"Take Damage","damage_taken":18,"relics_obtained":["Golden Idol"],"max_hp_gain":0,"max_hp_loss":0,"event_name":"Golden Idol","floor":13,"gold_loss":0},{"damage_healed":0,"gold_gain":75,"player_choice":"Touch","damage_taken":7,"max_hp_gain":0,"max_hp_loss":0,"event_name":"FaceTrader","floor":20,"gold_loss":0},{"cards_removed":["Strike_B"],"damage_healed":0,"gold_gain":0,"player_choice":"Removed Attack","damage_taken":0,"max_hp_gain":0,"max_hp_loss":0,"event_name":"Falling","floor":37,"gold_loss":0},{"damage_healed":0,"gold_gain":0,"player_choice":"Copied","damage_taken":0,"max_hp_gain":0,"max_hp_loss":0,"event_name":"Duplicator","floor":38,"gold_loss":0,"cards_obtained":["Defragment"]},{"cards_removed":["Zap"],"damage_healed":0,"gold_gain":0,"player_choice":"Purged","damage_taken":0,"max_hp_gain":0,"max_hp_loss":0,"event_name":"Purifier","floor":47,"gold_loss":0}],"is_beta":false,"boss_relics":[{"not_picked":["Snecko Eye","Philosopher\u0027s Stone"],"picked":"Nuclear Battery"},{"not_picked":["FrozenCore","Inserter"],"picked":"Busted Crown"}],"items_purged_floors":[],"is_endless":false,"potions_floor_spawned":[4,5,7,14,24,25,29,30,31,33,35,36,39,40,44,46,48],"ascension_level":0}}