{"host":"4c7oxphrh4ok8x7u","time":1608479490,"event":{"mods":["2.2 Compatiblity","Act Like it!","Aspiration","BaseMod","Better Skull","Better Vampires","BetterRewards","Challenge The Spire","Conjunction","Conspire","Custom Start","Dota2Spire","Friendly Minions","FruityMod","GifTheSpireLib","Halation","Hermit","HololiveMod","Hubris","Hyrulean Relics","Jedi Mod","Kratos Character Expansion","Minty Spire (QoL Compilation)","MostiFishMod","Permanent Neow","Prisma Mod","Quarter Circle Forward PUNCH!","RatMod","Replay The Spire","Robot Space Explorer","SCP261 Mod","Shade Mod","Slay the Relics Exporter","Small Relic Pack","Spicy Shops","Spikes Relics","Spires And Sneckos","StSLib","Stuff the Spire","The Animator","The Blue Laboratory","The Death Knight","The Edgeheg","The Exalted","The Fake Hero","The Marked","The Trickster","TheWitcher","Wandering Minibosses"],"gold_per_floor":[111,126,126,139,139,139,152,152,152,195,216,216,239,264,264,383,383,408,408,432,456,492,526,526,570,570,591,231,245,245,264,264,387,387,402,402,428,442,461,461,461,479,479,510,535,553,567,567,567,567],"floor_reached":51,"playtime":2429,"items_purged":[],"score":1020,"play_id":"9e9a925b-fbb6-4f40-9d51-c813dd2999bc","local_time":"20201220185130","is_ascension_mode":false,"campfire_choices":[{"floor":6,"key":"RECALL"},{"data":"White Noise","floor":12,"key":"SMITH"},{"data":"Bromod:HeatedCharge","floor":15,"key":"SMITH"},{"data":"MostiFishMod:IntelligentEquipment","floor":24,"key":"SMITH"},{"floor":30,"key":"REST"},{"floor":32,"key":"REST"},{"data":"Poison Darts","floor":40,"key":"SMITH"},{"data":"Dramatic Entrance","floor":49,"key":"SMITH"}],"circlet_count":0,"master_deck":["hermit:Strike_Hermit+1","hermit:Strike_Hermit+1","hermit:Strike_Hermit+1","hermit:Defend_Hermit+1","hermit:Defend_Hermit+1","hermit:Defend_Hermit+1","hermit:Defend_Hermit+1","hermit:Snapshot+1","hermit:Covet+1","Regret","hermit:Enervate+1","theTrickster:Feint+1","rat:EchoingStrikes+1","hermit:Reprieve+1","White Noise+1","WindmillStrike+1","Bromod:HeatedCharge+1","Iron Wave+1","MostiFishMod:IntelligentEquipment+1","hermit:TakeAim+1","StuffTheSpire:DeathNote+1","animator:Archer+1","luka_mod:StrikeLuka+1","PrismaMod:MiyuCheapAttack1+1","SnafuTest:PowerAlwaysOnRoads+1","RobotSpaceExplorer:MiniDrones+1","hermit:BigShot+1","Bandage Up+1","theTrickster:SwiftSlash+1","Perfected Strike+1","Poison Darts+1","animator:Spearman+1","Voices","Hololive_LuckPotion+1","PathToVictory+1","PrismaMod:ChloeCheapAttackTwo+1","theMarked:Aftermath+1","Dramatic Entrance+1"],"relics":["hermit:Momento","DaveBox","Bag of Marbles","DSteel32","Question Card","PrismaticShard","Golden Idol","Spirit Poop","qcfpunch:School_Backpack","Replay:Rubber Ducky","Whetstone","ImportantClient","HaiYi:Twilight","wanderingMiniBosses:OtherGremlinHorn","qcfpunch:Not_Strongest_Fighting_Style_Guidebook","Red Mask","hubris:SlimyHat","conspire:BottledYoYo","StuffTheSpire:ForceGauntlet","qcfpunch:Broken_Tusk","Ice Cream","hermit:RyeStalk","Transparent","ReplayTheSpireMod:Ring of Addiction","White Beast Statue","Potion Belt","Ring of Hypnosis","MealTicket","ReplayTheSpireMod:Shallot","Snack Pack"],"acts_visited":["Exordium","TheCity","TheBeyond"],"potions_floor_usage":[18,18,38,39,42,47,50],"damage_taken":[{"damage":5,"enemies":"Small Slimes","floor":1,"turns":3},{"damage":0,"enemies":"Cultist","floor":2,"turns":1},{"damage":0,"enemies":"Jaw Worm","floor":4,"turns":2},{"damage":9,"enemies":"Exordium Thugs","floor":7,"turns":2},{"damage":9,"enemies":"Gremlin Nob","floor":10,"turns":3},{"damage":2,"enemies":"Exordium Wildlife","floor":11,"turns":4},{"damage":0,"enemies":"3 Louse","floor":14,"turns":2},{"damage":52,"enemies":"Slime Boss","floor":16,"turns":8},{"damage":32,"enemies":"Shell Parasite","floor":18,"turns":6},{"damage":2,"enemies":"2 Thieves","floor":21,"turns":2},{"damage":1,"enemies":"Masked Bandits","floor":22,"turns":3},{"damage":0,"enemies":"Gremlin Leader","floor":23,"turns":4},{"damage":8,"enemies":"Slavers","floor":25,"turns":3},{"damage":12,"enemies":"Shelled Parasite and Fungi","floor":27,"turns":3},{"damage":0,"enemies":"Snecko","floor":29,"turns":2},{"damage":5,"enemies":"Snake Plant","floor":31,"turns":3},{"damage":7,"enemies":"hubris:MusketHawk","floor":33,"turns":5},{"damage":20,"enemies":"3 Darklings","floor":35,"turns":2},{"damage":7,"enemies":"3 Shapes","floor":38,"turns":1},{"damage":35,"enemies":"Transient","floor":39,"turns":5},{"damage":15,"enemies":"Writhing Mass","floor":42,"turns":2},{"damage":14,"enemies":"Giant Head","floor":44,"turns":2},{"damage":7,"enemies":"Jaw Worm Horde","floor":45,"turns":1},{"damage":26,"enemies":"Sphere and 2 Shapes","floor":46,"turns":2},{"damage":14,"enemies":"Maw","floor":47,"turns":2},{"damage":23,"enemies":"Donu and Deca","floor":50,"turns":3}],"seed_played":"4237942190564330536","potions_obtained":[{"floor":1,"key":"LiquidBronze"},{"floor":4,"key":"FearPotion"},{"floor":10,"key":"blueLaboratory:FrostheartPotion"},{"floor":16,"key":"jedi:tentaclejuice"},{"floor":36,"key":"SmokeBomb"},{"floor":36,"key":"blueLaboratory:PhilterOfMotion"},{"floor":36,"key":"Dota2Spire:HealingSalve"},{"floor":38,"key":"Fire Potion"},{"floor":39,"key":"blueLaboratory:FrostheartPotion"},{"floor":42,"key":"BlessingOfTheForge"}],"is_trial":false,"path_per_floor":["M","M","?","M","?","R","M","?","T","E","M","R","T","M","R","B",null,"M","?","T","M","?","E","R","E","T","M","$","M","R","M","R","B",null,"M","?","T","M","M","R","?","M","T","E","M","M","M","?","R","B",null],"character_chosen":"HERMIT","items_purchased":["qcfpunch:Broken_Tusk","Ice Cream","hermit:BigShot","hermit:RyeStalk","Bandage Up"],"campfire_rested":2,"item_purchase_floors":[28,28,28,28,28],"current_hp_per_floor":[70,70,70,70,70,70,61,61,61,52,54,54,54,62,62,18,75,63,43,43,41,44,44,44,36,36,28,28,32,54,61,75,75,75,75,75,75,75,75,75,75,75,75,75,75,73,73,73,73,73],"gold":567,"neow_bonus":"RANDOM_EVENT","is_daily":false,"chose_seed":false,"campfire_upgraded":5,"win_rate":0.0,"timestamp":1608479490,"path_taken":["M","M","?","M","?","R","?","?","T","E","M","R","?","M","R","BOSS","M","?","?","M","?","E","R","E","T","M","$","M","R","M","R","BOSS","M","?","?","?","M","R","?","M","T","E","M","M","M","?","R","BOSS"],"items_purchased_type":["Relic","Relic","Card","Relic","Card"],"build_version":"2020-12-13","purchased_purges":0,"victory":true,"max_hp_per_floor":[75,75,75,75,75,75,75,75,75,75,75,75,75,75,75,75,75,75,75,75,75,75,75,75,75,75,75,75,75,75,75,75,75,75,75,75,75,75,75,75,75,75,75,75,75,73,73,73,73,73],"card_choices":[{"not_picked":["hermit:FlashPowder","hermit:Virtue"],"picked":"hermit:Enervate","floor":1},{"not_picked":["StuffTheSpire:Incineration","Heavy Blade","Perfected Strike"],"picked":"theTrickster:Feint","floor":2},{"not_picked":["WindmillStrike","Hololive_StrengthChampion","PrismaMod:IllyaCheapChannelAttack"],"picked":"rat:EchoingStrikes","floor":4},{"not_picked":["Shade:AncientSpear","luka_mod:FlashKill","rat:Exsanguinate","PrismaMod:IllyaPoisonBlock"],"picked":"SKIP","floor":7},{"not_picked":["Buffer","Barrage","MostiFishMod:IntelligentEquipment"],"picked":"White Noise","floor":10},{"not_picked":["luka_mod:LightningSwordFlash","hermit:Manifest","SnafuTest:WitchHunt"],"picked":"WindmillStrike","floor":10},{"not_picked":["luka_mod:EarthSlash","PrismaMod:IllyaUberChannel","PrismaMod:MiyuChristmas"],"picked":"Bromod:HeatedCharge","floor":11},{"not_picked":["ReplayTheSpireMod:Muscle Training","Anger","True Grit","Shockwave"],"picked":"SKIP","floor":11},{"not_picked":["ReplayTheSpireMod:Corrosion Curse","Entrench","ReplayTheSpireMod:Limb From Limb"],"picked":"Iron Wave","floor":14},{"not_picked":["Twin Strike","PrismaMod:MiyuCommonAOEAttack","Hololive_Psychosis","PrismaMod:IllyaStunPoison"],"picked":"SKIP","floor":14},{"not_picked":["MostiFishMod:SeaWaves","MostiFishMod:STOP","MostiFishMod:IceShield"],"picked":"MostiFishMod:IntelligentEquipment","floor":16},{"not_picked":["Shade:CommandSoldier+1","Sharp Hide","Hololive_CallAkaiHaato"],"picked":"hermit:TakeAim+1","floor":18},{"not_picked":["Hologram","aspiration:Polymerization","StuffTheSpire:Rend","Ball Lightning"],"picked":"SKIP","floor":18},{"not_picked":["animator:Berserker","hubris:SlightOfHand","jedi:fear+1"],"picked":"animator:Archer","floor":21},{"not_picked":["theTrickster:Firecrackers","theTrickster:Decoy","hubris:ReadiedAction"],"picked":"luka_mod:StrikeLuka","floor":22},{"not_picked":["Umbra+1","PrismaMod:IllyaCheapChannelAttack","Nexus"],"picked":"PrismaMod:MiyuCheapAttack1","floor":23},{"not_picked":["DeathKnight:BloodTap","Shade:FuneraryArmor","ConjureBlade"],"picked":"SnafuTest:PowerAlwaysOnRoads+1","floor":25},{"not_picked":["Hololive_CallSakuraMiko","DeathKnight:RaiseAlly","theMarked:ChainLightning"],"picked":"RobotSpaceExplorer:MiniDrones","floor":27},{"not_picked":["RobotSpaceExplorer:ScrapToss","animator:MetalKnight","theMarked:Parkour"],"picked":"theTrickster:SwiftSlash+1","floor":29},{"not_picked":["hubris:PowerSurge+1","Disarm+1","Cleave"],"picked":"Perfected Strike","floor":31},{"not_picked":["SnafuTest:Amputation","MostiFishMod:UniPurple","SnafuTest:LastWish"],"picked":"Poison Darts","floor":33},{"not_picked":["theTrickster:TrickyDefend","jedi:sharpshooter","Poisoned Stab+1"],"picked":"animator:Spearman","floor":35},{"not_picked":["theTrickster:RampingUpStrike+1","Poisoned Stab+1","Bromod:Maglev"],"picked":"Hololive_LuckPotion","floor":38},{"not_picked":["theEdgeheg:GunSteal+1","Hololive_ScarfAndHalo","Flux+1"],"picked":"PathToVictory+1","floor":39},{"not_picked":["SnafuTest:MCPlayGwent","Hololive_StrengthChampion+1","animator:Azekura"],"picked":"PrismaMod:ChloeCheapAttackTwo","floor":42},{"not_picked":["SnafuTest:BombMoonDust","Whirlwind+1","luka_mod:FireSlash"],"picked":"theMarked:Aftermath+1","floor":44},{"not_picked":["DeathKnight:UnholyFrenzy+1","SnafuTest:SmashingSlash","KratosMod:BladeWhip","theEdgeheg:Butt"],"picked":"SKIP","floor":45},{"not_picked":["hermit:Desperado+1","SnafuTest:DesperateRemediation","luka_mod:EarthSlash+1","animator:Tatsumaki"],"picked":"SKIP","floor":46},{"not_picked":["theTrickster:Parry+1","Shade:SkeletonHug","PrismaMod:MiyuDefenseRemoval","RobotSpaceExplorer:DualCore+1"],"picked":"SKIP","floor":47},{"not_picked":["Replay:Sssssssssshield","Discovery","MostiFishMod:JungleRules"],"picked":"Dramatic Entrance","floor":48}],"player_experience":654307,"relics_obtained":[{"floor":1,"key":"Question Card"},{"floor":1,"key":"PrismaticShard"},{"floor":9,"key":"qcfpunch:School_Backpack"},{"floor":10,"key":"Replay:Rubber Ducky"},{"floor":13,"key":"Whetstone"},{"floor":16,"key":"ImportantClient"},{"floor":18,"key":"wanderingMiniBosses:OtherGremlinHorn"},{"floor":20,"key":"qcfpunch:Not_Strongest_Fighting_Style_Guidebook"},{"floor":22,"key":"Red Mask"},{"floor":23,"key":"hubris:SlimyHat"},{"floor":25,"key":"conspire:BottledYoYo"},{"floor":26,"key":"StuffTheSpire:ForceGauntlet"},{"floor":36,"key":"ReplayTheSpireMod:Ring of Addiction"},{"floor":36,"key":"White Beast Statue"},{"floor":36,"key":"Potion Belt"},{"floor":36,"key":"Ring of Hypnosis"},{"floor":37,"key":"MealTicket"},{"floor":43,"key":"ReplayTheSpireMod:Shallot"},{"floor":44,"key":"Snack Pack"}],"event_choices":[{"damage_healed":0,"gold_gain":0,"player_choice":"Box","damage_taken":0,"relics_obtained":["Bag of Marbles"],"max_hp_gain":0,"max_hp_loss":0,"event_name":"Big Fish","floor":0,"gold_loss":0,"cards_obtained":["Regret"]},{"damage_healed":0,"gold_gain":0,"player_choice":"Take Wound","damage_taken":0,"relics_obtained":["Golden Idol"],"max_hp_gain":0,"max_hp_loss":0,"event_name":"Golden Idol","floor":3,"gold_loss":0,"cards_obtained":["Injury"]},{"cards_removed":["Injury"],"damage_healed":0,"gold_gain":0,"player_choice":"Offered Curse","damage_taken":0,"relics_obtained":["Spirit Poop"],"max_hp_gain":0,"max_hp_loss":0,"event_name":"Bonfire Elementals","floor":5,"gold_loss":0},{"damage_healed":0,"gold_gain":0,"player_choice":"Fought Bandits","damage_taken":0,"max_hp_gain":0,"max_hp_loss":0,"event_name":"Masked Bandits","floor":22,"gold_loss":0},{"damage_healed":0,"gold_gain":0,"player_choice":"Memory 1","damage_taken":0,"max_hp_gain":0,"max_hp_loss":0,"event_name":"SensoryStone","floor":48,"gold_loss":0}],"is_beta":false,"boss_relics":[{"not_picked":["conspire:RoyalGoblet","RhineFirstAidKit"],"picked":"HaiYi:Twilight"},{"not_picked":["halation:HeavySnake","Velvet Choker"],"picked":"Transparent"}],"items_purged_floors":[],"is_endless":false,"potions_floor_spawned":[1,4,10,16,18,21,23,38,39,42,44,45,46,47],"ascension_level":0}}