{"host":"juowtv2vvb0b99ex","time":1608488252,"event":{"mods":["BaseMod","Colored Map","Downfall","Minty Spire (QoL Compilation)","Quick Restart","StSLib"],"gold_per_floor":[99,24,24,58,58,93,93,18,46,46,61,77,96,109,121,121,121],"floor_reached":16,"playtime":653,"items_purged":["Slimebound:Strike_Slimebound"],"score":314,"play_id":"067e6c64-d873-41bb-8f05-8a8cc67d9997","local_time":"20201220111732","is_ascension_mode":true,"campfire_choices":[{"data":"Slimebound:CorrosiveSpit","floor":1,"key":"SMITH"},{"data":"Slimebound:SlimeBrawl","floor":8,"key":"SMITH"},{"data":"Slimebound:GoopSpray","floor":10,"key":"SMITH"}],"circlet_count":0,"master_deck":["AscendersBane","Slimebound:Tackle","Slimebound:Defend_Slimebound","Slimebound:Defend_Slimebound","Slimebound:Defend_Slimebound","Slimebound:Defend_Slimebound","Slimebound:Split","Slimebound:CorrosiveSpit+1","Slimebound:MassFeed","Slimebound:SamplingLick","Slimebound:SlimeBrawl+1","Slimebound:GoopSpray+1","Slimebound:Schlurp","Slimebound:Grow+1","Slimebound:HauntingLick","Slimebound:AcidTongue+1","Slimebound:LevelUp+1"],"relics":["Slimebound:AbsorbEndCombat","downfall:HeartsMalice","Happy Flower","Mummified Hand","Frozen Egg 2","downfall:HeartBlessingGreen","Bottled Lightning"],"acts_visited":["Exordium"],"potions_floor_usage":[9,16],"damage_taken":[{"damage":0,"enemies":"downfall:FleeingMerchant","floor":2,"turns":1},{"damage":0,"enemies":"3 Sentries","floor":4,"turns":1},{"damage":0,"enemies":"Gremlin Nob","floor":6,"turns":1},{"damage":26,"enemies":"Lagavulin","floor":9,"turns":6},{"damage":6,"enemies":"Jaw Worm","floor":11,"turns":4},{"damage":4,"enemies":"2 Louse","floor":12,"turns":2},{"damage":4,"enemies":"Cultist","floor":13,"turns":3},{"damage":13,"enemies":"Gremlin Gang","floor":14,"turns":2},{"damage":25,"enemies":"Exordium Thugs","floor":15,"turns":3},{"damage":54,"enemies":"downfall:Defect","floor":16,"turns":6}],"seed_played":"6290526618379171173","potions_obtained":[{"floor":6,"key":"AttackPotion"},{"floor":11,"key":"EssenceOfSteel"},{"floor":13,"key":"Ancient Potion"}],"is_trial":false,"path_per_floor":["R","$","?","E","?","E","T","R","E","R","M","M","M","M","M","B"],"character_chosen":"SLIMEBOUND","items_purchased":[],"campfire_rested":0,"item_purchase_floors":[],"current_hp_per_floor":[54,54,54,54,54,54,54,54,39,39,42,52,57,66,52,0,0],"gold":121,"neow_bonus":"THREE_ENEMY_KILL","is_daily":false,"chose_seed":false,"campfire_upgraded":3,"win_rate":0.0,"timestamp":1608488252,"path_taken":["R","$","?","E","?","E","T","R","E","R","M","?","M","?","M","BOSS"],"items_purchased_type":[],"build_version":"2020-12-13","purchased_purges":1,"victory":false,"max_hp_per_floor":[60,60,60,60,60,60,60,60,63,63,66,72,75,87,90,90,90],"card_choices":[{"not_picked":["Slimebound:RollThrough","Slimebound:GrowthPunch"],"picked":"Slimebound:MassFeed","floor":2},{"not_picked":["Slimebound:SplitLeeching","Slimebound:BestDefense"],"picked":"Slimebound:SamplingLick","floor":4},{"not_picked":["Slimebound:FlameTackle","Slimebound:SplitSpecialist"],"picked":"Slimebound:GoopSpray","floor":6},{"not_picked":["Slimebound:RollThrough","Slimebound:LeechEnergy"],"picked":"Slimebound:Schlurp","floor":9},{"not_picked":["Slimebound:Schlurp","Slimebound:SlimeSpikes"],"picked":"Slimebound:Grow+1","floor":11},{"not_picked":["Slimebound:GoopSpray","Slimebound:RollThrough"],"picked":"Slimebound:HauntingLick","floor":12},{"not_picked":["Slimebound:ProtectTheBoss+1","Slimebound:FinishingTackle"],"picked":"Slimebound:AcidTongue+1","floor":13},{"not_picked":["Slimebound:SplitMire","Slimebound:ProtectTheBoss+1"],"picked":"Slimebound:LevelUp+1","floor":14},{"not_picked":["Slimebound:LeechEnergy","Slimebound:GrowthPunch","Slimebound:OneTwoCombo"],"picked":"SKIP","floor":15}],"player_experience":1244904,"relics_obtained":[{"floor":4,"key":"Happy Flower"},{"floor":6,"key":"Mummified Hand"},{"floor":7,"key":"Frozen Egg 2"},{"floor":9,"key":"Bottled Lightning"}],"event_choices":[{"cards_removed":["Slimebound:Strike_Slimebound"],"damage_healed":0,"gold_gain":0,"player_choice":"Card Removal","damage_taken":0,"max_hp_gain":0,"max_hp_loss":0,"event_name":"The Cleric","floor":3,"gold_loss":0},{"damage_healed":0,"gold_gain":0,"cards_transformed":["Slimebound:Strike_Slimebound"],"player_choice":"Transformed","damage_taken":0,"max_hp_gain":0,"max_hp_loss":0,"event_name":"Transmorgrifier","floor":5,"gold_loss":0,"cards_obtained":["Slimebound:SlimeBrawl"]}],"is_beta":false,"boss_relics":[],"items_purged_floors":[2],"is_endless":false,"potions_floor_spawned":[6,11,13,14],"killed_by":"downfall:Defect","ascension_level":11}}