{"host":"51f0ad793vly1w6u","time":1608445065,"event":{"mods":["BaseMod","Colored Map","DeckTracker","Minty Spire (QoL Compilation)","StSLib","SuperFastMode"],"gold_per_floor":[119,136,211,221,239,239,253,270,270,270,270,282,45,55,55,133,133,149,149,149,239,209,209,209,209],"floor_reached":24,"playtime":542,"items_purged":["Strike_G"],"score":380,"play_id":"06f15e37-8372-4e03-82ce-d606dc25849e","local_time":"20201220151745","is_ascension_mode":true,"campfire_choices":[{"data":"Deadly Poison","floor":6.0,"key":"SMITH"},{"data":"Cloak And Dagger","floor":10.0,"key":"SMITH"},{"data":"Terror","floor":15.0,"key":"SMITH"},{"data":"Blade Dance","floor":23,"key":"SMITH"}],"circlet_count":0,"master_deck":["AscendersBane","Defend_G","Defend_G","Defend_G","Survivor","Neutralize","Footwork","Deadly Poison+1","Predator","Footwork","Cloak And Dagger+1","Accuracy+1","Terror+1","PiercingWail","Bullet Time","Wraith Form v2","Eviscerate","Blade Dance+1"],"relics":["Ring of the Snake","Lizard Tail","Medical Kit","Empty Cage"],"acts_visited":["Exordium","TheCity"],"potions_floor_usage":[22,24],"damage_taken":[{"damage":1.0,"enemies":"Cultist","floor":1.0,"turns":4.0},{"damage":14.0,"enemies":"Small Slimes","floor":2.0,"turns":4.0},{"damage":5.0,"enemies":"Jaw Worm","floor":4.0,"turns":5.0},{"damage":6.0,"enemies":"2 Fungi Beasts","floor":5.0,"turns":4.0},{"damage":3.0,"enemies":"Large Slime","floor":7.0,"turns":8.0},{"damage":0.0,"enemies":"Blue Slaver","floor":8.0,"turns":4.0},{"damage":5.0,"enemies":"Exordium Thugs","floor":12.0,"turns":5.0},{"damage":7.0,"enemies":"3 Louse","floor":14.0,"turns":4.0},{"damage":6.0,"enemies":"Hexaghost","floor":16.0,"turns":11.0},{"damage":14.0,"enemies":"Spheric Guardian","floor":18.0,"turns":5.0},{"damage":0,"enemies":"2 Thieves","floor":22,"turns":4},{"damage":72,"enemies":"Cultist and Chosen","floor":24,"turns":5}],"seed_played":"-793289667253961818","potions_obtained":[{"floor":1.0,"key":"Dexterity Potion"},{"floor":7.0,"key":"CunningPotion"},{"floor":14.0,"key":"SteroidPotion"},{"floor":16.0,"key":"Block Potion"},{"floor":22,"key":"LiquidBronze"}],"is_trial":false,"path_per_floor":["M","M","?","M","M","R","M","M","T","R","?","M","$","M","R","B",null,"M","?","?","?","M","R","M"],"character_chosen":"THE_SILENT","items_purchased":["Medical Kit"],"campfire_rested":0,"item_purchase_floors":[13],"current_hp_per_floor":[58,44,33,28,22,22,19,19,19,19,19,14,14,7,7,1,45,31,31,31,19,19,19,0,0],"gold":209,"neow_bonus":"REMOVE_TWO","is_daily":false,"chose_seed":false,"campfire_upgraded":4,"win_rate":0.0,"timestamp":1608445065,"path_taken":["M","?","?","M","M","R","M","M","T","R","?","M","$","M","R","BOSS","M","?","?","?","M","R","M"],"items_purchased_type":["Relic"],"build_version":"2020-12-13","purchased_purges":1,"victory":false,"max_hp_per_floor":[60,60,60,60,60,60,60,60,60,60,60,60,60,60,60,60,60,60,60,60,60,60,60,60,60],"card_choices":[{"not_picked":["Dodge and Roll","Noxious Fumes"],"picked":"Footwork","floor":1.0},{"not_picked":["Leg Sweep","Prepared"],"picked":"Deadly Poison","floor":2.0},{"not_picked":["Slice","Acrobatics"],"picked":"Predator","floor":4.0},{"not_picked":["Leg Sweep","Backstab"],"picked":"Footwork","floor":5.0},{"not_picked":["Deadly Poison","Acrobatics"],"picked":"Cloak And Dagger","floor":7.0},{"not_picked":["Underhanded Strike","Deflect"],"picked":"Accuracy","floor":8.0},{"not_picked":["Dagger Throw","Underhanded Strike"],"picked":"Terror","floor":12.0},{"not_picked":["Cloak And Dagger","Endless Agony"],"picked":"PiercingWail","floor":14.0},{"not_picked":["Grand Finale","Phantasmal Killer"],"picked":"Bullet Time","floor":16.0},{"not_picked":["Eviscerate+1","Sucker Punch","Distraction"],"picked":"SKIP","floor":18.0},{"not_picked":["Deflect+1","Predator"],"picked":"Blade Dance","floor":22}],"player_experience":1370078,"relics_obtained":[{"floor":9.0,"key":"Lizard Tail"}],"event_choices":[{"damage_healed":0.0,"max_hp_gain":0.0,"max_hp_loss":0.0,"gold_gain":75.0,"event_name":"World of Goop","player_choice":"Gather Gold","floor":3.0,"gold_loss":0.0,"damage_taken":11.0},{"damage_healed":0.0,"max_hp_gain":0.0,"max_hp_loss":0.0,"gold_gain":0.0,"event_name":"Living Wall","player_choice":"Grow","floor":11.0,"gold_loss":0.0,"damage_taken":0.0,"cards_upgraded":["Accuracy"]},{"damage_healed":0,"gold_gain":0,"player_choice":"Ignored","damage_taken":0,"max_hp_gain":0,"max_hp_loss":0,"event_name":"Cursed Tome","floor":19,"gold_loss":0},{"damage_healed":0,"gold_gain":0,"cards_transformed":["Strike_G","Strike_G"],"player_choice":"Became Test Subject","damage_taken":0,"max_hp_gain":0,"max_hp_loss":0,"event_name":"Drug Dealer","floor":20,"gold_loss":0,"cards_obtained":["Wraith Form v2","Eviscerate"]},{"damage_healed":0,"gold_gain":90,"player_choice":"GOLD ","damage_taken":12,"max_hp_gain":0,"max_hp_loss":0,"event_name":"Knowing Skull","floor":21,"potions_obtained":[],"gold_loss":0,"cards_obtained":[]}],"is_beta":false,"boss_relics":[{"not_picked":["Sozu","SlaversCollar"],"picked":"Empty Cage"}],"items_purged_floors":[13],"is_endless":false,"potions_floor_spawned":[1,7,14,16,22],"killed_by":"Cultist and Chosen","ascension_level":20}}