{"host":"rt0td7aa3g170xdl","time":1608465669,"event":{"mods":["2.2 Compatiblity","AchievementEnabler","BaseMod","Colored Map","DeckTracker","Keyboard Shortcuts","Minty Spire (QoL Compilation)","Permanent Neow","Quick Restart","SuperFastMode","everything is the same but u backflip on backflip"],"gold_per_floor":[116,135,60,60,79,79,113,130,203,222,222,122,122,150,150,150,150],"floor_reached":16,"playtime":839,"items_purged":["Strike_P","Defend_P"],"score":110,"play_id":"ba0c6474-5a79-4a9a-949b-8b30beddd3da","local_time":"20201220210109","is_ascension_mode":true,"campfire_choices":[{"data":"Eruption","floor":6.0,"key":"SMITH"},{"data":"Evaluate","floor":11.0,"key":"SMITH"},{"data":"ThirdEye","floor":13.0,"key":"SMITH"},{"data":"Adaptation","floor":15.0,"key":"SMITH"}],"circlet_count":0,"master_deck":["Strike_P","Strike_P","Defend_P","Defend_P","Defend_P","Eruption+1","Vigilance","BowlingBash","Indignation","ThirdEye+1","Evaluate+1","Sanctity","Wireheading","Adaptation+1"],"relics":["PureWater","WingedGreaves","TeardropLocket","Odd Mushroom"],"acts_visited":["Exordium"],"potions_floor_usage":[],"damage_taken":[{"damage":12.0,"enemies":"Jaw Worm","floor":1.0,"turns":3.0},{"damage":3.0,"enemies":"2 Louse","floor":2.0,"turns":2.0},{"damage":4.0,"enemies":"Small Slimes","floor":5.0,"turns":3.0},{"damage":10.0,"enemies":"Lagavulin","floor":7.0,"turns":7.0},{"damage":1.0,"enemies":"Blue Slaver","floor":8.0,"turns":5.0},{"damage":1.0,"enemies":"Looter","floor":10.0,"turns":3.0},{"damage":3.0,"enemies":"The Mushroom Lair","floor":14.0,"turns":4.0},{"damage":35,"enemies":"Slime Boss","floor":16,"turns":6}],"seed_played":"-7506572641202472318","potions_obtained":[{"floor":1.0,"key":"Ancient Potion"},{"floor":2.0,"key":"Ambrosia"},{"floor":8.0,"key":"SteroidPotion"}],"is_trial":false,"path_per_floor":["M","M","$","?","M","R","E","M","T","M","R","$","R","?","R","B"],"character_chosen":"WATCHER","items_purchased":[],"campfire_rested":0,"item_purchase_floors":[],"current_hp_per_floor":[60,57,57,50,46,46,36,35,35,34,34,34,34,31,31,0,0],"gold":150,"neow_bonus":"THREE_CARDS","is_daily":false,"chose_seed":false,"campfire_upgraded":4,"win_rate":0.0,"timestamp":1608465669,"path_taken":["M","M","$","?","M","R","E","M","T","M","R","$","R","?","R","BOSS"],"items_purchased_type":[],"build_version":"2020-12-13","purchased_purges":2,"victory":false,"max_hp_per_floor":[72,72,72,72,72,72,72,72,72,72,72,72,72,72,72,72,72],"card_choices":[{"not_picked":["PathToVictory","ThirdEye"],"picked":"BowlingBash","floor":0.0},{"not_picked":["SignatureMove","Crescendo"],"picked":"Indignation","floor":1.0},{"not_picked":["BowlingBash","ClearTheMind"],"picked":"ThirdEye","floor":2.0},{"not_picked":["PathToVictory","FlurryOfBlows"],"picked":"Evaluate","floor":5.0},{"not_picked":["CrushJoints","ClearTheMind","Conclude"],"picked":"SKIP","floor":7.0},{"not_picked":["FlurryOfBlows","Evaluate"],"picked":"Sanctity","floor":8.0},{"not_picked":["Crescendo","LikeWater"],"picked":"Wireheading","floor":10.0},{"not_picked":["Perseverance","ClearTheMind"],"picked":"Adaptation","floor":14.0}],"player_experience":295881,"relics_obtained":[{"floor":7.0,"key":"WingedGreaves"},{"floor":9.0,"key":"TeardropLocket"},{"floor":14.0,"key":"Odd Mushroom"}],"event_choices":[{"cards_removed":["Strike_P"],"damage_healed":0.0,"max_hp_gain":0.0,"max_hp_loss":0.0,"gold_gain":0.0,"event_name":"Golden Wing","player_choice":"Card Removal","floor":4.0,"gold_loss":0.0,"damage_taken":7.0},{"damage_healed":0.0,"max_hp_gain":0.0,"max_hp_loss":0.0,"gold_gain":0.0,"event_name":"Mushrooms","player_choice":"Fought Mushrooms","floor":14.0,"gold_loss":0.0,"damage_taken":0.0}],"is_beta":false,"boss_relics":[],"items_purged_floors":[3,12],"is_endless":false,"potions_floor_spawned":[1,2,8],"killed_by":"Slime Boss","ascension_level":2}}