{"host":"15dd7v8o90xso62x","time":1608456794,"event":{"mods":["BaseMod","Minty Spire (QoL Compilation)","Quick Restart","StSLib"],"gold_per_floor":[116,116,41,91,128,156,156,211,211,211,274,338,420,420,420,420,420],"floor_reached":16,"playtime":332,"items_purged":[],"score":286,"play_id":"1393fae6-cbb6-4c25-8469-a423b5b44873","local_time":"20201220183314","is_ascension_mode":true,"campfire_choices":[{"data":"Eruption","floor":7.0,"key":"SMITH"},{"data":"Omniscience","floor":10.0,"key":"SMITH"},{"data":"Blasphemy","floor":15,"key":"SMITH"}],"circlet_count":0,"master_deck":["AscendersBane","Strike_P","Strike_P","Strike_P","Strike_P","Defend_P","Defend_P","Eruption+1","Vigilance","BowlingBash","Wish","MentalFortress","Omniscience+1","FearNoEvil","CrushJoints","Blasphemy+1","Decay"],"relics":["PureWater","NeowsBlessing","Mercury Hourglass","MealTicket","White Beast Statue","StoneCalendar"],"acts_visited":["Exordium"],"potions_floor_usage":[13],"damage_taken":[{"damage":0.0,"enemies":"Cultist","floor":1.0,"turns":1.0},{"damage":0.0,"enemies":"Small Slimes","floor":5.0,"turns":2.0},{"damage":0.0,"enemies":"Gremlin Nob","floor":6.0,"turns":1.0},{"damage":20.0,"enemies":"3 Sentries","floor":8.0,"turns":4.0},{"damage":7.0,"enemies":"2 Louse","floor":11.0,"turns":4.0},{"damage":3,"enemies":"Large Slime","floor":12,"turns":5},{"damage":17,"enemies":"Lagavulin","floor":13,"turns":7},{"damage":0,"enemies":"The Guardian","floor":16,"turns":1}],"seed_played":"-835308606788364995","potions_obtained":[{"floor":1.0,"key":"SneckoOil"},{"floor":8.0,"key":"Strength Potion"},{"floor":11.0,"key":"SpeedPotion"},{"floor":12,"key":"EssenceOfSteel"},{"floor":13,"key":"FairyPotion"}],"is_trial":false,"path_per_floor":["M","?","?","?","M","E","R","E","T","R","M","M","E","?","R","B"],"character_chosen":"WATCHER","items_purchased":[],"campfire_rested":0,"item_purchase_floors":[],"current_hp_per_floor":[61,61,61,61,61,61,61,41,41,41,34,31,14,14,14,14,14],"gold":420,"neow_bonus":"THREE_ENEMY_KILL","is_daily":false,"chose_seed":false,"campfire_upgraded":3,"win_rate":0.0,"timestamp":1608456794,"path_taken":["M","?","?","?","?","E","R","E","T","R","M","M","E","?","R","BOSS"],"items_purchased_type":[],"build_version":"2020-12-13","purchased_purges":0,"victory":false,"max_hp_per_floor":[68,68,68,68,68,68,68,68,68,68,68,68,68,68,68,68,68],"card_choices":[{"not_picked":["WindmillStrike","Halt"],"picked":"BowlingBash","floor":1.0},{"not_picked":["FollowUp","Weave"],"picked":"MentalFortress","floor":5.0},{"not_picked":["FlurryOfBlows","Indignation"],"picked":"Omniscience","floor":6.0},{"not_picked":["BowlingBash","Crescendo"],"picked":"FearNoEvil","floor":8.0},{"not_picked":["SashWhip","Sanctity"],"picked":"CrushJoints","floor":11.0},{"not_picked":["Protect","PathToVictory","Weave"],"picked":"SKIP","floor":12},{"not_picked":["BattleHymn","EmptyFist"],"picked":"Blasphemy","floor":13}],"player_experience":929859,"relics_obtained":[{"floor":6.0,"key":"Mercury Hourglass"},{"floor":8.0,"key":"MealTicket"},{"floor":9.0,"key":"White Beast Statue"},{"floor":13,"key":"StoneCalendar"}],"event_choices":[{"damage_healed":0.0,"max_hp_gain":0.0,"max_hp_loss":0.0,"gold_gain":0.0,"cards_transformed":["Defend_P"],"event_name":"Living Wall","player_choice":"Change","floor":2.0,"gold_loss":0.0,"damage_taken":0.0,"cards_obtained":["Wish"]},{"cards_removed":["Defend_P"],"damage_healed":0.0,"max_hp_gain":0.0,"max_hp_loss":0.0,"gold_gain":0.0,"event_name":"The Cleric","player_choice":"Card Removal","floor":3.0,"gold_loss":75.0,"damage_taken":0.0},{"damage_healed":0.0,"max_hp_gain":0.0,"max_hp_loss":0.0,"gold_gain":50.0,"event_name":"Golden Shrine","player_choice":"Pray","floor":4.0,"gold_loss":0.0,"damage_taken":0.0},{"damage_healed":0,"gold_gain":0,"player_choice":"Cursed","damage_taken":0,"max_hp_gain":0,"max_hp_loss":0,"event_name":"Wheel of Change","floor":14,"gold_loss":0,"cards_obtained":["Decay"]}],"is_beta":false,"boss_relics":[],"items_purged_floors":[],"is_endless":false,"potions_floor_spawned":[1,8,11,12,13],"killed_by":"The Guardian","ascension_level":20}}