{"host":"wha9hktbkslqvblg","time":1608427495,"event":{"mods":["BaseMod","Colored Map","Minty Spire (QoL Compilation)","Relic Stats","SuperFastMode","everything is the same but u backflip on backflip"],"gold_per_floor":[17,34,34,58,58,58,89,89,136,160,1,1,41,66,66,161,161,174,33,68,93,114,114,114,114],"floor_reached":24,"playtime":556,"items_purged":["Strike_R","Bash"],"score":408,"play_id":"21d04fe1-bde6-41fc-8025-dce74bb9486f","local_time":"20201220102455","is_ascension_mode":true,"campfire_choices":[{"data":"Uppercut","floor":6.0,"key":"SMITH"},{"data":"Wild Strike","floor":8.0,"key":"SMITH"},{"data":"Hemokinesis","floor":15.0,"key":"SMITH"},{"data":"Pommel Strike","floor":23,"key":"SMITH"}],"circlet_count":0,"master_deck":["AscendersBane","Strike_R","Strike_R","Defend_R","Defend_R","Defend_R","Wild Strike+1","Uppercut+1","Power Through","Shrug It Off","Hemokinesis+1","Bloodletting","Evolve","Pommel Strike+1"],"relics":["Burning Blood","Golden Idol","Gambling Chip","Bag of Preparation","Mummified Hand","Runic Cube","Red Mask","Tiny Chest"],"acts_visited":["Exordium","TheCity"],"potions_floor_usage":[20],"damage_taken":[{"damage":10.0,"enemies":"2 Louse","floor":1.0,"turns":3.0},{"damage":9.0,"enemies":"Jaw Worm","floor":2.0,"turns":2.0},{"damage":1.0,"enemies":"Cultist","floor":4.0,"turns":3.0},{"damage":12.0,"enemies":"Gremlin Nob","floor":7.0,"turns":4.0},{"damage":0.0,"enemies":"Blue Slaver","floor":10.0,"turns":3.0},{"damage":28.0,"enemies":"3 Sentries","floor":13.0,"turns":9.0},{"damage":8.0,"enemies":"Exordium Thugs","floor":14.0,"turns":4.0},{"damage":30.0,"enemies":"Slime Boss","floor":16.0,"turns":9.0},{"damage":4.0,"enemies":"Chosen","floor":18.0,"turns":3.0},{"damage":20,"enemies":"Masked Bandits","floor":20,"turns":4},{"damage":13,"enemies":"Spheric Guardian","floor":22,"turns":4},{"damage":16,"enemies":"Shelled Parasite and Fungi","floor":24,"turns":3}],"seed_played":"8021741983869501666","potions_obtained":[{"floor":1.0,"key":"FearPotion"},{"floor":2.0,"key":"LiquidBronze"},{"floor":13.0,"key":"LiquidMemories"},{"floor":16.0,"key":"AttackPotion"},{"floor":22,"key":"FearPotion"}],"is_trial":false,"path_per_floor":["M","M","?","M","T","R","E","R","T","M","$","?","E","M","R","B",null,"M","$","?","T","M","R","M"],"character_chosen":"IRONCLAD","items_purchased":["Hemokinesis","Evolve"],"campfire_rested":0,"item_purchase_floors":[11,19],"current_hp_per_floor":[64,61,61,66,66,66,60,60,60,66,66,59,37,35,35,11,54,56,56,42,42,35,35,19,19],"gold":114,"neow_bonus":"TRANSFORM_TWO_CARDS","is_daily":false,"chose_seed":false,"campfire_upgraded":4,"win_rate":0.0,"timestamp":1608427495,"path_taken":["M","M","?","M","?","R","E","R","T","M","$","?","E","?","R","BOSS","M","$","?","?","M","R","M"],"items_purchased_type":["Card","Card"],"build_version":"2020-12-13","purchased_purges":2,"victory":false,"max_hp_per_floor":[75,75,68,68,68,68,68,68,68,68,68,68,68,68,68,68,68,68,68,68,68,68,68,68,68],"relic_stats":{"counters":[12,51],"Golden Idol":65,"Mummified Hand":[2],"Gambling Chip":[17],"Tiny Chest":0,"Bag of Preparation":[16],"obtain_stats":[{"Golden Idol":3,"Mummified Hand":13,"Gambling Chip":5,"Tiny Chest":21,"Bag of Preparation":7,"Red Mask":20,"Burning Blood":0,"Runic Cube":17},{"Golden Idol":2,"Mummified Hand":6,"Gambling Chip":3,"Tiny Chest":10,"Bag of Preparation":4,"Red Mask":10,"Burning Blood":0,"Runic Cube":8},{"Golden Idol":5,"Mummified Hand":24,"Gambling Chip":8,"Tiny Chest":44,"Bag of Preparation":12,"Red Mask":44,"Burning Blood":0,"Runic Cube":37}],"Burning Blood":66,"Runic Cube":[14]},"card_choices":[{"not_picked":["Shockwave","Rupture","Clash"],"picked":"SKIP","floor":1.0},{"not_picked":["Iron Wave","Burning Pact"],"picked":"Power Through","floor":2.0},{"not_picked":["Perfected Strike","Intimidate","Sword Boomerang"],"picked":"SKIP","floor":4.0},{"not_picked":["Anger","Iron Wave","Blood for Blood"],"picked":"SKIP","floor":7.0},{"not_picked":["Headbutt","Sever Soul"],"picked":"Shrug It Off","floor":10.0},{"not_picked":["Reaper","Pommel Strike","Hemokinesis"],"picked":"SKIP","floor":13.0},{"not_picked":["Havoc","Perfected Strike","True Grit"],"picked":"SKIP","floor":14.0},{"not_picked":["Body Slam","Clash"],"picked":"Bloodletting","floor":18},{"not_picked":["Twin Strike","Warcry"],"picked":"Pommel Strike","floor":20},{"not_picked":["Iron Wave","Perfected Strike","Metallicize"],"picked":"SKIP","floor":22}],"player_experience":875068,"relics_obtained":[{"floor":5.0,"key":"Gambling Chip"},{"floor":7.0,"key":"Bag of Preparation"},{"floor":13.0,"key":"Mummified Hand"},{"floor":20,"key":"Red Mask"},{"floor":21,"key":"Tiny Chest"}],"event_choices":[{"damage_healed":0.0,"max_hp_gain":0.0,"max_hp_loss":7.0,"gold_gain":0.0,"event_name":"Golden Idol","player_choice":"Lose Max HP","floor":3.0,"gold_loss":0.0,"damage_taken":0.0,"relics_obtained":["Golden Idol"]},{"cards_removed":["Strike_R"],"damage_healed":0.0,"max_hp_gain":0.0,"max_hp_loss":0.0,"gold_gain":0.0,"event_name":"Golden Wing","player_choice":"Card Removal","floor":12.0,"gold_loss":0.0,"damage_taken":7.0},{"damage_healed":0,"gold_gain":0,"player_choice":"Fought Bandits","damage_taken":0,"max_hp_gain":0,"max_hp_loss":0,"event_name":"Masked Bandits","floor":20,"gold_loss":0}],"is_beta":false,"boss_relics":[{"not_picked":["Velvet Choker","Busted Crown"],"picked":"Runic Cube"}],"items_purged_floors":[11,19],"is_endless":false,"potions_floor_spawned":[1,2,4,13,16,22],"killed_by":"Shelled Parasite and Fungi","ascension_level":20}}