{"host":"njruw0b0uprlitpx","time":1608488620,"event":{"mods":["2.2 Compatiblity","Astrologer","BaseMod","Better Altar","Better Note","Better Sensory Stone","Better Skull","Better Third Choice","BetterRewards","Block Reminder","Colored Map","Colored Powertips","Hermit","Jedi Mod","Keyboard Shortcuts","Minty Spire (QoL Compilation)","Quick Restart","Relic Stats","Replay The Spire","SacredBarkPlus","Spicy Shops","StSLib","SuperFastMode","The Blackbeard","The Bug Knight","The Construct","The Evolution","The Forsaken","The Mystic","The Problem Sleuth","The Runesmith","The Spell Scribe","Wandering Minibosses"],"gold_per_floor":[110,126,145,2,27,67,67,108,158,158,158,158,158,10,37,65,65,183,183,186,186,54,79,110,110,138,138,211,211,234,280,315,346,346,466,466,494,494,164,196,222,222,263,290,338,338,372,372,405,405,405,420],"floor_reached":53,"playtime":5280,"items_purged":["blackbeard:BlackbeardStrike","blackbeard:BlackbeardStrike","blackbeard:BlackbeardDefend"],"score":1464,"play_id":"93b5a265-4845-4840-893b-e0908e8ce155","local_time":"20201220122340","is_ascension_mode":true,"campfire_choices":[{"floor":7,"key":"REST"},{"floor":12,"key":"REST"},{"floor":17,"key":"REST"},{"floor":25,"key":"REST"},{"floor":27,"key":"REST"},{"floor":34,"key":"REST"},{"data":"blackbeard:PirateStrength","floor":42,"key":"SMITH"},{"data":"blackbeard:BeatUp","floor":42,"key":"SMITH"},{"floor":46,"key":"REST"},{"data":"blackbeard:GoldenGuillotine","floor":48,"key":"SMITH"},{"data":"blackbeard:Halberd","floor":48,"key":"SMITH"},{"floor":51,"key":"REST"}],"circlet_count":0,"master_deck":["AscendersBane","blackbeard:BlackbeardStrike","blackbeard:BlackbeardStrike+1","blackbeard:IntimidatingStrike+1","blackbeard:BlackbeardDefend","blackbeard:BlackbeardDefend+1","blackbeard:BlackbeardDefend+1","blackbeard:Cutlass","blackbeard:PirateEarring","blackbeard:AgileStrike","blackbeard:Shrapnel","blackbeard:PiratesWill","blackbeard:GoldenStrike","blackbeard:PirateHook+1","blackbeard:WiseDefense","blackbeard:Parrot+1","blackbeard:CaptainsCabin","blackbeard:Halberd+1","blackbeard:WiseDefense","blackbeard:GoldenDefense","blackbeard:CatONineTails","blackbeard:GoldenDefense+1","blackbeard:BlindAttacks","blackbeard:Spear","blackbeard:UndeadForm","blackbeard:InfiniteBarrage+1","HollowMod:FastStrike","blackbeard:BeatUp+1","blackbeard:BlindAttacks","blackbeard:GoldenCannonball","blackbeard:WiseDefense+1","blackbeard:BeatUp","blackbeard:RemoveScurvy","blackbeard:PirateStrength+1","blackbeard:GoldenStrike","blackbeard:RearmingStrike","Parasite","blackbeard:WiseDefense+1","blackbeard:GoldenGuillotine+1","blackbeard:CatONineTails","blackbeard:RemoveScurvy+1","blackbeard:BeatUp+1"],"relics":["blackbeard:LoadTheCannons","StoneCalendar","blackbeard:MagicalCauldron","Gremlin Food","Replay:Arrowhead","blackbeard:CrossedSwords","blackbeard:TreasureChest","Pantograph","Letter Opener","Tiny Chest","Smiling Mask","Orrery","Ring of Chaos","blackbeard:PoorMathSkills","Eternal Feather","Vajra","Thread and Needle","Snecko Eye","Pen Nib","Dream Catcher","Bag of Preparation"],"acts_visited":["Exordium","TheCity","TheBeyond"],"potions_floor_usage":[18,35,37,41,43,49,52],"damage_taken":[{"damage":4,"enemies":"Cultist","floor":1,"turns":3},{"damage":0,"enemies":"Small Slimes","floor":2,"turns":3},{"damage":0,"enemies":"2 Louse","floor":3,"turns":3},{"damage":15,"enemies":"Lots of Slimes","floor":5,"turns":3},{"damage":40,"enemies":"Lagavulin","floor":6,"turns":7},{"damage":23,"enemies":"Gremlin Nob","floor":8,"turns":4},{"damage":0,"enemies":"Looter","floor":15,"turns":3},{"damage":4,"enemies":"3 Louse","floor":16,"turns":3},{"damage":19,"enemies":"Hexaghost","floor":18,"turns":7},{"damage":22,"enemies":"2 Thieves","floor":20,"turns":4},{"damage":0,"enemies":"Spheric Guardian","floor":23,"turns":3},{"damage":30,"enemies":"Snake Plant","floor":24,"turns":4},{"damage":11,"enemies":"Sentry and Sphere","floor":26,"turns":4},{"damage":57,"enemies":"Slavers","floor":31,"turns":5},{"damage":0,"enemies":"Chosen and Byrds","floor":32,"turns":3},{"damage":32,"enemies":"Shelled Parasite and Fungi","floor":33,"turns":5},{"damage":42,"enemies":"Collector","floor":35,"turns":8},{"damage":8,"enemies":"3 Shapes","floor":37,"turns":3},{"damage":0,"enemies":"Orb Walker","floor":40,"turns":2},{"damage":0,"enemies":"Writhing Mass","floor":41,"turns":4},{"damage":64,"enemies":"Reptomancer","floor":43,"turns":7},{"damage":0,"enemies":"Spire Growth","floor":44,"turns":1},{"damage":14,"enemies":"Sphere and 2 Shapes","floor":47,"turns":4},{"damage":41,"enemies":"4 Shapes","floor":49,"turns":3},{"damage":76,"enemies":"Donu and Deca","floor":52,"turns":6}],"seed_played":"-3042365778426580056","potions_obtained":[{"floor":35,"key":"Flashbang"},{"floor":38,"key":"Adrenaline Potion"}],"is_trial":false,"path_per_floor":["M","M","M","$","M","E","R","E","T","PTL","PTL","R","?","$","M","M","R","B",null,"M","?","$","M","M","R","M","R","T","?","T","E","M","M","R","B",null,"M","?","$","M","M","R","E","M","T","R","M","R","M","?","R","B",null],"character_chosen":"BLACKBEARD_CLASS","items_purchased":["blackbeard:MagicalCauldron","CultistPotion","blackbeard:PirateEarring","blackbeard:AgileStrike","blackbeard:Shrapnel","Gremlin Food","blackbeard:PiratesWill","Replay:Arrowhead","blackbeard:CrossedSwords","blackbeard:TreasureChest","Orrery","blackbeard:BeatUp","blackbeard:PoorMathSkills","blackbeard:BlindAttacks","blackbeard:GoldenStrike","blackbeard:RearmingStrike","Pen Nib"],"campfire_rested":8,"item_purchase_floors":[0,0,0,0,0,0,0,0,0,4,14,22,22,22,39,39,39],"current_hp_per_floor":[64,64,64,64,49,9,31,8,8,8,8,30,7,7,7,3,25,31,64,42,42,42,42,12,34,23,45,45,70,70,13,13,6,49,32,64,56,56,56,56,61,75,11,11,11,54,40,64,31,31,75,11],"gold":420,"neow_bonus":"","is_daily":false,"chose_seed":false,"campfire_upgraded":4,"win_rate":0.0,"timestamp":1608488620,"path_taken":["M","M","M","$","?","E","R","E","T","PTL","PTL","R","?","$","M","M","R","BOSS","M","?","$","M","M","R","M","R","T","?","?","E","M","M","R","BOSS","M","?","$","M","M","R","E","M","T","R","M","R","?","?","R","BOSS"],"items_purchased_type":["Relic","Potion","Card","Card","Card","Relic","Card","Relic","Relic","Relic","Relic","Card","Relic","Card","Card","Card","Relic"],"build_version":"2020-12-13","purchased_purges":3,"victory":true,"max_hp_per_floor":[75,75,75,75,75,75,75,75,75,75,75,75,75,75,75,75,75,75,75,75,75,75,75,75,75,75,75,75,75,75,75,75,75,75,75,75,75,75,75,75,75,75,75,75,75,75,75,75,75,75,75,75],"relic_stats":{"Dream Catcher":2,"counters":[69,260],"Pantograph":50,"Snecko Eye":[33,36,28,32],"StoneCalendar":[158],"Tiny Chest":1,"Eternal Feather":104,"Pen Nib":[14],"Bag of Preparation":[52],"Letter Opener":[70],"Smiling Mask":150,"obtain_stats":[{"Divine Protection":20,"Golden Egg":37,"Mark of the Bloom":48,"Tiny House":0,"Vajra":30,"blackbeard:CrossedSwords":36,"HollowMod:StagPassRelic":46,"Lizard Tail":47,"jedi:firstaidkit":0,"Iron Hammer":0,"Replay:Bottled Flurry":43,"HollowMod:PaleOreRelic":47,"Happy Flower":47,"Velvet Choker":0,"Oddly Smooth Stone":24,"Eternal Feather":28,"Ring of Chaos":19,"Pen Nib":39,"Replay:Ancient Bell":17,"Letter Opener":8,"War Paint":43,"Question Card":9,"blackbeard:HipFlask":42,"Akabeko":13,"Replay:Baseball":20,"Snecko Eye":36,"Mirror":47,"Meat on the Bone":20,"Regal Pillow":47,"Replay:PocketPolymizer":17,"astrologer:Telescope":17,"StoneCalendar":0,"Bag of Preparation":45,"Juzu Bracelet":2,"jedi:command_boss":21,"jedi:archwizardhat":30,"Empty Cage":34,"Cursed Key":34,"Smiling Mask":13,"Pet Ghost":26,"ClockworkSouvenir":2,"blackbeard:GoldenRing":0,"Replay:Bandana":17,"blackbeard:TreasureChest":4,"Dream Catcher":43,"Shovel":19,"blackbeard:MagicalCauldron":0,"Pantograph":6,"Tiny Chest":9,"astrologer:SkyMirror":0,"Gremlin Food":21,"BargainBundle":20,"Replay:Towering Pillar of Hats":39,"Golden Idol":3,"blackbeard:LoadTheCannons":21,"jedi:gremlinknob":6,"Thread and Needle":31,"blackbeard:WhitePearl":28,"Replay:Arrowhead":0,"Peace Pipe":9,"Cauldron":47,"jedi:ominousloannote":47,"Runesmith:UraniumAnvil":21,"Orrery":14,"Bag of Marbles":8,"blackbeard:Karategi":17,"Membership Card":20,"blackbeard:PoorMathSkills":22,"Toy Ornithopter":24},{"Divine Protection":8,"Golden Egg":16,"Mark of the Bloom":21,"Tiny House":0,"Vajra":57,"blackbeard:CrossedSwords":37,"HollowMod:StagPassRelic":42,"Lizard Tail":21,"jedi:firstaidkit":22,"Iron Hammer":22,"Replay:Bottled Flurry":40,"HollowMod:PaleOreRelic":42,"Happy Flower":21,"Velvet Choker":0,"Oddly Smooth Stone":9,"Eternal Feather":57,"Ring of Chaos":53,"Pen Nib":62,"Replay:Ancient Bell":7,"Letter Opener":50,"War Paint":19,"Question Card":24,"blackbeard:HipFlask":40,"Akabeko":27,"Replay:Baseball":8,"Snecko Eye":61,"Mirror":21,"Meat on the Bone":8,"Regal Pillow":21,"Replay:PocketPolymizer":7,"astrologer:Telescope":7,"StoneCalendar":44,"Bag of Preparation":21,"Juzu Bracelet":23,"jedi:command_boss":31,"jedi:archwizardhat":34,"Empty Cage":15,"Cursed Key":15,"Smiling Mask":50,"Pet Ghost":9,"ClockworkSouvenir":1,"blackbeard:GoldenRing":22,"Replay:Bandana":7,"blackbeard:TreasureChest":47,"Dream Catcher":65,"Shovel":30,"blackbeard:MagicalCauldron":44,"Pantograph":49,"Tiny Chest":50,"astrologer:SkyMirror":0,"Gremlin Food":8,"BargainBundle":8,"Replay:Towering Pillar of Hats":38,"Golden Idol":1,"blackbeard:LoadTheCannons":31,"jedi:gremlinknob":3,"Thread and Needle":58,"blackbeard:WhitePearl":34,"Replay:Arrowhead":44,"Peace Pipe":4,"Cauldron":21,"jedi:ominousloannote":21,"Runesmith:UraniumAnvil":31,"Orrery":50,"Bag of Marbles":24,"blackbeard:Karategi":29,"Membership Card":8,"blackbeard:PoorMathSkills":54,"Toy Ornithopter":33},{"Divine Protection":33,"Golden Egg":64,"Mark of the Bloom":79,"Tiny House":0,"Vajra":209,"blackbeard:CrossedSwords":134,"HollowMod:StagPassRelic":149,"Lizard Tail":79,"jedi:firstaidkit":85,"Iron Hammer":85,"Replay:Bottled Flurry":143,"HollowMod:PaleOreRelic":149,"Happy Flower":79,"Velvet Choker":0,"Oddly Smooth Stone":35,"Eternal Feather":209,"Ring of Chaos":194,"Pen Nib":233,"Replay:Ancient Bell":30,"Letter Opener":181,"War Paint":71,"Question Card":88,"blackbeard:HipFlask":143,"Akabeko":99,"Replay:Baseball":33,"Snecko Eye":230,"Mirror":79,"Meat on the Bone":33,"Regal Pillow":79,"Replay:PocketPolymizer":30,"astrologer:Telescope":30,"StoneCalendar":158,"Bag of Preparation":79,"Juzu Bracelet":86,"jedi:command_boss":115,"jedi:archwizardhat":124,"Empty Cage":60,"Cursed Key":60,"Smiling Mask":181,"Pet Ghost":35,"ClockworkSouvenir":2,"blackbeard:GoldenRing":85,"Replay:Bandana":30,"blackbeard:TreasureChest":167,"Dream Catcher":246,"Shovel":113,"blackbeard:MagicalCauldron":158,"Pantograph":177,"Tiny Chest":181,"astrologer:SkyMirror":0,"Gremlin Food":33,"BargainBundle":33,"Replay:Towering Pillar of Hats":137,"Golden Idol":2,"blackbeard:LoadTheCannons":115,"jedi:gremlinknob":12,"Thread and Needle":214,"blackbeard:WhitePearl":124,"Replay:Arrowhead":158,"Peace Pipe":15,"Cauldron":79,"jedi:ominousloannote":79,"Runesmith:UraniumAnvil":115,"Orrery":181,"Bag of Marbles":88,"blackbeard:Karategi":110,"Membership Card":33,"blackbeard:PoorMathSkills":198,"Toy Ornithopter":121}]},"card_choices":[{"not_picked":["blackbeard:DelayedPain","blackbeard:CloakAndCannonball"],"picked":"blackbeard:GoldenStrike","floor":1},{"not_picked":["blackbeard:AgileStrike","blackbeard:PiratesWill","blackbeard:Dagger"],"picked":"SKIP","floor":2},{"not_picked":["blackbeard:FishingNets","blackbeard:WiseDefense"],"picked":"blackbeard:PirateHook","floor":3},{"not_picked":["blackbeard:GoldenStrike","blackbeard:CloakAndCannonball"],"picked":"blackbeard:WiseDefense","floor":5},{"not_picked":["blackbeard:Spear","blackbeard:Recklessness"],"picked":"blackbeard:Parrot","floor":6},{"not_picked":["blackbeard:Shrapnel","blackbeard:DelayedPain"],"picked":"blackbeard:CaptainsCabin","floor":8},{"not_picked":["blackbeard:DoubleBottom","blackbeard:DelayedPain"],"picked":"blackbeard:Halberd","floor":14},{"not_picked":["blackbeard:DoubleCannonball","blackbeard:Fencing"],"picked":"blackbeard:WiseDefense","floor":14},{"not_picked":["blackbeard:Upgrade","blackbeard:Dagger"],"picked":"blackbeard:GoldenDefense","floor":14},{"not_picked":["blackbeard:Sword","blackbeard:Provisioning"],"picked":"blackbeard:CatONineTails","floor":14},{"not_picked":["blackbeard:CannonBarrage","blackbeard:WiseDefense"],"picked":"blackbeard:GoldenDefense","floor":14},{"not_picked":["blackbeard:Sword","blackbeard:GoldenStrike"],"picked":"blackbeard:BlindAttacks","floor":15},{"not_picked":["blackbeard:SwordDance","blackbeard:GoldenDefense"],"picked":"blackbeard:Spear","floor":16},{"not_picked":["blackbeard:Lifeboat","blackbeard:PowerHungry"],"picked":"blackbeard:UndeadForm","floor":18},{"not_picked":["blackbeard:Toast","blackbeard:DoubleBottom"],"picked":"blackbeard:InfiniteBarrage","floor":20},{"not_picked":["blackbeard:BuriedTreasure","blackbeard:DeadlyArsenal","blackbeard:TacticalRetreat"],"picked":"SKIP","floor":23},{"not_picked":["blackbeard:WiseDefense","blackbeard:SwordDance"],"picked":"blackbeard:GoldenCannonball","floor":24},{"not_picked":["blackbeard:Sharpening","blackbeard:ArmorUp"],"picked":"blackbeard:WiseDefense+1","floor":26},{"not_picked":["blackbeard:SwordDance","blackbeard:DeadlyArsenal","blackbeard:Spear"],"picked":"SKIP","floor":31},{"not_picked":["blackbeard:PirateEarring","blackbeard:Murder"],"picked":"blackbeard:BeatUp","floor":32},{"not_picked":["blackbeard:Toast","blackbeard:BeatUp"],"picked":"blackbeard:RemoveScurvy","floor":33},{"not_picked":["blackbeard:ReapersScythe","blackbeard:MegaUpgrade"],"picked":"blackbeard:PirateStrength","floor":35},{"not_picked":["blackbeard:Shrapnel","blackbeard:Fencing","blackbeard:Sharpening+1"],"picked":"SKIP","floor":37},{"not_picked":["blackbeard:FishingNets","blackbeard:Shrapnel+1","blackbeard:DeadlyArsenal"],"picked":"SKIP","floor":40},{"not_picked":["blackbeard:RearmingStrike","blackbeard:GhostInTheRum"],"picked":"blackbeard:WiseDefense+1","floor":41},{"not_picked":["blackbeard:Fencing","blackbeard:DeadlyArsenal"],"picked":"blackbeard:GoldenGuillotine","floor":43},{"not_picked":["blackbeard:GoldenStrike+1","blackbeard:Recklessness+1","blackbeard:PirateHook+1"],"picked":"SKIP","floor":44},{"not_picked":["blackbeard:VengefulSpirit","blackbeard:BeatUp"],"picked":"blackbeard:CatONineTails","floor":46},{"not_picked":["blackbeard:TacticalRetreat","blackbeard:Fencing","blackbeard:SwordDance"],"picked":"SKIP","floor":47},{"not_picked":["blackbeard:BlindAttacks+1","blackbeard:PiratesWill+1"],"picked":"blackbeard:RemoveScurvy+1","floor":49},{"not_picked":["blackbeard:Upgrade+1","blackbeard:CloakAndCannonball+1"],"picked":"blackbeard:BeatUp+1","floor":51}],"player_experience":1852430,"relics_obtained":[{"floor":6,"key":"Pantograph"},{"floor":8,"key":"Letter Opener"},{"floor":9,"key":"Tiny Chest"},{"floor":28,"key":"Eternal Feather"},{"floor":30,"key":"Vajra"},{"floor":31,"key":"Thread and Needle"},{"floor":43,"key":"Dream Catcher"},{"floor":45,"key":"Bag of Preparation"}],"event_choices":[{"damage_healed":0,"gold_gain":1,"player_choice":"Relic ","damage_taken":23,"max_hp_gain":0,"max_hp_loss":0,"event_name":"betterThird:BetterScrap","floor":13,"gold_loss":0,"cards_obtained":["Juggernaut"]},{"cards_removed":["blackbeard:Parrot"],"damage_healed":0,"gold_gain":0,"player_choice":"Take \u0026 Give","damage_taken":0,"max_hp_gain":0,"max_hp_loss":0,"event_name":"betterNote:BetterNote","floor":21,"gold_loss":0,"cards_obtained":["HollowMod:FastStrike"]},{"damage_healed":25,"gold_gain":0,"player_choice":"Heal","damage_taken":0,"max_hp_gain":0,"max_hp_loss":0,"event_name":"The Library","floor":29,"gold_loss":0},{"damage_healed":0,"gold_gain":0,"player_choice":"Got Potions","damage_taken":0,"max_hp_gain":0,"max_hp_loss":0,"event_name":"Lab","floor":38,"gold_loss":0},{"damage_healed":0,"gold_gain":0,"player_choice":"Ignored","damage_taken":0,"max_hp_gain":0,"max_hp_loss":0,"event_name":"Mysterious Sphere","floor":50,"gold_loss":0}],"is_beta":false,"boss_relics":[{"not_picked":["Tiny House","theForsaken:PaleLantern"],"picked":"Ring of Chaos"},{"not_picked":["Black Star","blackbeard:LoadTheGoldenCannons"],"picked":"Snecko Eye"}],"items_purged_floors":[22,39,39],"is_endless":false,"potions_floor_spawned":[1,3,5,8,16,23,26,33,35,40,44,49],"ascension_level":11}}