{"host":"l8lm1goh5xm9tkuw","time":1608448063,"event":{"mods":["Act Like it!","Alarm Clock","Astrologer","BaseMod","Colored Map","Colored Powertips","GungeonMod","Hermit","KomeijiMod","Library of Ruina","Library of Ruina Extra","Lobotomy","LobotomyExtend","Marisa（F雨　魔理沙）","Minty Spire (QoL Compilation)","MostiFishMod","Quick Restart","Replay The Spire","Shade Mod","StSLib","TestMod","The Animator","The Bug Knight","The Hierophant","UnlockEverythingMod","[IsaacMod]以撒尖塔","vexMod","【遗物卡牌】REMEMod"],"gold_per_floor":[120,120,130,147,147,178,178,210,210,237,253,267,267,295,295,456,456,456,393,425,436,448,477,349,383,383,408,437,437,464,495,495,569,569,594,594,623,291,320,320,350,375,375,391,391,410,410,440,440,440,440,440],"floor_reached":53,"playtime":3368,"items_purged":["SpecialBullet"],"score":9136,"play_id":"97ea7a48-d014-403b-bc43-3e79ce8d88cd","local_time":"20201220150743","is_ascension_mode":true,"campfire_choices":[],"circlet_count":0,"master_deck":["Mercenary","Mercenary","BigBird","LongBird","ApocalypseBird","PunishingBird","SpecialBullet","InformationCode","SecurityCode","CentralCode","UniverseFragment","ParadiseLost","Lamp+22","SoundOfStar","GoldRush","Diffraction","WelfareCode","Ecstasy","Logging","Mimicry","DisciplinaryCode"],"relics":["CogitoBucket","RabbitCall","DaveBox","testmod-TestBox","REME_ComplimentaryCards","HushsDoor","MaYiHuaBei","testmod-FatalChain","xbg","Question Card","LetterFromLob","BionicSphere","Garlic","Mercury Hourglass","BackwardClock","FossilizedHelix","ImportantClient","ChampionBelt","Gaze_r","Potion Belt","AdjustmentMirror","DeathBook","NineVolt","REME_IWantAll","Leech","DemoMod:GlassGuonStoneRelic","testmod-Laevatain","testmod-LifeArmor","Akabeko","Snecko Eye","Calipers","Shuriken","PageOfTheSilentOrchestra","Replay:WaspNest","ReplayTheSpireMod:TigerMarble","testmod-Nyarlathotep","Replay:Rubber Ducky","AspirationHeart","AtMidnight","Twilight","Justitia_r","Lamp_r","Omamori","WantedRequest"],"acts_visited":["Exordium","TheCity","TheBeyond"],"potions_floor_usage":[11],"damage_taken":[{"damage":12.0,"enemies":"Small Slimes","floor":1.0,"turns":2.0},{"damage":8,"enemies":"Cultist","floor":3,"turns":3},{"damage":9,"enemies":"2 Louse","floor":4,"turns":2},{"damage":34,"enemies":"Gremlin Nob","floor":6,"turns":5},{"damage":1,"enemies":"3 Sentries","floor":8,"turns":6},{"damage":20,"enemies":"Lagavulin","floor":10,"turns":6},{"damage":0,"enemies":"Large Slime","floor":11,"turns":1},{"damage":0,"enemies":"Lots of Slimes","floor":12,"turns":1},{"damage":0,"enemies":"Gremlin Nob","floor":14,"turns":2},{"damage":0,"enemies":"Fading Forest","floor":16,"turns":11},{"damage":0,"enemies":"3 Byrds","floor":18,"turns":4},{"damage":0,"enemies":"Replay:Snechameleon","floor":20,"turns":4},{"damage":0,"enemies":"3 Byrds","floor":21,"turns":4},{"damage":0,"enemies":"Chosen","floor":22,"turns":2},{"damage":0,"enemies":"Slavers","floor":23,"turns":3},{"damage":0,"enemies":"Book of Stabbing","floor":25,"turns":5},{"damage":0,"enemies":"Gremlin Leader","floor":27,"turns":4},{"damage":0,"enemies":"Slavers","floor":28,"turns":1},{"damage":0,"enemies":"Gremlin Leader","floor":30,"turns":2},{"damage":0,"enemies":"Slavers","floor":31,"turns":4},{"damage":0,"enemies":"Champ","floor":33,"turns":5},{"damage":5,"enemies":"Reptomancer","floor":35,"turns":2},{"damage":0,"enemies":"R_Hoarder","floor":37,"turns":2},{"damage":0,"enemies":"Nemesis","floor":39,"turns":10},{"damage":0,"enemies":"R_Hoarder","floor":41,"turns":6},{"damage":0,"enemies":"Giant Head","floor":42,"turns":4},{"damage":0,"enemies":"3 Shapes","floor":44,"turns":3},{"damage":0,"enemies":"Reptomancer","floor":45,"turns":4},{"damage":1,"enemies":"Orb Walker","floor":46,"turns":2},{"damage":0,"enemies":"Reptomancer","floor":48,"turns":3},{"damage":0,"enemies":"Replay:Hell Engine","floor":50,"turns":9},{"damage":1,"enemies":"Time Eater","floor":51,"turns":6},{"damage":0,"enemies":"Malkuth","floor":53,"turns":5},{"damage":0,"enemies":"Hod","floor":53,"turns":6},{"damage":0,"enemies":"Chesed","floor":53,"turns":4},{"damage":0,"enemies":"Binah","floor":53,"turns":21},{"damage":0,"enemies":"Angela","floor":53,"turns":9}],"seed_played":"-686472478252341099","potions_obtained":[{"floor":4,"key":"Adrenaline Potion"},{"floor":16,"key":"PowerPotion"},{"floor":45,"key":"Adrenaline Potion"},{"floor":46,"key":"Adrenaline Potion"}],"is_trial":false,"path_per_floor":["M","?","M","M","?","E","R","E","T","E","M","M","R","E","R","B",null,"M","$","M","M","M","E","$","E","T","M","E","R","E","M","R_BF","B",null,"M","?","M","$","M","R","E","M","T","M","E","M","R","M","R","B","B",null,null],"character_chosen":"Angela","items_purchased":["Diffraction","Ecstasy","Logging","PageOfTheSilentOrchestra"],"campfire_rested":0,"item_purchase_floors":[19,24,24,38],"current_hp_per_floor":[66,66,66,65,65,43,43,50,50,42,54,62,62,74,74,78,78,78,78,78,78,82,82,82,82,82,82,66,66,66,66,66,66,66,66,76,76,76,76,76,76,76,76,90,90,94,94,94,94,94,94,94],"gold":440,"neow_bonus":"ONE_RANDOM_RARE_CARD","is_daily":false,"chose_seed":false,"campfire_upgraded":0,"win_rate":0.0,"timestamp":1608448063,"path_taken":["M","?","M","M","?","E","R","E","T","E","M","M","R","E","R","BOSS","M","$","M","?","M","E","$","E","T","M","E","R","E","M","R_BF","BOSS","M","?","M","$","M","R","E","M","T","?","E","M","R","M","R","BOSS","BOSS"],"items_purchased_type":["Card","Card","Card","Relic"],"build_version":"2020-12-13","purchased_purges":1,"victory":true,"max_hp_per_floor":[70,70,70,70,70,70,70,70,70,74,78,78,78,78,78,78,78,78,78,78,78,82,82,82,82,82,82,66,66,66,66,66,66,66,66,76,76,76,76,76,76,76,76,90,90,94,94,94,94,94,94,94],"card_choices":[{"not_picked":["UniverseFragment","Scorched"],"picked":"PunishingBird","floor":1.0},{"not_picked":["TodaysExpression","SomewhereSpear"],"picked":"SKIP","floor":1.0},{"not_picked":["FourthMatchFlame","Lantern","SomewhereSpear"],"picked":"SKIP","floor":3},{"not_picked":["Wingbeat","Reverberation","RedEyes"],"picked":"SKIP","floor":4},{"not_picked":["Wellcheers","LaLuna"],"picked":"UniverseFragment","floor":6},{"not_picked":["Horn","Wingbeat","Pinks"],"picked":"SKIP","floor":6},{"not_picked":["Penitence","FourthMatchFlame","TodaysExpression"],"picked":"SKIP","floor":8},{"not_picked":["MeatLantern","OldLady"],"picked":"LaLuna","floor":10},{"not_picked":["Soda","CherryBlossom","MagicBullet"],"picked":"SKIP","floor":10},{"not_picked":["Lantern","SomewhereSpear"],"picked":"ParadiseLost","floor":11},{"not_picked":["SilentOrchestra","OldLady"],"picked":"DespairKnight","floor":11},{"not_picked":["Lantern","LifeForTheDareDevil"],"picked":"Lamp","floor":12},{"not_picked":["Soda","Gaze"],"picked":"SoundOfStar","floor":14},{"not_picked":["DaCapo","ParadiseLost"],"picked":"GoldRush","floor":16},{"not_picked":["Regret_ego","MagicBullet","Christmas"],"picked":"SKIP","floor":20},{"not_picked":["Regret_ego","ParadiseLost","Beak+1"],"picked":"SKIP","floor":21},{"not_picked":["CherryBlossoms","OldLady"],"picked":"BigBird","floor":22},{"not_picked":["Discord","SolemnVow","Wingbeat"],"picked":"SKIP","floor":22},{"not_picked":["Penitence+1","FrostShard","Wingbeat+1"],"picked":"SKIP","floor":23},{"not_picked":["TodaysExpression","RedEyes","FrostShard"],"picked":"SKIP","floor":25},{"not_picked":["Regret_ego","Wingbeat","Horn"],"picked":"SKIP","floor":27},{"not_picked":["GoldRush","Harvest","Horn"],"picked":"SKIP","floor":28},{"not_picked":["Soda+1","Galaxy","WristCuter"],"picked":"SKIP","floor":30},{"not_picked":["Tough","BlackSwan_ego","ShedSkin+1"],"picked":"SKIP","floor":31},{"not_picked":["CENSORED_ego","ParadiseLost"],"picked":"Mimicry","floor":33},{"not_picked":["Penitence+1","Lantern","Beak"],"picked":"SKIP","floor":35},{"not_picked":["Heaven","Tough+1","FourthMatchFlame+1"],"picked":"SKIP","floor":37},{"not_picked":["Loneliness","SomewhereSpear","Noise+1"],"picked":"SKIP","floor":39},{"not_picked":["Wingbeat","Harvest","Loneliness"],"picked":"SKIP","floor":41},{"not_picked":["FourthMatchFlame+1","SomewhereSpear","WristCuter"],"picked":"SKIP","floor":42},{"not_picked":["LittleHelper","NakedNest"],"picked":"LongBird","floor":44},{"not_picked":["Laetitia_ego","CUTE","ShedSkin"],"picked":"SKIP","floor":44},{"not_picked":["Alriune","BeautyBeast"],"picked":"Mercenary","floor":46},{"not_picked":["CherryBlossom+1","Beak","ShedSkin"],"picked":"SKIP","floor":46},{"not_picked":["RedEyes","MagicBullet","WristCuter"],"picked":"SKIP","floor":48}],"player_experience":340530,"relics_obtained":[{"floor":1.0,"key":"Question Card"},{"floor":1.0,"key":"LetterFromLob"},{"floor":6,"key":"BionicSphere"},{"floor":8,"key":"Garlic"},{"floor":10,"key":"Mercury Hourglass"},{"floor":14,"key":"FossilizedHelix"},{"floor":16,"key":"ImportantClient"},{"floor":20,"key":"Potion Belt"},{"floor":23,"key":"DeathBook"},{"floor":25,"key":"NineVolt"},{"floor":26,"key":"REME_IWantAll"},{"floor":27,"key":"Leech"},{"floor":28,"key":"testmod-Laevatain"},{"floor":30,"key":"testmod-LifeArmor"},{"floor":31,"key":"Akabeko"},{"floor":35,"key":"Calipers"},{"floor":37,"key":"Shuriken"},{"floor":39,"key":"Replay:WaspNest"},{"floor":41,"key":"ReplayTheSpireMod:TigerMarble"},{"floor":42,"key":"testmod-Nyarlathotep"},{"floor":43,"key":"Replay:Rubber Ducky"},{"floor":44,"key":"AtMidnight"},{"floor":45,"key":"Twilight"},{"floor":48,"key":"Omamori"}],"event_choices":[{"damage_healed":0,"gold_gain":0,"player_choice":"Leave","damage_taken":0,"max_hp_gain":0,"max_hp_loss":0,"event_name":"FaceTrader","floor":2,"gold_loss":0},{"damage_healed":0,"gold_gain":0,"player_choice":"Ignored","damage_taken":0,"max_hp_gain":0,"max_hp_loss":0,"event_name":"给自己的盒子","floor":5,"gold_loss":0},{"cards_removed":["DaCapo"],"damage_healed":0,"gold_gain":0,"player_choice":"Offered Rare","damage_taken":0,"max_hp_gain":10,"max_hp_loss":0,"event_name":"Bonfire Elementals","floor":36,"gold_loss":0}],"is_beta":false,"boss_relics":[{"not_picked":["Runic Dome","Velvet Choker"],"picked":"ChampionBelt"},{"not_picked":[]},{"not_picked":["testmod-EnergyCheck","REME_LowDesire"],"picked":"Snecko Eye"},{"not_picked":[]}],"items_purged_floors":[38],"is_endless":false,"potions_floor_spawned":[4,18,45,46],"ascension_level":20}}