{"host":"ifd7sfhtlbe34qll","time":1608486891,"event":{"mods":["2.2 Compatiblity","Act Like it!","BaseMod","Block Reminder","Colored Map","Curses Come First","Downfall","Highlight Path","Minty Spire (QoL Compilation)","Potion Indicator Mod","Quick Restart","Random Character Button","Relic Stats","StSLib"],"gold_per_floor":[101,101,101,0,0,26,26,41,59,59,76,76,90,110,122,122,122],"floor_reached":16,"playtime":819,"items_purged":["bronze:Strike"],"score":127,"play_id":"588a33ff-f6d4-4b1d-b798-445d819a35cc","local_time":"20201220115451","is_ascension_mode":false,"campfire_choices":[{"data":"bronze:Goto","floor":1.0,"key":"SMITH"},{"data":"bronze:DarkDash","floor":3.0,"key":"SMITH"},{"data":"bronze:OilSpill","floor":10.0,"key":"SMITH"}],"circlet_count":0,"master_deck":["bronze:Strike","bronze:Strike","bronze:Strike","bronze:Defend","bronze:Defend","bronze:Defend","bronze:Defend","bronze:Goto+1","bronze:Replicate","bronze:DarkDash+1","bronze:OilSpill+1","bronze:Batch","bronze:Optimize","bronze:SearingBeam","bronze:RecursiveStrike","bronze:Assembly+1","bronze:Fortify","bronze:Repair"],"relics":["bronze:BronzeBoon","downfall:HeartsMalice","downfall:BrokenWingStatue","Gambling Chip","Mummified Hand"],"acts_visited":["Exordium"],"potions_floor_usage":[16],"damage_taken":[{"damage":0.0,"enemies":"Cultist","floor":2.0,"turns":1.0},{"damage":0.0,"enemies":"downfall:FleeingMerchant","floor":4.0,"turns":1.0},{"damage":0.0,"enemies":"Gremlin Nob","floor":6.0,"turns":1.0},{"damage":1.0,"enemies":"2 Louse","floor":8.0,"turns":2.0},{"damage":1.0,"enemies":"Jaw Worm","floor":9.0,"turns":3.0},{"damage":13.0,"enemies":"Large Slime","floor":11.0,"turns":8.0},{"damage":2.0,"enemies":"Blue Slaver","floor":13.0,"turns":2.0},{"damage":9.0,"enemies":"2 Fungi Beasts","floor":14.0,"turns":4.0},{"damage":6,"enemies":"Large Slime","floor":15,"turns":7},{"damage":70,"enemies":"downfall:Watcher","floor":16,"turns":7}],"seed_played":"-2531443401752294339","potions_obtained":[{"floor":6.0,"key":"Swift Potion"},{"floor":8.0,"key":"Regen Potion"},{"floor":9.0,"key":"Dexterity Potion"}],"is_trial":false,"path_per_floor":["R","M","R","$","?","E","T","M","M","R","M","?","M","M","M","B"],"character_chosen":"THE_AUTOMATON","items_purchased":["bronze:Batch"],"campfire_rested":0,"item_purchase_floors":[4],"current_hp_per_floor":[70,70,70,70,70,70,70,69,68,68,55,55,53,44,44,0,0],"gold":122,"neow_bonus":"THREE_ENEMY_KILL","is_daily":false,"chose_seed":false,"campfire_upgraded":3,"win_rate":0.0,"timestamp":1608486891,"path_taken":["R","?","R","?","?","E","T","M","M","R","M","?","M","M","M","BOSS"],"items_purchased_type":["Card"],"build_version":"2020-12-13","purchased_purges":1,"victory":false,"max_hp_per_floor":[70,70,70,70,70,70,70,70,70,70,70,70,70,70,70,70,70],"relic_stats":{"counters":[10,33],"Mummified Hand":[8],"Gambling Chip":[16],"obtain_stats":[{"downfall:BrokenWingStatue":5,"Mummified Hand":7,"Gambling Chip":6,"downfall:HeartsMalice":0,"bronze:BronzeBoon":0},{"downfall:BrokenWingStatue":2,"Mummified Hand":3,"Gambling Chip":3,"downfall:HeartsMalice":0,"bronze:BronzeBoon":0},{"downfall:BrokenWingStatue":0,"Mummified Hand":0,"Gambling Chip":0,"downfall:HeartsMalice":0,"bronze:BronzeBoon":0}]},"card_choices":[{"not_picked":["bronze:ForceShield","bronze:Decompile"],"picked":"bronze:DarkDash","floor":2.0},{"not_picked":["bronze:Branch","bronze:Invalidate"],"picked":"bronze:OilSpill","floor":4.0},{"not_picked":["bronze:ClassDefault","bronze:DelayedGuard"],"picked":"bronze:Optimize","floor":6.0},{"not_picked":["bronze:Invalidate","bronze:OilSpill"],"picked":"bronze:SearingBeam","floor":8.0},{"not_picked":["bronze:Update","bronze:BitShift"],"picked":"bronze:RecursiveStrike","floor":9.0},{"not_picked":["bronze:Shell","bronze:Separator"],"picked":"bronze:Assembly","floor":11.0},{"not_picked":["bronze:Return","bronze:Overheat"],"picked":"bronze:Fortify","floor":13.0},{"not_picked":["bronze:Invalidate","bronze:SearingBeam"],"picked":"bronze:Repair","floor":14.0},{"not_picked":["bronze:Overload","bronze:Repair","bronze:Separator"],"picked":"SKIP","floor":15}],"player_experience":1598218,"relics_obtained":[{"floor":6.0,"key":"Gambling Chip"},{"floor":7.0,"key":"Mummified Hand"}],"event_choices":[{"damage_healed":0.0,"max_hp_gain":0.0,"max_hp_loss":0.0,"gold_gain":0.0,"event_name":"Living Wall","player_choice":"Grow","floor":12.0,"gold_loss":0.0,"damage_taken":0.0,"cards_upgraded":["bronze:Assembly"]}],"is_beta":false,"boss_relics":[],"items_purged_floors":[4],"is_endless":false,"potions_floor_spawned":[6,8,9,13],"killed_by":"downfall:Watcher","ascension_level":0}}