{"host":"5j53u3d72gsce0fe","time":1608434751,"event":{"mods":["2.2 Compatiblity","AchievementEnabler","Aspiration","BaseMod","Beaked The Cultist","Better Altar","Better Match","Better Note","Better Sensory Stone","Better Skull","Better Third Choice","Better Vampires","Block Reminder","CCEM","Card Forge","Colored Map","Colored Powertips","Colorless Booster Pack","Conspire","Defuse TimeMaze Blight","Dio Mod","Dota2Spire","Downfall-Rebalance","Emptier Cage","Energized Spire","Friendly Minions","GifTheSpireLib","Hermit","HexUI Lib","Hubris","Humility","Infinite Spire","Marked Mod","Mimic Mod","Minty Spire (QoL Compilation)","Relic Filter","Replay The Spire","Retaliation","Shade Mod","Small Relic Pack","StSLib","Stuff the Spire","The Animator","The Bug Knight","Transform Curses","Unceasing Turn Reminder","???Mod??????Boss"],"gold_per_floor":[117,133,169,211,130,492,538,565,614,614,614,614,614,330,375,432,432,432,432],"floor_reached":18,"playtime":1131,"items_purged":[],"score":137,"play_id":"96ef4d1a-1e7f-478b-9b9d-e5f16bf5fafb","local_time":"20201219192551","is_ascension_mode":true,"campfire_choices":[{"floor":10,"key":"REST"},{"floor":17,"key":"REST"}],"circlet_count":0,"master_deck":["HollowMod:NailStrikeStart","HollowMod:NailStrikeStart","HollowMod:QuickDashStart","HollowMod:QuickDashStart","HollowMod:QuickDashStart","HollowMod:QuickDashStart","HollowMod:FocusHealStart+1","HollowMod:PogoStrike+1","HollowMod:BrokenVessel+1","HollowMod:VengefulSpirit+1","HollowMod:SoulVessel+1","HollowMod:InfectionAssault+1","HollowMod:NewGlowingWomb+1","HollowMod:CloakDash+1","HollowMod:PaleKingsBlessing+1","HollowMod:MonarchWings+1","Sadistic Nature+1","HollowMod:MothsMistake+1","HollowMod:MothsMistake+1","HollowMod:SoulEater+1","HollowMod:InfectedCysts+1"],"relics":["HollowMod:VesselMask","Hammer of Thor","Seething Fire","Anvil of the Gods","NeowsBlessing","Dota2Spire:HandOfMidas","Old Coin","Eternal Feather","Tiny Chest","SsserpentHead","Dota2Spire:PowerTreads"],"acts_visited":["Exordium"],"potions_floor_usage":[8,15,18],"damage_taken":[{"damage":0.0,"enemies":"Cultist","floor":1.0,"turns":1.0},{"damage":0.0,"enemies":"Small Slimes","floor":2.0,"turns":1.0},{"damage":0.0,"enemies":"2 Louse","floor":3.0,"turns":2.0},{"damage":0.0,"enemies":"2 Louse","floor":4.0,"turns":2.0},{"damage":42.0,"enemies":"3 Sentries","floor":6.0,"turns":9.0},{"damage":12.0,"enemies":"Blue Slaver","floor":7.0,"turns":3.0},{"damage":45,"enemies":"Gremlin Nob","floor":8,"turns":4},{"damage":23,"enemies":"Exordium Wildlife","floor":15,"turns":3},{"damage":34,"enemies":"Lagavulin","floor":16,"turns":6},{"damage":64,"enemies":"Hexaghost","floor":18,"turns":8}],"seed_played":"3242436709308235590","potions_obtained":[{"floor":1.0,"key":"SmokeBomb"},{"floor":7.0,"key":"AttackPotion"},{"floor":8,"key":"Milkshake"},{"floor":15,"key":"GamblersBrew"}],"is_trial":false,"path_per_floor":["M","M","MIM","M","$","E","M","E","T","R","PTL","PTL","?","$","M","E","R","B"],"character_chosen":"THE_BUGKNIGHT","items_purchased":["HollowMod:NewGlowingWomb","Sadistic Nature","HollowMod:MothsMistake","PowerPotion"],"campfire_rested":2,"item_purchase_floors":[5,14,14,14],"current_hp_per_floor":[75,75,75,75,75,45,39,5,5,36,36,36,36,36,24,7,41,0,0],"gold":432,"neow_bonus":"THREE_ENEMY_KILL","is_daily":false,"chose_seed":false,"campfire_upgraded":0,"win_rate":0.0,"timestamp":1608434751,"path_taken":["M","M","?","M","?","E","M","E","T","R","PTL","PTL","?","$","M","E","R","BOSS"],"items_purchased_type":["Card","Card","Card","Potion"],"build_version":"2020-12-13","purchased_purges":0,"victory":false,"max_hp_per_floor":[75,75,75,75,75,75,75,75,75,75,75,75,75,75,75,75,75,75,75],"card_choices":[{"not_picked":["HollowMod:DungDefenderAura","HollowMod:VengefulSpirit"],"picked":"HollowMod:BrokenVessel","floor":1.0},{"not_picked":["HollowMod:SharpenedShadows","HollowMod:ShadowDash"],"picked":"HollowMod:VengefulSpirit","floor":2.0},{"not_picked":["HollowMod:LifebloodCocoon","HollowMod:WraithStrike"],"picked":"HollowMod:SoulVessel","floor":3.0},{"not_picked":["HollowMod:NewJinnsSoul","HollowMod:GoodIntentions"],"picked":"HollowMod:InfectionAssault","floor":4.0},{"not_picked":["HollowMod:VengefulVoid","HollowMod:ChannelNail"],"picked":"HollowMod:CloakDash","floor":6.0},{"not_picked":["HollowMod:DashSlash","HollowMod:NewLittleFool"],"picked":"HollowMod:PaleKingsBlessing","floor":7.0},{"not_picked":["HollowMod:WraithStrike","HollowMod:PerfectDash"],"picked":"HollowMod:MonarchWings","floor":8},{"not_picked":["HollowMod:WraithStrike","HollowMod:NewJinnsSoul"],"picked":"HollowMod:SoulEater","floor":15},{"not_picked":["HollowMod:HerrahsAnger","HollowMod:SoulStrike"],"picked":"HollowMod:InfectedCysts","floor":16}],"player_experience":1190215,"relics_obtained":[{"floor":3.0,"key":"Dota2Spire:HandOfMidas"},{"floor":6.0,"key":"Old Coin"},{"floor":8,"key":"Eternal Feather"},{"floor":9,"key":"Tiny Chest"},{"floor":16,"key":"Dota2Spire:PowerTreads"}],"event_choices":[{"damage_healed":0,"gold_gain":0,"player_choice":"Trade","damage_taken":0,"relics_obtained":["SsserpentHead"],"max_hp_gain":0,"max_hp_loss":0,"event_name":"FaceTrader","floor":13,"gold_loss":0}],"is_beta":false,"boss_relics":[],"items_purged_floors":[],"is_endless":false,"potions_floor_spawned":[1,7,8,15,16],"killed_by":"Hexaghost","ascension_level":1}}