{"host":"1ivxh6f0wtekmpqo","time":1608467377,"event":{"mods":["AchievementEnabler","BaseMod","Colored Map","Minty Spire (QoL Compilation)","Rare Cards Sparkle","StSLib","SuperFastMode","everything is the same but u backflip on backflip"],"gold_per_floor":[115,115,115,125,140,140,151,151,202,46,221,151,151,166,166,268,268,287,301,301,316,316,342,354,385,444,467,479,509,532,544,556,568,568],"floor_reached":33,"playtime":1866,"items_purged":[],"score":259,"play_id":"8c415123-837a-4d97-b957-e8f1787ee152","local_time":"20201220202937","is_ascension_mode":false,"campfire_choices":[{"data":"Eruption","floor":6.0,"key":"SMITH"},{"data":"LikeWater","floor":8.0,"key":"SMITH"},{"data":"LessonLearned","floor":13.0,"key":"SMITH"},{"data":"BattleHymn","floor":15.0,"key":"SMITH"},{"floor":28.0,"key":"REST"},{"floor":32.0,"key":"REST"}],"circlet_count":0,"master_deck":["Strike_P+1","Strike_P+1","Strike_P+1","Defend_P+1","Defend_P+1","Defend_P+1","Eruption+1","Vigilance+1","LikeWater+1","Consecrate+1","SashWhip+1","Consecrate","LessonLearned+1","BattleHymn+1","Establishment+1","Worship","Halt","EmptyMind+1","MentalFortress","WaveOfTheHand","CrushJoints"],"relics":["PureWater","War Paint","FaceOfCleric","Whetstone","Omamori","VioletLotus","Oddly Smooth Stone","MawBank","HornCleat","Centennial Puzzle"],"acts_visited":["Exordium","TheCity"],"potions_floor_usage":[],"damage_taken":[{"damage":0.0,"enemies":"Small Slimes","floor":1.0,"turns":3.0},{"damage":6.0,"enemies":"2 Louse","floor":4.0,"turns":3.0},{"damage":0.0,"enemies":"Cultist","floor":5.0,"turns":2.0},{"damage":0.0,"enemies":"2 Fungi Beasts","floor":7.0,"turns":2.0},{"damage":8.0,"enemies":"Exordium Thugs","floor":14.0,"turns":3.0},{"damage":2.0,"enemies":"Hexaghost","floor":16.0,"turns":6.0},{"damage":6.0,"enemies":"Chosen","floor":18.0,"turns":2.0},{"damage":9.0,"enemies":"Spheric Guardian","floor":19.0,"turns":5.0},{"damage":8.0,"enemies":"Shelled Parasite and Fungi","floor":21.0,"turns":5.0},{"damage":22.0,"enemies":"Book of Stabbing","floor":23.0,"turns":5.0},{"damage":4.0,"enemies":"Cultist and Chosen","floor":25.0,"turns":6.0},{"damage":16.0,"enemies":"Sentry and Sphere","floor":27.0,"turns":4.0},{"damage":16.0,"enemies":"Centurion and Healer","floor":29.0,"turns":5.0},{"damage":23.0,"enemies":"Snake Plant","floor":30.0,"turns":5.0},{"damage":45,"enemies":"Collector","floor":33,"turns":5}],"seed_played":"1974214613141049279","potions_obtained":[{"floor":1.0,"key":"Regen Potion"},{"floor":5.0,"key":"Explosive Potion"},{"floor":14.0,"key":"Weak Potion"},{"floor":16.0,"key":"Energy Potion"},{"floor":21.0,"key":"StancePotion"},{"floor":23.0,"key":"Swift Potion"},{"floor":25.0,"key":"Swift Potion"}],"is_trial":false,"path_per_floor":["M","?","?","M","M","R","M","R","T","$","?","$","R","M","R","B",null,"M","M","?","M","?","E","T","M","T","M","R","M","M","?","R","B"],"character_chosen":"WATCHER","items_purchased":["Omamori","LessonLearned"],"campfire_rested":2,"item_purchase_floors":[10,12],"current_hp_per_floor":[72,65,65,60,61,61,62,62,62,62,62,62,62,55,55,54,77,72,64,64,57,57,41,41,38,38,23,47,32,10,10,35,0,0],"gold":568,"neow_bonus":"RANDOM_COMMON_RELIC","is_daily":false,"chose_seed":false,"campfire_upgraded":4,"win_rate":0.0,"timestamp":1608467377,"path_taken":["M","?","?","?","M","R","M","R","T","$","?","?","R","M","R","BOSS","M","M","?","M","?","E","?","M","T","M","R","?","M","?","R","BOSS"],"items_purchased_type":["Relic","Card"],"build_version":"2020-12-13","purchased_purges":0,"victory":false,"max_hp_per_floor":[72,72,72,73,74,74,75,75,75,75,75,75,75,76,76,77,77,78,79,79,80,80,81,81,82,82,83,83,84,85,85,85,85,85],"card_choices":[{"not_picked":["FlurryOfBlows","PathToVictory"],"picked":"LikeWater","floor":1.0},{"not_picked":["EmptyBody","Crescendo"],"picked":"Consecrate","floor":4.0},{"not_picked":["Crescendo","WheelKick"],"picked":"SashWhip","floor":5.0},{"not_picked":["FlyingSleeves","CarveReality"],"picked":"Consecrate","floor":7.0},{"not_picked":["DeceiveReality","PathToVictory"],"picked":"BattleHymn","floor":14.0},{"not_picked":["DeusExMachina","LessonLearned"],"picked":"Establishment","floor":16.0},{"not_picked":["CutThroughFate","Evaluate"],"picked":"Worship","floor":18.0},{"not_picked":["Prostrate","LikeWater"],"picked":"Halt","floor":19.0},{"not_picked":["FollowUp","FlyingSleeves"],"picked":"EmptyMind","floor":21.0},{"not_picked":["FlurryOfBlows","EmptyFist"],"picked":"WaveOfTheHand","floor":23.0},{"not_picked":["FlyingSleeves","CarveReality","Nirvana"],"picked":"SKIP","floor":25.0},{"not_picked":["Halt","Evaluate","BowlingBash"],"picked":"SKIP","floor":27.0},{"not_picked":["EmptyMind","JustLucky"],"picked":"CrushJoints","floor":29.0},{"not_picked":["Conclude","Protect","CutThroughFate+1"],"picked":"SKIP","floor":30.0}],"player_experience":226369,"relics_obtained":[{"floor":9.0,"key":"Whetstone"},{"floor":23.0,"key":"MawBank"},{"floor":24.0,"key":"HornCleat"},{"floor":26.0,"key":"Centennial Puzzle"}],"event_choices":[{"cards_removed":["Defend_P"],"damage_healed":0.0,"max_hp_gain":0.0,"max_hp_loss":0.0,"gold_gain":0.0,"event_name":"Golden Wing","player_choice":"Card Removal","floor":2.0,"gold_loss":0.0,"damage_taken":7.0},{"damage_healed":0.0,"max_hp_gain":0.0,"max_hp_loss":0.0,"gold_gain":0.0,"event_name":"FaceTrader","player_choice":"Trade","floor":3.0,"gold_loss":0.0,"damage_taken":0.0,"relics_obtained":["FaceOfCleric"]},{"damage_healed":0.0,"max_hp_gain":0.0,"max_hp_loss":0.0,"gold_gain":175.0,"event_name":"Liars Game","player_choice":"AGREE","floor":11.0,"gold_loss":0.0,"damage_taken":0.0,"cards_obtained":["Doubt"]},{"damage_healed":0.0,"max_hp_gain":0.0,"max_hp_loss":0.0,"gold_gain":0.0,"event_name":"The Mausoleum","player_choice":"Opened","floor":20.0,"gold_loss":0.0,"damage_taken":0.0,"relics_obtained":["Oddly Smooth Stone"],"cards_obtained":["Writhe"]},{"damage_healed":0.0,"max_hp_gain":0.0,"max_hp_loss":0.0,"gold_gain":0.0,"event_name":"The Library","player_choice":"Read","floor":22.0,"gold_loss":0.0,"damage_taken":0.0,"cards_obtained":["MentalFortress"]},{"cards_removed":["Strike_P"],"damage_healed":0.0,"max_hp_gain":0.0,"max_hp_loss":0.0,"gold_gain":0.0,"event_name":"Back to Basics","player_choice":"Elegance","floor":31.0,"gold_loss":0.0,"damage_taken":0.0}],"is_beta":false,"boss_relics":[{"not_picked":["Astrolabe","Runic Pyramid"],"picked":"VioletLotus"}],"items_purged_floors":[],"is_endless":false,"potions_floor_spawned":[1,5,14,16,18,21,23,25],"killed_by":"Collector","ascension_level":0}}