{"host":"dwyzfvnzfcqffr30","time":1608475175,"event":{"mods":["2.2 Compatiblity","Act Like it!","BaseMod","Beaked The Cultist","Better Altar","Better Match","Better Note","Better Sensory Stone","Better Skull","Better Third Choice","Clockwork Mod","Colored Map","Colored Powertips","Conspire","Downfall","Elementarium","GifTheSpireLib","Halation","Hermit","Hubris","Infinite Spire","Ironclad Rager","Jedi Mod","Menagerie","Mimic Mod","Minty Spire (QoL Compilation)","Permanent Neow","Random Character Button","Replay The Spire","Spicy Shops","StSLib","Stuff the Spire","The Construct","The Disciple","The Druid","TheFirefly","Trackpad","vexMod"],"gold_per_floor":[419,419,419,439,389,509,528,540,540,656,656,672,722,862,862,962,962,1022,1022,1034,462,476,600,600,600,625,625,625,625,41,56,56,159,159,176,226,151,26,126,234,234,246,278,296,364,474,474,610,610,610,610,610,17,117,117],"floor_reached":56,"playtime":4885,"items_purged":["Amnesia","infinitespire:Pacifist","jedi:thedog","Replay:Hysterical Blindness"],"score":1851,"play_id":"915aa688-d3db-4a12-ba2c-091a0567d902","local_time":"20201220063935","is_ascension_mode":true,"campfire_choices":[{"floor":11,"key":"RECALL"},{"data":"1","floor":15,"key":"LIFT"},{"data":"2","floor":24,"key":"LIFT"},{"data":"3","floor":25,"key":"LIFT"},{"floor":28,"key":"REST"},{"data":"conspire:NecroticWound","floor":32,"key":"PURGE"},{"floor":41,"key":"REST"},{"floor":49,"key":"REST"},{"floor":52,"key":"REST"}],"circlet_count":0,"master_deck":["hermit:Strike_Hermit+1","hermit:Strike_Hermit+1","hermit:Strike_Hermit+1","hermit:Strike_Hermit+1","hermit:Defend_Hermit+1","hermit:Defend_Hermit+1","hermit:Defend_Hermit+1","hermit:Defend_Hermit+1","hermit:Snapshot+1","hermit:Maintenance+1","MasterReality+1","hermit:Headshot+1","hermit:HighCaliber+1","hermit:WideOpen+1","hermit:Dive+1","hermit:Brawl+1","hubris:Despair","hermit:BodyArmor+1","hermit:Reprieve+1","Panache+1","expansioncontent:Collect+1","hermit:Enervate+1","Clumsy","hermit:Deadeye+1","hubris:Wrath","hermit:Showdown+1","Shame"],"relics":["hermit:Momento","StuffTheSpire:DarkSteelAnvil","StuffTheSpire:TintedRock","Bottled Tornado","Quantum Egg","Frozen Egg 2","Toxic Egg 2","Molten Egg 2","hubris:FruitBowl","hubris:EvacipatedBox","Juzu Bracelet","halation:EternalFortune","Pet Ghost","MealTicket","vexMod:InvisibilityCloak","Bag of Preparation","ReplayTheSpireMod:Ring of Exchange","Ring of Greed","hubris:MobiusCoin","Golden Egg","Girya","sneckomod:SneckoTalon","Oddly Smooth Stone","StuffTheSpire:ForceGauntlet","hubris:MedicalManual","hubris:CrystalStatue","hubris:BottledHeart","FossilizedHelix","ReplayTheSpireMod:Shallot","ReplayTheSpireMod:ShopPack","trackpad:WindUpAutoDealer","trackpad:CultistFigurine","halation:VictoryRuler","Blood Vial","conspire:BottledYoYo","infinitespire:WardingShard","trackpad:SappingStone"],"acts_visited":["Exordium","TheCity","TheBeyond","TheEnding"],"potions_floor_usage":[16,16,16,33,33,48,50,55],"damage_taken":[{"damage":1,"enemies":"Small Slimes","floor":1,"turns":2},{"damage":3,"enemies":"Jaw Worm","floor":4,"turns":2},{"damage":19,"enemies":"3 Sentries","floor":6,"turns":6},{"damage":0,"enemies":"2 Louse","floor":7,"turns":1},{"damage":0,"enemies":"Blue Slaver","floor":8,"turns":1},{"damage":7,"enemies":"Lagavulin","floor":10,"turns":3},{"damage":0,"enemies":"Gremlin Gang","floor":12,"turns":3},{"damage":0,"enemies":"Gremlin Nob","floor":14,"turns":2},{"damage":1,"enemies":"Fading Forest","floor":16,"turns":11},{"damage":0,"enemies":"Chosen","floor":18,"turns":3},{"damage":2,"enemies":"Shell Parasite","floor":20,"turns":4},{"damage":13,"enemies":"Centurion and Healer","floor":22,"turns":5},{"damage":18,"enemies":"Slavers","floor":23,"turns":6},{"damage":0,"enemies":"Chosen and Byrds","floor":31,"turns":3},{"damage":0,"enemies":"Collector","floor":33,"turns":8},{"damage":0,"enemies":"3 Shapes","floor":35,"turns":3},{"damage":0,"enemies":"2 Orb Walkers","floor":36,"turns":6},{"damage":0,"enemies":"Giant Head","floor":40,"turns":6},{"damage":0,"enemies":"3 Darklings","floor":42,"turns":5},{"damage":0,"enemies":"Spire Growth","floor":43,"turns":5},{"damage":0,"enemies":"Spire Growth","floor":44,"turns":3},{"damage":0,"enemies":"Transient","floor":45,"turns":5},{"damage":0,"enemies":"Sphere and 2 Shapes","floor":46,"turns":3},{"damage":0,"enemies":"Nemesis","floor":48,"turns":5},{"damage":0,"enemies":"infinitespire:MassOfShapes","floor":50,"turns":8},{"damage":0,"enemies":"Shield and Spear","floor":54,"turns":6},{"damage":0,"enemies":"The Heart","floor":55,"turns":8}],"seed_played":"-7487810525575883062","potions_obtained":[{"floor":1,"key":"ColorlessPotion"},{"floor":7,"key":"Fire Potion"},{"floor":10,"key":"Explosive Potion"},{"floor":16,"key":"jedi:wingpotion"},{"floor":23,"key":"LifebloodPotion"},{"floor":35,"key":"Elixir"},{"floor":40,"key":"Elixir"}],"is_trial":false,"path_per_floor":["M","?","?","M","?","E","M","M","T","E","R","M","?","E","R","B",null,"M","?","M","$","M","E","R","R","T","?","R","?","$","M","R_BF","B",null,"M","?","?","$","?","E","R","M","MIM","M","M","M","?","E","R","B",null,"R","$","E","B",null],"character_chosen":"HERMIT","items_purchased":["Oddly Smooth Stone","StuffTheSpire:ForceGauntlet","hubris:MedicalManual","FossilizedHelix","ReplayTheSpireMod:Shallot","PowerPotion","conspire:BottledYoYo","infinitespire:WardingShard","PowerPotion"],"campfire_rested":4,"item_purchase_floors":[21,21,21,30,30,30,53,53,53],"current_hp_per_floor":[74,78,78,75,75,56,56,56,56,53,53,53,53,53,53,60,83,83,83,81,83,70,52,52,52,52,1,1,1,1,1,1,1,1,1,1,1,1,1,1,1,1,1,1,1,1,1,1,1,1,1,1,1,1,1],"gold":117,"neow_bonus":"THREE_CARDS","is_daily":false,"chose_seed":false,"campfire_upgraded":0,"win_rate":0.0,"timestamp":1608475175,"path_taken":["M","?","?","M","?","E","M","M","T","E","R","M","?","E","R","BOSS","M","?","M","$","M","E","R","R","T","?","R","?","$","M","R_BF","BOSS","M","?","?","$","?","E","R","M","MIM","M","M","M","?","E","R","BOSS","R","$","E","BOSS"],"items_purchased_type":["Relic","Relic","Relic","Relic","Relic","Potion","Relic","Relic","Potion"],"build_version":"2020-12-13","purchased_purges":4,"victory":true,"max_hp_per_floor":[75,79,79,79,79,79,79,79,79,83,83,83,83,83,83,83,83,83,83,83,83,83,83,83,83,83,1,1,1,1,1,1,1,1,1,1,1,1,1,1,1,1,1,1,1,1,1,1,1,1,1,1,1,1,1],"card_choices":[{"not_picked":["hermit:ItchyTrigger","hermit:Horror"],"picked":"hermit:Maintenance","floor":0},{"not_picked":["hermit:Combo+1","hermit:DeadMansHand+1"],"picked":"hermit:Headshot+1","floor":1},{"not_picked":["hermit:Feint+1","hermit:Vantage+1","hermit:Cheat+1"],"picked":"SKIP","floor":4},{"not_picked":["hermit:Roughhouse+1","hermit:DeadMansHand+1"],"picked":"hermit:HighCaliber+1","floor":6},{"not_picked":["hermit:BigShot+1","hermit:LowProfile+1"],"picked":"hermit:WideOpen+1","floor":7},{"not_picked":["hermit:Ricochet+1","hermit:Snipe+1","hermit:Feint+1"],"picked":"SKIP","floor":8},{"not_picked":["hermit:Vantage+1","hermit:SprayPray+1"],"picked":"hermit:Dive+1","floor":10},{"not_picked":["hermit:CursedWeapon+1","hermit:Coalescence+1"],"picked":"hermit:Brawl+1","floor":12},{"not_picked":["hermit:Enervate+1","hermit:Headshot+1","hermit:Ricochet+1"],"picked":"SKIP","floor":14},{"not_picked":["hermit:Ricochet+1","hermit:Vantage+1","hermit:Horror+1"],"picked":"SKIP","floor":18},{"not_picked":["hermit:Ricochet+1","hermit:Vantage+1","hermit:Horror+1"],"picked":"SKIP","floor":18},{"not_picked":["hermit:HighCaliber+1","hermit:TakeAim+1","hermit:Misfire+1"],"picked":"SKIP","floor":20},{"not_picked":["hermit:HighCaliber+1","hermit:Horror+1","hermit:Ricochet+1"],"picked":"SKIP","floor":22},{"not_picked":["hermit:TrackingShot+1","hermit:Quickdraw+1","hermit:Brawl+1"],"picked":"SKIP","floor":23},{"not_picked":["hermit:Gestalt+1","hermit:Vantage+1"],"picked":"hermit:BodyArmor+1","floor":31},{"not_picked":["hermit:FatalDesire+1","hermit:RoundhouseKick+1"],"picked":"hermit:Reprieve+1","floor":33},{"not_picked":["Crow Ritual","expansioncontent:AwakenDeath"],"picked":"Panache","floor":34},{"not_picked":["expansioncontent:BronzeBeam","hubris:Ssssneak"],"picked":"expansioncontent:Collect","floor":34},{"not_picked":["hermit:TrackingShot+1","hermit:Showdown+1","hermit:Dive+1"],"picked":"SKIP","floor":35},{"not_picked":["hermit:Brawl+1","hermit:Headshot+1","hermit:BlackWind+1"],"picked":"SKIP","floor":40},{"not_picked":["hermit:Ricochet+1","hermit:Desperado+1","hermit:BodyArmor+1"],"picked":"SKIP","floor":42},{"not_picked":["hermit:Snipe+1","hermit:LuckOfTheDraw+1"],"picked":"hermit:Deadeye+1","floor":43},{"not_picked":["hermit:Gestalt+1","hermit:HoleUp+1","hermit:HighCaliber+1"],"picked":"SKIP","floor":44},{"not_picked":["hermit:Roulette+1","hermit:BodyArmor+1","hermit:Midnight+1"],"picked":"SKIP","floor":45},{"not_picked":["hermit:FatalDesire+1","hermit:CalledShot+1"],"picked":"hermit:Showdown+1","floor":46},{"not_picked":["hermit:Vantage+1","hermit:Virtue+1","hermit:Midnight+1"],"picked":"SKIP","floor":48},{"not_picked":["hermit:ItchyTrigger+1","hermit:Horror+1","hermit:Ricochet+1"],"picked":"SKIP","floor":54}],"player_experience":2283237,"relics_obtained":[{"floor":3,"key":"Pet Ghost"},{"floor":6,"key":"MealTicket"},{"floor":9,"key":"vexMod:InvisibilityCloak"},{"floor":10,"key":"halation:EternalFortune"},{"floor":10,"key":"Bag of Preparation"},{"floor":13,"key":"ReplayTheSpireMod:Ring of Exchange"},{"floor":13,"key":"Ring of Greed"},{"floor":13,"key":"hubris:MobiusCoin"},{"floor":13,"key":"Golden Egg"},{"floor":14,"key":"Girya"},{"floor":23,"key":"hubris:CrystalStatue"},{"floor":36,"key":"trackpad:WindUpAutoDealer"},{"floor":40,"key":"halation:EternalFortune"},{"floor":40,"key":"trackpad:CultistFigurine"},{"floor":43,"key":"halation:VictoryRuler"},{"floor":43,"key":"halation:EternalFortune"},{"floor":48,"key":"Blood Vial"},{"floor":54,"key":"trackpad:SappingStone"}],"event_choices":[{"damage_healed":0,"gold_gain":0,"player_choice":"Simplicity","damage_taken":0,"max_hp_gain":0,"max_hp_loss":8,"event_name":"betterThird:BetterWriting","floor":0,"gold_loss":0},{"cards_removed":["hermit:Covet"],"damage_healed":0,"gold_gain":0,"player_choice":"Card Removal","damage_taken":0,"max_hp_gain":0,"max_hp_loss":0,"event_name":"The Cleric","floor":5,"gold_loss":50},{"damage_healed":0,"gold_gain":0,"player_choice":"Ignored","damage_taken":0,"max_hp_gain":0,"max_hp_loss":0,"event_name":"Upgrade Shrine","floor":19,"gold_loss":0},{"damage_healed":0,"gold_gain":0,"player_choice":"Fight","damage_taken":0,"max_hp_gain":0,"max_hp_loss":0,"event_name":"Mysterious Sphere","floor":36,"gold_loss":0},{"damage_healed":0,"gold_gain":0,"player_choice":"Random: Orange","damage_taken":0,"max_hp_gain":0,"max_hp_loss":0,"event_name":"betterThird:BetterPortal","floor":37,"gold_loss":0},{"damage_healed":0,"gold_gain":0,"player_choice":"3","damage_taken":0,"max_hp_gain":0,"max_hp_loss":0,"event_name":"betterMatch:BetterMatch","floor":37,"gold_loss":0,"cards_obtained":[]},{"damage_healed":0,"gold_gain":0,"player_choice":"Leave","damage_taken":0,"max_hp_gain":0,"max_hp_loss":0,"event_name":"conspire:Investor","floor":47,"gold_loss":0}],"is_beta":false,"boss_relics":[{"not_picked":["halation:NonexistentMirror","Medical Kit","halation:Diary"],"picked":"sneckomod:SneckoTalon"},{"not_picked":["Kintsugi","hubris:BlackHole","halation:Risk"],"picked":"ReplayTheSpireMod:ShopPack"}],"items_purged_floors":[21,30,38,53],"is_endless":false,"potions_floor_spawned":[1,4,7,10,16,18,23,31,35,40,44,45],"ascension_level":3}}