{"host":"mn5ze3eyhx81nlo2","time":1608498322,"event":{"mods":["BaseMod","Block Reminder","Challenge The Spire","Downfall","Hermit","Hubris","Infinite Spire","Minty Spire (QoL Compilation)","Quick Restart","Replay The Spire","Shade Mod","StSLib","The Cursed","The Druid","The Hierophant","The Runesmith","Unceasing Turn Reminder"],"gold_per_floor":[99,99,99,99,99,99,123,155,171,201,214,214,234,73,86,185,185,35,48,68,96,21,47,95,95,126,143,182,195,195,105,121,121,121],"floor_reached":33,"playtime":1583,"items_purged":["Spreading Infection"],"score":355,"play_id":"7c190ba0-b372-4284-9b49-14951ae48834","local_time":"20201220210522","is_ascension_mode":true,"campfire_choices":[{"floor":1.0,"key":"DIG"},{"floor":6.0,"key":"RECALL"},{"floor":18.0,"key":"DIG"},{"data":"champ:StrikeOfGenius","floor":22,"key":"SMITH"},{"data":"champ:FanOfKnives","floor":25,"key":"SMITH"}],"circlet_count":0,"master_deck":["champ:Strike","champ:Strike","champ:Strike","champ:Strike","champ:Defend","champ:Defend+1","champ:Defend","champ:Defend+1","champ:Execute+1","champ:Taunt","champ:FanOfKnives+1","champ:GladiatorStyle","champ:Control","champ:GutPunch","champ:EndlessRage","champ:StrikeOfGenius+1","champ:BerserkerStyle","champ:Backstep","ReplayTheSpireMod:Splinters","champ:DefensiveStyle","champ:Aggression+1","champ:DancingMaster+1"],"relics":["champ:ChampionCrown","downfall:HeartsMalice","Ancient Tea Set","Vajra","Gremlin Horn","Ring of Panic","ReplayTheSpireMod:Ring of Exchange","champ:ChampionCrownUpgraded","downfall:HeartBlessingRed","downfall:HeartBlessingGreen","Lizard Tail","Akabeko","downfall:HeartBlessingBlue","Golden Egg","MealTicket","Replay:Bottled Flurry","FossilizedHelix"],"acts_visited":["Exordium","TheCity"],"potions_floor_usage":[21,23,23,31,33],"damage_taken":[{"damage":0.0,"enemies":"Cultist","floor":3.0,"turns":1.0},{"damage":0.0,"enemies":"Jaw Worm","floor":4.0,"turns":1.0},{"damage":0.0,"enemies":"3 Sentries","floor":8.0,"turns":1.0},{"damage":0.0,"enemies":"2 Louse","floor":9.0,"turns":2.0},{"damage":30.0,"enemies":"Gremlin Nob","floor":10.0,"turns":5.0},{"damage":3.0,"enemies":"Gremlin Gang","floor":11.0,"turns":3.0},{"damage":5.0,"enemies":"3 Louse","floor":13.0,"turns":3.0},{"damage":5.0,"enemies":"downfall:FleeingMerchant","floor":14.0,"turns":4.0},{"damage":12.0,"enemies":"Blue Slaver","floor":15.0,"turns":3.0},{"damage":49.0,"enemies":"downfall:Watcher","floor":16.0,"turns":11.0},{"damage":35.0,"enemies":"Shell Parasite","floor":19.0,"turns":5.0},{"damage":25.0,"enemies":"Chosen","floor":20.0,"turns":4.0},{"damage":95,"enemies":"Book of Stabbing","floor":21,"turns":7},{"damage":74,"enemies":"Gremlin Leader","floor":23,"turns":8},{"damage":32,"enemies":"Slavers","floor":26,"turns":3},{"damage":15,"enemies":"Snecko","floor":27,"turns":3},{"damage":35,"enemies":"Chosen and Byrds","floor":29,"turns":7},{"damage":13,"enemies":"downfall:FleeingMerchant","floor":31,"turns":4},{"damage":23,"enemies":"Centurion and Healer","floor":32,"turns":5},{"damage":55,"enemies":"downfall:Ironclad","floor":33,"turns":4}],"seed_played":"-8995356795690930771","potions_obtained":[{"floor":8.0,"key":"LifebloodPotion"},{"floor":10.0,"key":"ColorlessPotion"},{"floor":11.0,"key":"PowerPotion"},{"floor":13.0,"key":"ColorlessPotion"},{"floor":15.0,"key":"Explosive Potion"},{"floor":19.0,"key":"FearPotion"},{"floor":21,"key":"Milkshake"},{"floor":23,"key":"Venom Potion"},{"floor":32,"key":"infinitespire:BlackPotion"}],"is_trial":false,"path_per_floor":["R","?","M","M","?","R","T","E","M","E","M","?","M","$","M","B",null,"R","M","M","E","R","E","T","R","E","M","?","M","?","$","M","B"],"character_chosen":"THE_CHAMP","items_purchased":["champ:GutPunch","champ:EndlessRage"],"campfire_rested":0,"item_purchase_floors":[14,14],"current_hp_per_floor":[90,90,90,90,90,90,90,90,90,70,70,70,70,70,73,50,90,90,74,67,53,63,53,53,53,34,39,39,29,29,44,28,0,0],"gold":121,"neow_bonus":"THREE_ENEMY_KILL","is_daily":false,"chose_seed":false,"campfire_upgraded":2,"win_rate":0.0,"timestamp":1608498322,"path_taken":["R","?","M","M","?","R","T","E","?","E","M","?","M","?","M","BOSS","R","M","?","E","R","E","T","R","E","M","?","M","?","$","M","BOSS"],"items_purchased_type":["Card","Card"],"build_version":"2020-12-13","purchased_purges":1,"victory":false,"max_hp_per_floor":[90,90,90,90,90,90,90,90,90,90,90,90,90,90,90,90,90,90,90,90,90,100,100,100,100,100,100,100,100,100,100,100,100,100],"card_choices":[{"not_picked":["champ:TornadoPunch","champ:BringItOn"],"picked":"champ:FanOfKnives","floor":3.0},{"not_picked":["champ:Balance","champ:BringItOn","champ:BerserkersShout"],"picked":"SKIP","floor":4.0},{"not_picked":["champ:DefensiveShout","champ:Haymaker","champ:Shatter"],"picked":"SKIP","floor":8.0},{"not_picked":["champ:EnGarde","champ:RageSigil","champ:PerfectedStrike"],"picked":"SKIP","floor":9.0},{"not_picked":["champ:MurderStrike","champ:EnragedBash","champ:PerfectedStrike"],"picked":"SKIP","floor":10.0},{"not_picked":["champ:CrookedStrike","champ:PreciseThrust","champ:Circumvent"],"picked":"SKIP","floor":11.0},{"not_picked":["champ:PerfectedStrike","champ:BringItOn"],"picked":"champ:GladiatorStyle","floor":13.0},{"not_picked":["champ:PerfectedStrike","champ:CalledShot"],"picked":"champ:Control","floor":14.0},{"not_picked":["champ:GladiatorStyle","champ:GutPunch","champ:GladiatorsShout"],"picked":"SKIP","floor":15.0},{"not_picked":["champ:HeavySlash","champ:ShieldThrow"],"picked":"champ:StrikeOfGenius","floor":16.0},{"not_picked":["champ:Lariat","champ:Encircle"],"picked":"champ:BerserkerStyle","floor":19.0},{"not_picked":["champ:SwordSigil","champ:GladiatorsShout","champ:GladiatorStyle"],"picked":"SKIP","floor":20.0},{"not_picked":["champ:GladiatorStyle","champ:RageSigil","champ:ShieldWall+1"],"picked":"SKIP","floor":21},{"not_picked":["champ:BringItOn","champ:SwordSigil"],"picked":"champ:Backstep","floor":23},{"not_picked":["champ:SwordThrow","champ:SwordSigil","champ:HeartStrike+1"],"picked":"SKIP","floor":26},{"not_picked":["champ:BladeFlurry","champ:DefensiveShout","champ:FocusedDefense"],"picked":"SKIP","floor":27},{"not_picked":["champ:RecklessLeap","champ:BringItOn"],"picked":"champ:DefensiveStyle","floor":28},{"not_picked":["champ:DefensiveShout+1","champ:Circumvent","champ:FightOn"],"picked":"SKIP","floor":29},{"not_picked":["champ:EndlessRage","champ:ShieldSigil+1"],"picked":"champ:Aggression","floor":31},{"not_picked":["champ:FanOfKnives","champ:SkillfulDodge"],"picked":"champ:DancingMaster","floor":32}],"player_experience":917828,"relics_obtained":[{"floor":1.0,"key":"Ancient Tea Set"},{"floor":8.0,"key":"Vajra"},{"floor":10.0,"key":"Gremlin Horn"},{"floor":12.0,"key":"Ring of Panic"},{"floor":12.0,"key":"ReplayTheSpireMod:Ring of Exchange"},{"floor":18.0,"key":"Lizard Tail"},{"floor":21,"key":"Akabeko"},{"floor":23,"key":"Golden Egg"},{"floor":24,"key":"MealTicket"},{"floor":26,"key":"Replay:Bottled Flurry"},{"floor":28,"key":"FossilizedHelix"}],"event_choices":[{"cards_removed":["Regret"],"damage_healed":0.0,"max_hp_gain":0.0,"max_hp_loss":0.0,"gold_gain":0.0,"event_name":"Wheel of Change","player_choice":"Card Removal","floor":5.0,"gold_loss":0.0,"damage_taken":0.0}],"is_beta":false,"boss_relics":[{"not_picked":["Cauldron","Toolbox"],"picked":"champ:ChampionCrownUpgraded"}],"items_purged_floors":[31],"is_endless":false,"potions_floor_spawned":[8,10,11,13,15,19,21,23,32],"killed_by":"downfall:Ironclad","ascension_level":1}}