{"host":"n23juj4d9qam5hh1","time":1608492294,"event":{"mods":["BaseMod","Better Note","BetterRewards","Infinite Spire","Minty Spire (QoL Compilation)","Relic Stats","StSLib"],"gold_per_floor":[112,125,52,52,52,52,65,76,76,76,137,163,163,176,176,272,272,286,211,211,225,225,225,253,253,253,253,253,268,284,294,294,294,294],"floor_reached":33,"playtime":1017,"items_purged":["Strike_R"],"score":294,"play_id":"548d0688-a263-4266-8aae-b387124c8108","local_time":"20201220142454","is_ascension_mode":true,"campfire_choices":[{"data":"Heavy Blade","floor":6,"key":"SMITH"},{"data":"Spot Weakness","floor":10,"key":"SMITH"},{"data":"Bash","floor":13,"key":"SMITH"},{"floor":15,"key":"REST"},{"floor":23,"key":"REST"},{"floor":25,"key":"REST"},{"floor":27,"key":"REST"},{"floor":32,"key":"REST"}],"circlet_count":0,"master_deck":["Strike_R","Strike_R","Defend_R","Defend_R","Defend_R","Defend_R","Bash+1","Heavy Blade+1","Flex","Cleave","Spot Weakness+1","Whirlwind+1","Sword Boomerang+1","Immolate+1","infinitespire:OneForAll+1","Fire Breathing","Fire Breathing","Flame Barrier+1"],"relics":["Black Blood","Molten Egg 2","infinitespire:BottledMercury","infinitespire:Beetle Shell","InkBottle","Toxic Egg 2"],"acts_visited":["Exordium","TheCity"],"potions_floor_usage":[18,20,21,24,24,31],"damage_taken":[{"damage":6,"enemies":"Cultist","floor":1,"turns":4},{"damage":6,"enemies":"2 Louse","floor":2,"turns":3},{"damage":19,"enemies":"Jaw Worm","floor":7,"turns":4},{"damage":11,"enemies":"Blue Slaver","floor":8,"turns":3},{"damage":8,"enemies":"Gremlin Nob","floor":11,"turns":3},{"damage":22,"enemies":"Gremlin Nob","floor":12,"turns":4},{"damage":4,"enemies":"Red Slaver","floor":14,"turns":3},{"damage":55,"enemies":"Hexaghost","floor":16,"turns":9},{"damage":11,"enemies":"2 Thieves","floor":18,"turns":2},{"damage":17,"enemies":"3 Byrds","floor":20,"turns":4},{"damage":33,"enemies":"Snake Plant","floor":21,"turns":3},{"damage":47,"enemies":"Book of Stabbing","floor":24,"turns":5},{"damage":39,"enemies":"Centurion and Healer","floor":29,"turns":4},{"damage":19,"enemies":"Chosen and Byrds","floor":30,"turns":4},{"damage":21,"enemies":"Snake Plant","floor":31,"turns":3},{"damage":78,"enemies":"Collector","floor":33,"turns":6}],"seed_played":"8727496927259920737","potions_obtained":[{"floor":1,"key":"SteroidPotion"},{"floor":8,"key":"HeartOfIron"},{"floor":11,"key":"ElixirPotion"},{"floor":16,"key":"SpeedPotion"},{"floor":18,"key":"DistilledChaos"},{"floor":21,"key":"Fire Potion"},{"floor":30,"key":"DistilledChaos"}],"is_trial":false,"path_per_floor":["M","M","$","$","?","R","M","M","T","R","?","E","R","M","R","B",null,"M","$","M","M","?","R","E","R","T","R","?","M","M","M","R","B"],"character_chosen":"IRONCLAD","items_purchased":["Flex","Cleave"],"campfire_rested":5,"item_purchase_floors":[3,3],"current_hp_per_floor":[88,88,88,88,88,88,75,70,70,70,68,52,52,54,80,31,88,88,88,83,62,45,72,37,64,64,91,91,64,57,48,75,0,0],"gold":294,"neow_bonus":"TEN_PERCENT_HP_BONUS","is_daily":false,"chose_seed":false,"campfire_upgraded":3,"win_rate":0.0,"timestamp":1608492294,"path_taken":["M","M","?","$","?","R","M","?","T","R","?","E","R","M","R","BOSS","M","$","M","M","?","R","E","R","T","R","?","M","M","?","R","BOSS"],"items_purchased_type":["Card","Card"],"build_version":"2020-12-13","purchased_purges":1,"victory":false,"max_hp_per_floor":[88,88,88,88,88,88,88,88,88,88,88,88,88,88,88,88,88,88,88,88,88,93,93,93,93,93,93,93,93,93,93,93,93,93],"relic_stats":{"counters":[16,64],"Black Blood":131,"obtain_stats":[{"infinitespire:BottledMercury":11,"Black Blood":17,"Molten Egg 2":9,"infinitespire:Beetle Shell":12,"Toxic Egg 2":26,"Burning Blood":0,"InkBottle":24},{"infinitespire:BottledMercury":5,"Black Blood":8,"Molten Egg 2":4,"infinitespire:Beetle Shell":6,"Toxic Egg 2":12,"Burning Blood":0,"InkBottle":12},{"infinitespire:BottledMercury":17,"Black Blood":33,"Molten Egg 2":14,"infinitespire:Beetle Shell":21,"Toxic Egg 2":47,"Burning Blood":0,"InkBottle":47}],"InkBottle":[3]},"card_choices":[{"not_picked":["Burning Pact","Wild Strike"],"picked":"Heavy Blade","floor":1},{"not_picked":["Hemokinesis","Disarm","Dual Wield"],"picked":"SKIP","floor":2},{"not_picked":["Armaments","Havoc"],"picked":"Spot Weakness","floor":7},{"not_picked":["Sentinel","Entrench","Headbutt"],"picked":"SKIP","floor":8},{"not_picked":["Fiend Fire+1","Metallicize"],"picked":"Whirlwind+1","floor":11},{"not_picked":["Berserk","Wild Strike+1","Headbutt+1"],"picked":"SKIP","floor":12},{"not_picked":["True Grit","Shrug It Off"],"picked":"Sword Boomerang+1","floor":14},{"not_picked":["Offering","Reaper+1"],"picked":"Immolate+1","floor":16},{"not_picked":["Searing Blow+1","Dual Wield"],"picked":"infinitespire:OneForAll+1","floor":18},{"not_picked":["Reckless Charge+1","Battle Trance","Bloodletting+1"],"picked":"SKIP","floor":20},{"not_picked":["Dark Embrace+1","Warcry","Reckless Charge+1"],"picked":"SKIP","floor":21},{"not_picked":["Iron Wave+1","Flex","Perfected Strike+1"],"picked":"SKIP","floor":24},{"not_picked":["Whirlwind+1","Wild Strike+1"],"picked":"Fire Breathing","floor":29},{"not_picked":["Clash+1","Warcry+1"],"picked":"Fire Breathing","floor":30},{"not_picked":["Flex+1","Inflame"],"picked":"Flame Barrier+1","floor":31}],"player_experience":183834,"relics_obtained":[{"floor":9,"key":"Molten Egg 2"},{"floor":11,"key":"infinitespire:BottledMercury"},{"floor":12,"key":"infinitespire:Beetle Shell"},{"floor":24,"key":"InkBottle"},{"floor":26,"key":"Toxic Egg 2"}],"event_choices":[{"cards_removed":["Strike_R"],"damage_healed":0,"gold_gain":0,"player_choice":"Purged","damage_taken":0,"max_hp_gain":0,"max_hp_loss":0,"event_name":"Purifier","floor":5,"gold_loss":0},{"damage_healed":0,"gold_gain":0,"player_choice":"Searched \u00271\u0027 times","damage_taken":0,"max_hp_gain":0,"max_hp_loss":0,"event_name":"Dead Adventurer","floor":11,"gold_loss":0},{"damage_healed":0,"gold_gain":0,"player_choice":"Shed Blood","damage_taken":22,"max_hp_gain":5,"max_hp_loss":0,"event_name":"Forgotten Altar","floor":22,"gold_loss":0},{"cards_removed":["Strike_R"],"damage_healed":0,"gold_gain":0,"player_choice":"Offered Basic","damage_taken":0,"max_hp_gain":0,"max_hp_loss":0,"event_name":"Bonfire Elementals","floor":28,"gold_loss":0}],"is_beta":false,"boss_relics":[{"not_picked":["Snecko Eye","Calling Bell"],"picked":"Black Blood"}],"items_purged_floors":[19],"is_endless":false,"potions_floor_spawned":[1,8,11,16,18,21,30],"killed_by":"Collector","ascension_level":2}}