{"host":"07tcb8n8jdavk3gs","time":1608448851,"event":{"mods":["BaseMod","Colored Map","Hermit","Marisa????????","Minty Spire (QoL Compilation)","StSLib","The Animator","The Cursed","The Servant 0.9.4"],"gold_per_floor":[273,182,117,143,143,186,186,44,44,101,132,132,160,178,178,301,301,332,326,326,326],"floor_reached":20,"playtime":1305,"items_purged":[],"score":366,"play_id":"f91c3f5f-c3b7-436b-9265-3c85b2a78165","local_time":"20201220012051","is_ascension_mode":true,"campfire_choices":[{"floor":12,"key":"REST"},{"floor":15,"key":"REST"}],"circlet_count":0,"master_deck":["AscendersBane","animator:Strike_Kancolle","animator:Defend_Kancolle","animator:Shimakaze","animator:Strike_OnePunchMan","animator:Strike_NoGameNoLife","animator:Defend_NoGameNoLife","animator:Defend_AccelWorld","animator:Defend_TenSura","animator:Lancer","animator:EmiyaShirou","animator:Caster","animator:Alexander","animator:Assassin","animator:Shalltear","animator:Lancer","animator:Saber","animator:Gilgamesh","animator:Rider","animator:ShinjiMatou","animator:Berserker","animator:Berserker"],"relics":["animator:LivingPicture","animator:TheMissingPiece","NeowsBlessing","animator:Hoodie","Golden Idol","animator:ShionDessert","Letter Opener","animator:HeavyHalberd","Centennial Puzzle","animator:RacePiece"],"acts_visited":["Exordium","TheCity"],"potions_floor_usage":[10,16,18,19],"damage_taken":[{"damage":0,"enemies":"Cultist","floor":1,"turns":1},{"damage":0,"enemies":"2 Louse","floor":4,"turns":1},{"damage":0,"enemies":"3 Sentries","floor":6,"turns":1},{"damage":33,"enemies":"Gremlin Nob","floor":10,"turns":5},{"damage":0,"enemies":"Jaw Worm","floor":11,"turns":4},{"damage":0,"enemies":"Exordium Wildlife","floor":13,"turns":6},{"damage":7,"enemies":"Blue Slaver","floor":14,"turns":4},{"damage":26,"enemies":"The Guardian","floor":16,"turns":9},{"damage":33,"enemies":"Shell Parasite","floor":18,"turns":7},{"damage":23,"enemies":"2 Thieves","floor":19,"turns":4},{"damage":0,"enemies":"Centurion and Healer","floor":20,"turns":1}],"seed_played":"4201161133759548949","potions_obtained":[{"floor":4,"key":"GamblersBrew"},{"floor":6,"key":"SpeedPotion"},{"floor":10,"key":"SpeedPotion"},{"floor":11,"key":"SteroidPotion"},{"floor":16,"key":"PowerPotion"}],"is_trial":false,"path_per_floor":["M","?","?","M","?","E","T","$","T","E","M","R","M","M","R","B",null,"M","M","M"],"character_chosen":"THE_ANIMATOR","items_purchased":["animator:Caster","animator:Arpeggio"],"campfire_rested":2,"item_purchase_floors":[8,8],"current_hp_per_floor":[54,54,54,57,35,39,39,39,39,6,10,31,34,27,49,23,61,30,7,7,7],"gold":326,"neow_bonus":"THREE_ENEMY_KILL","is_daily":false,"chose_seed":false,"campfire_upgraded":0,"win_rate":0.0,"timestamp":1608448851,"path_taken":["M","?","?","?","?","E","?","?","T","E","M","R","M","M","R","BOSS","M","M","M"],"items_purchased_type":["Card","Card"],"build_version":"2020-12-13","purchased_purges":0,"victory":false,"max_hp_per_floor":[60,60,60,63,63,67,67,67,67,67,71,71,74,74,74,74,74,76,76,76,76],"card_choices":[{"not_picked":["animator:ElricAlphonse","animator:Rider"],"picked":"animator:Gillette","floor":1},{"not_picked":["animator:Assassin","animator:NarberalGamma"],"picked":"animator:Lancer","floor":4},{"not_picked":["animator:Raven","animator:Laby"],"picked":"animator:EmiyaShirou","floor":6},{"not_picked":["animator:Rider","animator:ShinjiMatou"],"picked":"animator:Alexander","floor":10},{"not_picked":["animator:Kuribayashi","animator:Mikaela"],"picked":"animator:Assassin","floor":11},{"not_picked":["animator:SakuraMatou","animator:Entoma"],"picked":"animator:Shalltear","floor":13},{"not_picked":["animator:ElricAlphonse","animator:YaoHaDucy"],"picked":"animator:Lancer","floor":14},{"not_picked":["animator:AcuraShin","animator:Elesis"],"picked":"animator:Saber","floor":16},{"not_picked":["animator:Lancer","animator:Assassin"],"picked":"animator:Berserker","floor":18},{"not_picked":["animator:Ain","animator:Ara"],"picked":"animator:Berserker","floor":19}],"player_experience":891236,"relics_obtained":[{"floor":6,"key":"animator:ShionDessert"},{"floor":7,"key":"Letter Opener"},{"floor":9,"key":"animator:HeavyHalberd"},{"floor":10,"key":"Centennial Puzzle"}],"event_choices":[{"damage_healed":0,"gold_gain":0,"player_choice":"Paid Gold","damage_taken":0,"relics_obtained":["animator:Hoodie"],"max_hp_gain":0,"max_hp_loss":0,"event_name":"WeMeetAgain","floor":3,"gold_loss":65},{"damage_healed":0,"gold_gain":0,"player_choice":"Take Damage","damage_taken":22,"relics_obtained":["Golden Idol"],"max_hp_gain":0,"max_hp_loss":0,"event_name":"Golden Idol","floor":5,"gold_loss":0}],"is_beta":false,"boss_relics":[{"not_picked":["Philosopher\u0027s Stone","Pandora\u0027s Box"],"picked":"animator:RacePiece"}],"items_purged_floors":[],"is_endless":false,"potions_floor_spawned":[4,6,10,11,16],"killed_by":"Centurion and Healer","ascension_level":15}}