{"host":"cc187","time":1608498884,"event":{"mods":["AchievementEnabler","BaseMod","Bestiary","Colored Map","Colored Powertips","Highlight Path","Keyboard Shortcuts","Minty Spire (QoL Compilation)","Quick Restart","Rare Cards Sparkle","Relic Stats","StSLib","SuperFastMode","Synergy Search"],"gold_per_floor":[119,119,136,136,148,148,148],"floor_reached":6,"playtime":363,"items_purged":[],"score":68,"play_id":"e2394a70-9f08-44aa-bef5-61024266c706","local_time":"20201220211444","is_ascension_mode":true,"campfire_choices":[],"circlet_count":0,"master_deck":["AscendersBane","Strike_G","Strike_G","Strike_G","Strike_G","Defend_G","Defend_G","Defend_G","Defend_G","Defend_G","Survivor","Neutralize","Sucker Punch","Bullet Time","Footwork","Deadly Poison"],"relics":["Black Star","FaceOfCleric"],"acts_visited":["Exordium"],"potions_floor_usage":[],"damage_taken":[{"damage":4,"enemies":"Jaw Worm","floor":1,"turns":6},{"damage":6,"enemies":"2 Louse","floor":3,"turns":4},{"damage":6,"enemies":"Cultist","floor":5,"turns":5},{"damage":47,"enemies":"3 Sentries","floor":6,"turns":8}],"seed_played":"-1100811892640343987","potions_obtained":[{"floor":1,"key":"Energy Potion"}],"is_trial":false,"path_per_floor":["M","?","M","?","M","E"],"character_chosen":"THE_SILENT","items_purchased":[],"campfire_rested":0,"item_purchase_floors":[],"current_hp_per_floor":[55,55,49,49,44,0,0],"gold":148,"neow_bonus":"BOSS_RELIC","is_daily":false,"chose_seed":false,"campfire_upgraded":0,"win_rate":0.0,"timestamp":1608498884,"path_taken":["M","?","M","?","M","E"],"items_purchased_type":[],"build_version":"2020-12-18","purchased_purges":0,"victory":false,"max_hp_per_floor":[66,66,66,66,67,67,67],"relic_stats":{"FaceOfCleric":1,"counters":[4,23],"Black Star":0,"obtain_stats":[{"FaceOfCleric":4,"Black Star":0,"Ring of the Snake":0},{"FaceOfCleric":2,"Black Star":0,"Ring of the Snake":0},{"FaceOfCleric":10,"Black Star":0,"Ring of the Snake":0}]},"card_choices":[{"not_picked":["Choke","PiercingWail"],"picked":"Sucker Punch","floor":1},{"not_picked":["PiercingWail","Well Laid Plans"],"picked":"Footwork","floor":3},{"not_picked":["Slice","Quick Slash"],"picked":"Deadly Poison","floor":5}],"player_experience":814413,"relics_obtained":[],"event_choices":[{"damage_healed":0,"gold_gain":0,"cards_transformed":["Strike_G"],"player_choice":"Change","damage_taken":0,"max_hp_gain":0,"max_hp_loss":0,"event_name":"Living Wall","floor":2,"gold_loss":0,"cards_obtained":["Bullet Time"]},{"damage_healed":0,"gold_gain":0,"player_choice":"Trade","damage_taken":0,"relics_obtained":["FaceOfCleric"],"max_hp_gain":0,"max_hp_loss":0,"event_name":"FaceTrader","floor":4,"gold_loss":0}],"is_beta":true,"boss_relics":[],"items_purged_floors":[],"is_endless":false,"potions_floor_spawned":[1],"killed_by":"3 Sentries","ascension_level":18}}