{"host":"qwttrqaysb380yri","time":1608486565,"event":{"mods":["BaseMod","Custom Start","Minty Spire (QoL Compilation)","Permanent Neow","Puzzle Mod","Relic Stats","StSLib","The Cursed","The Hierophant"],"gold_per_floor":[113,113,126,26,41,72,72,58,58,23,49,62,62,77,77,149,149,129,44,63,63,63,89,89,106,106,206,206,131,158,175,175,175,175],"floor_reached":33,"playtime":1212,"items_purged":[],"score":544,"play_id":"09fd3c5f-08f0-4e78-b54a-7f3250abccdb","local_time":"20201220184925","is_ascension_mode":true,"campfire_choices":[{"floor":7,"key":"REST"},{"floor":13,"key":"REST"},{"data":"Tactician","floor":15,"key":"SMITH"},{"data":"Acrobatics","floor":24,"key":"SMITH"},{"data":"Acrobatics","floor":28,"key":"SMITH"},{"data":"Night Terror","floor":32,"key":"SMITH"}],"circlet_count":0,"master_deck":["AscendersBane","Strike_G+1","Strike_G+1","Strike_G+1","Defend_G+1","Defend_G+1","Defend_G+1","Survivor","Neutralize","Deadly Poison+1","Tools of the Trade+1","Sucker Punch+1","Infinite Blades","Caltrops","Quick Slash","Slice+1","Tactician+1","Poisoned Stab","Blade Dance","Underhanded Strike+1","Die Die Die","Dagger Spray","Bane","Acrobatics+1","Acrobatics+1","Night Terror+1","Backflip"],"relics":["Astrolabe","Anchor","Blood Vial","Pantograph","Cursed Key","Bag of Marbles","Art of War","Mercury Hourglass","Du-Vu Doll","Sundial","Whetstone"],"acts_visited":["Exordium","TheCity"],"potions_floor_usage":[6,8,23,30,33],"damage_taken":[{"damage":2,"enemies":"2 Louse","floor":1,"turns":2},{"damage":1,"enemies":"Jaw Worm","floor":3,"turns":4},{"damage":13,"enemies":"Small Slimes","floor":5,"turns":4},{"damage":26,"enemies":"Gremlin Nob","floor":6,"turns":4},{"damage":5,"enemies":"Exordium Thugs","floor":8,"turns":4},{"damage":35,"enemies":"3 Sentries","floor":11,"turns":7},{"damage":1,"enemies":"Looter","floor":12,"turns":3},{"damage":0,"enemies":"Exordium Wildlife","floor":14,"turns":3},{"damage":32,"enemies":"Slime Boss","floor":16,"turns":10},{"damage":18,"enemies":"2 Thieves","floor":18,"turns":4},{"damage":0,"enemies":"3 Byrds","floor":20,"turns":4},{"damage":0,"enemies":"Gremlin Leader","floor":23,"turns":7},{"damage":16,"enemies":"Snake Plant","floor":25,"turns":4},{"damage":0,"enemies":"Colosseum Slavers","floor":27,"turns":2},{"damage":0,"enemies":"Colosseum Nobs","floor":27,"turns":3},{"damage":19,"enemies":"Slavers","floor":30,"turns":4},{"damage":0,"enemies":"Cultist and Chosen","floor":31,"turns":4},{"damage":25,"enemies":"Automaton","floor":33,"turns":6}],"seed_played":"-7173448227798853305","potions_obtained":[{"floor":1,"key":"LiquidBronze"},{"floor":6,"key":"Block Potion"},{"floor":18,"key":"Weak Potion"},{"floor":20,"key":"Fire Potion"},{"floor":25,"key":"SpeedPotion"}],"is_trial":false,"path_per_floor":["M","?","M","$","M","E","R","M","T","?","E","M","R","M","R","B",null,"M","?","M","?","$","E","R","M","T","?","R","?","E","M","R","B"],"character_chosen":"THE_SILENT","items_purchased":["Quick Slash","Fire Potion"],"campfire_rested":2,"item_purchase_floors":[4,4],"current_hp_per_floor":[57,50,49,49,36,10,29,24,24,40,7,8,27,29,29,24,56,40,40,42,42,42,44,44,30,30,34,34,34,17,19,19,21,21],"gold":175,"neow_bonus":"BOSS_RELIC","is_daily":false,"chose_seed":false,"campfire_upgraded":4,"win_rate":0.0,"timestamp":1608486565,"path_taken":["M","?","M","$","M","E","R","M","T","?","E","M","R","M","R","BOSS","M","?","M","?","$","E","R","?","T","?","R","?","E","M","R","BOSS"],"items_purchased_type":["Card","Potion"],"build_version":"2020-12-13","purchased_purges":0,"victory":false,"max_hp_per_floor":[66,66,66,66,66,66,66,66,66,66,66,66,66,66,66,66,66,66,66,66,66,66,66,66,66,66,66,66,66,66,66,66,66,66],"relic_stats":{"Blood Vial":26,"counters":[18,79],"Sundial":[2],"Astrolabe":["Deadly Poison","Tools of the Trade","Sucker Punch"],"Pantograph":50,"Art of War":[2],"Whetstone":["Underhanded Strike","Slice"],"Cursed Key":1,"obtain_stats":[{"Blood Vial":9,"Du-Vu Doll":27,"Anchor":6,"Sundial":27,"Astrolabe":0,"Pantograph":11,"Bag of Marbles":19,"Art of War":23,"Whetstone":30,"Cursed Key":17,"Ring of the Snake":0,"Mercury Hourglass":26},{"Blood Vial":5,"Du-Vu Doll":15,"Anchor":4,"Sundial":15,"Astrolabe":0,"Pantograph":6,"Bag of Marbles":10,"Art of War":12,"Whetstone":16,"Cursed Key":9,"Ring of the Snake":0,"Mercury Hourglass":13},{"Blood Vial":18,"Du-Vu Doll":65,"Anchor":14,"Sundial":65,"Astrolabe":0,"Pantograph":25,"Bag of Marbles":45,"Art of War":56,"Whetstone":69,"Cursed Key":41,"Ring of the Snake":0,"Mercury Hourglass":60}],"Mercury Hourglass":[90]},"card_choices":[{"not_picked":["Predator","Backflip"],"picked":"Infinite Blades","floor":1},{"not_picked":["Accuracy","Dodge and Roll"],"picked":"Caltrops","floor":3},{"not_picked":["Sucker Punch","Prepared"],"picked":"Slice","floor":5},{"not_picked":["Grand Finale","Backflip"],"picked":"Tactician","floor":6},{"not_picked":["Cloak And Dagger","Flechettes","Slice"],"picked":"SKIP","floor":8},{"not_picked":["Dagger Throw","Bullet Time"],"picked":"Poisoned Stab","floor":11},{"not_picked":["Outmaneuver","Prepared"],"picked":"Blade Dance","floor":12},{"not_picked":["Backflip","Skewer"],"picked":"Underhanded Strike","floor":14},{"not_picked":["Bullet Time","Wraith Form v2"],"picked":"Die Die Die","floor":16},{"not_picked":["PiercingWail","Setup"],"picked":"Dagger Spray","floor":18},{"not_picked":["Blade Dance","Outmaneuver"],"picked":"Bane","floor":20},{"not_picked":["Corpse Explosion","Masterful Stab"],"picked":"Acrobatics","floor":23},{"not_picked":["Blade Dance","Dagger Throw+1","Sucker Punch"],"picked":"SKIP","floor":25},{"not_picked":["Riddle With Holes","Well Laid Plans"],"picked":"Acrobatics","floor":27},{"not_picked":["Dodge and Roll","Underhanded Strike"],"picked":"Night Terror","floor":30},{"not_picked":["Dagger Spray","Blade Dance"],"picked":"Backflip","floor":31}],"player_experience":1910747,"relics_obtained":[{"floor":6,"key":"Anchor"},{"floor":9,"key":"Blood Vial"},{"floor":11,"key":"Pantograph"},{"floor":23,"key":"Art of War"},{"floor":26,"key":"Mercury Hourglass"},{"floor":27,"key":"Du-Vu Doll"},{"floor":27,"key":"Sundial"},{"floor":30,"key":"Whetstone"}],"event_choices":[{"cards_removed":["Defend_G"],"damage_healed":0,"gold_gain":0,"player_choice":"Card Removal","damage_taken":7,"max_hp_gain":0,"max_hp_loss":0,"event_name":"Golden Wing","floor":2,"gold_loss":0},{"damage_healed":16,"gold_gain":0,"player_choice":"Healed","damage_taken":0,"max_hp_gain":0,"max_hp_loss":0,"event_name":"The Cleric","floor":10,"gold_loss":35},{"damage_healed":0,"gold_gain":0,"player_choice":"Obtained Relic","damage_taken":0,"relics_obtained":["Bag of Marbles"],"max_hp_gain":0,"max_hp_loss":0,"event_name":"Addict","floor":19,"gold_loss":85},{"damage_healed":0,"gold_gain":0,"player_choice":"Simplicity","damage_taken":0,"max_hp_gain":0,"max_hp_loss":0,"event_name":"Back to Basics","floor":21,"gold_loss":0,"cards_upgraded":["Strike_G","Strike_G","Strike_G","Defend_G","Defend_G","Defend_G"]},{"damage_healed":0,"gold_gain":0,"player_choice":"Fight","damage_taken":0,"max_hp_gain":0,"max_hp_loss":0,"event_name":"Colosseum","floor":27,"gold_loss":0},{"damage_healed":0,"gold_gain":0,"player_choice":"Fought Nobs","damage_taken":0,"max_hp_gain":0,"max_hp_loss":0,"event_name":"Colosseum","floor":27,"gold_loss":0},{"cards_removed":["Doubt"],"damage_healed":0,"gold_gain":0,"player_choice":"Gave Gold","damage_taken":0,"max_hp_gain":0,"max_hp_loss":0,"event_name":"Beggar","floor":29,"gold_loss":75}],"is_beta":false,"boss_relics":[{"not_picked":["Black Star","Runic Dome"],"picked":"Cursed Key"}],"items_purged_floors":[],"is_endless":false,"potions_floor_spawned":[1,6,18,20,25],"killed_by":"Automaton","ascension_level":14}}