{"host":"9d83omykrosjn1d3","time":1608445768,"event":{"mods":["AchievementEnabler","BaseMod","BetterRewards","Card Forge","Hubris","MarisaÅiñ∂âJÅ@ñÇóùçπÅj","Minty Spire (QoL Compilation)","Permanent Neow","Shop Mod","StSLib","SuperFastMode"],"gold_per_floor":[111,111,111,130,151,185,205,246,300,324,367,367,380,416,416,545,545,566,566,74,92,107,136,136,170,170,181,214,214,164,183,183,285,285,296,311,361,0,0,25,25,51,63,128,156,168,193,236,248,260,272,284,46,74,74],"floor_reached":56,"playtime":2364,"items_purged":["Escape Plan+1"],"score":2048,"play_id":"2af88e1b-e2b8-4f70-be0d-fc592431f2b6","local_time":"20201220152928","is_ascension_mode":true,"campfire_choices":[{"floor":15,"key":"REST"},{"data":"Wraith Form v2","floor":24,"key":"SMITH"},{"data":"Backflip","floor":29,"key":"SMITH"},{"data":"Tactician","floor":32,"key":"SMITH"},{"floor":41,"key":"RECALL"},{"floor":46,"key":"REST"},{"floor":49,"key":"REST"},{"floor":52,"key":"REST"}],"circlet_count":0,"master_deck":["Burst+1","Catalyst+1","Backflip+1","Deadly Poison+1","Catalyst+1","Backflip+1","Tactician+1","Concentrate+1","Wraith Form v2+1","Corpse Explosion+1","Acrobatics+1","Tactician+1"],"relics":["Hammer of Thor","Seething Fire","Anvil of the Gods","Sozu","Bloody Idol","Regal Pillow","The Courier","Snake Skull","HornCleat","Runic Pyramid","hubris:Potato","FossilizedHelix","Darkstone Periapt","Strawberry","Singing Bowl","Calipers","Fusion Hammer","Tough Bandages","Red Mask","Happy Flower","MawBank","Turnip","Lizard Tail","Bronze Scales","hubris:CrystalStatue","Eternal Feather"],"acts_visited":["Exordium","TheCity","TheBeyond","TheEnding"],"potions_floor_usage":[],"damage_taken":[{"damage":0,"enemies":"Cultist","floor":1,"turns":1},{"damage":4,"enemies":"2 Louse","floor":4,"turns":2},{"damage":7,"enemies":"Jaw Worm","floor":5,"turns":2},{"damage":0,"enemies":"Gremlin Nob","floor":6,"turns":2},{"damage":0,"enemies":"Blue Slaver","floor":7,"turns":2},{"damage":0,"enemies":"Lagavulin","floor":8,"turns":3},{"damage":0,"enemies":"Red Slaver","floor":10,"turns":3},{"damage":18,"enemies":"3 Sentries","floor":11,"turns":9},{"damage":2,"enemies":"Large Slime","floor":13,"turns":2},{"damage":0,"enemies":"Gremlin Nob","floor":14,"turns":2},{"damage":0,"enemies":"The Guardian","floor":16,"turns":3},{"damage":0,"enemies":"Spheric Guardian","floor":18,"turns":2},{"damage":0,"enemies":"Shell Parasite","floor":21,"turns":2},{"damage":0,"enemies":"Snake Plant","floor":22,"turns":2},{"damage":0,"enemies":"Slavers","floor":23,"turns":4},{"damage":6,"enemies":"Book of Stabbing","floor":25,"turns":2},{"damage":0,"enemies":"Shelled Parasite and Fungi","floor":27,"turns":2},{"damage":0,"enemies":"Gremlin Leader","floor":28,"turns":2},{"damage":0,"enemies":"Chosen and Byrds","floor":31,"turns":2},{"damage":0,"enemies":"Champ","floor":33,"turns":2},{"damage":0,"enemies":"3 Shapes","floor":35,"turns":1},{"damage":0,"enemies":"3 Darklings","floor":36,"turns":1},{"damage":0,"enemies":"Mind Bloom Boss Battle","floor":37,"turns":2},{"damage":0,"enemies":"Giant Head","floor":40,"turns":2},{"damage":0,"enemies":"Reptomancer","floor":42,"turns":2},{"damage":0,"enemies":"2 Orb Walkers","floor":44,"turns":1},{"damage":0,"enemies":"Spire Growth","floor":45,"turns":1},{"damage":0,"enemies":"Transient","floor":47,"turns":3},{"damage":0,"enemies":"Nemesis","floor":48,"turns":1},{"damage":0,"enemies":"hubris:GrandSnecko","floor":50,"turns":1},{"damage":0,"enemies":"Shield and Spear","floor":54,"turns":1},{"damage":0,"enemies":"The Heart","floor":55,"turns":3}],"seed_played":"-4545993605855077797","potions_obtained":[],"is_trial":false,"path_per_floor":["M","$","?","M","M","E","M","E","T","M","E","?","M","E","R","B",null,"M","?","$","M","M","E","R","E","T","M","E","R","?","M","R","B",null,"M","M","?","?","$","E","R","E","T","?","M","R","M","E","R","B",null,"R","$","E","B",null],"character_chosen":"THE_SILENT","items_purchased":["hubris:Potato","FossilizedHelix","hubris:CrystalStatue"],"campfire_rested":4,"item_purchase_floors":[20,20,53],"current_hp_per_floor":[70,70,53,49,42,42,42,42,42,42,24,27,25,25,61,61,73,73,73,73,73,73,73,73,79,79,82,84,84,84,84,84,86,86,88,90,92,92,92,94,94,96,96,98,100,100,102,104,104,104,104,104,104,106,106],"gold":74,"neow_bonus":"BOSS_RELIC","is_daily":false,"chose_seed":false,"campfire_upgraded":3,"win_rate":0.0,"timestamp":1608445768,"path_taken":["M","?","?","M","M","E","M","E","T","M","E","?","M","E","R","BOSS","M","?","$","M","M","E","R","E","T","M","E","R","?","?","R","BOSS","M","M","?","?","?","E","R","E","T","?","M","R","M","E","R","BOSS","R","$","E","BOSS"],"items_purchased_type":["Relic","Relic","Relic"],"build_version":"2020-12-13","purchased_purges":1,"victory":true,"max_hp_per_floor":[70,70,70,70,70,70,70,70,70,70,70,73,73,73,73,73,73,73,73,73,73,73,73,73,80,80,82,84,84,84,84,84,86,86,88,90,92,92,92,94,94,96,96,98,100,100,102,104,104,104,104,104,104,106,106],"card_choices":[{"not_picked":["Finisher","hubris:SlightOfHand"],"picked":"Backflip","floor":1},{"not_picked":["Blade Dance","Reflex"],"picked":"Blur","floor":4},{"not_picked":["Choke","Leg Sweep","Cloak And Dagger"],"picked":"SKIP","floor":5},{"not_picked":["Corpse Explosion","Quick Slash","Night Terror"],"picked":"SKIP","floor":6},{"not_picked":["hubris:SlightOfHand","Endless Agony","hubris:TrickCloak"],"picked":"SKIP","floor":7},{"not_picked":["Deflect","PiercingWail"],"picked":"Tactician","floor":8},{"not_picked":["Accuracy","Cloak And Dagger","Deadly Poison"],"picked":"SKIP","floor":10},{"not_picked":["hubris:TrickCloak","Tactician","Caltrops"],"picked":"SKIP","floor":11},{"not_picked":["Bouncing Flask","Underhanded Strike","Deadly Poison"],"picked":"SKIP","floor":13},{"not_picked":["Finisher","PiercingWail"],"picked":"Concentrate","floor":14},{"not_picked":["Burst","Grand Finale"],"picked":"Wraith Form v2","floor":16},{"not_picked":["Dodge and Roll","hubris:SlightOfHand"],"picked":"Escape Plan","floor":18},{"not_picked":["Poisoned Stab","Flying Knee","Bane"],"picked":"SKIP","floor":21},{"not_picked":["Dagger Throw","Dodge and Roll+1","Backflip"],"picked":"SKIP","floor":22},{"not_picked":["Backstab+1","Deadly Poison"],"picked":"Corpse Explosion","floor":23},{"not_picked":["Dagger Throw","Expertise"],"picked":"Acrobatics+1","floor":25},{"not_picked":["Backflip","Blur+1","Acrobatics+1"],"picked":"Singing Bowl","floor":27},{"not_picked":["Masterful Stab","Bane","Deadly Poison"],"picked":"Singing Bowl","floor":28},{"not_picked":["Terror+1","Acrobatics"],"picked":"Tactician","floor":31},{"not_picked":["Malaise","Glass Knife","Wraith Form v2"],"picked":"Singing Bowl","floor":33},{"not_picked":["Leg Sweep","Deadly Poison+1","Choke"],"picked":"Singing Bowl","floor":35},{"not_picked":["Quick Slash","Underhanded Strike","PiercingWail"],"picked":"Singing Bowl","floor":36},{"not_picked":["Flying Knee+1","Caltrops","Expertise"],"picked":"Singing Bowl","floor":37},{"not_picked":["Poisoned Stab+1","Dagger Throw+1","Distraction+1"],"picked":"Singing Bowl","floor":40},{"not_picked":["hubris:SlightOfHand+1","Dagger Throw","Blade Dance+1"],"picked":"Singing Bowl","floor":42},{"not_picked":["Slice","Deadly Poison","Expertise"],"picked":"Singing Bowl","floor":44},{"not_picked":["Sucker Punch","hubris:Sniper","Skewer"],"picked":"Singing Bowl","floor":45},{"not_picked":["Underhanded Strike+1","Cloak And Dagger","Poisoned Stab"],"picked":"Singing Bowl","floor":47},{"not_picked":["Dagger Throw+1","hubris:Counter","Catalyst+1"],"picked":"Singing Bowl","floor":48},{"not_picked":["Prepared","Flying Knee+1","Tools of the Trade"],"picked":"Singing Bowl","floor":54}],"player_experience":600657,"relics_obtained":[{"floor":6,"key":"Regal Pillow"},{"floor":8,"key":"The Courier"},{"floor":11,"key":"Snake Skull"},{"floor":14,"key":"HornCleat"},{"floor":23,"key":"Darkstone Periapt"},{"floor":25,"key":"Strawberry"},{"floor":26,"key":"Singing Bowl"},{"floor":28,"key":"Calipers"},{"floor":37,"key":"Tough Bandages"},{"floor":40,"key":"Happy Flower"},{"floor":42,"key":"MawBank"},{"floor":43,"key":"Turnip"},{"floor":44,"key":"Lizard Tail"},{"floor":48,"key":"Bronze Scales"},{"floor":54,"key":"Eternal Feather"}],"event_choices":[{"damage_healed":0,"gold_gain":0,"player_choice":"Take Damage","damage_taken":17,"relics_obtained":["Golden Idol"],"max_hp_gain":0,"max_hp_loss":0,"event_name":"Golden Idol","floor":3,"gold_loss":0},{"damage_healed":0,"gold_gain":0,"player_choice":"Gave Idol","damage_taken":0,"relics_obtained":["Bloody Idol"],"max_hp_gain":0,"max_hp_loss":0,"event_name":"Forgotten Altar","floor":19,"relics_lost":["Golden Idol"],"gold_loss":0},{"damage_healed":0,"gold_gain":0,"player_choice":"Bet on Owner","damage_taken":0,"max_hp_gain":0,"max_hp_loss":0,"event_name":"The Joust","floor":30,"gold_loss":50},{"damage_healed":0,"gold_gain":0,"player_choice":"Fight","damage_taken":0,"max_hp_gain":0,"max_hp_loss":0,"event_name":"MindBloom","floor":37,"gold_loss":0},{"damage_healed":0,"gold_gain":0,"player_choice":"Paid","damage_taken":0,"relics_obtained":["Red Mask"],"max_hp_gain":0,"max_hp_loss":0,"event_name":"Tomb of Lord Red Mask","floor":38,"gold_loss":361},{"damage_healed":0,"gold_gain":0,"player_choice":"Fight","damage_taken":0,"max_hp_gain":0,"max_hp_loss":0,"event_name":"Mysterious Sphere","floor":44,"gold_loss":0}],"is_beta":false,"boss_relics":[{"not_picked":["Pandora\u0027s Box","Tiny House"],"picked":"Runic Pyramid"},{"not_picked":["Calling Bell","hubris:VirtuousBlindfold"],"picked":"Fusion Hammer"}],"items_purged_floors":[53],"is_endless":false,"potions_floor_spawned":[1,5,10,13,14,16,18,22,27,37,40,45,47,54],"ascension_level":2}}