{"host":"26mrfot5w7uj2ebc","time":1608448123,"event":{"mods":["AchievementEnabler","BaseMod","Colored Map","Minty Spire (QoL Compilation)"],"gold_per_floor":[112,128,140,155,172,172,197,217,289,364,364,383,400,137,137,241,241,255,289,289,277,277,277,307,307,356,375,3,21,21,34,34,135,135,145,45,64,84,101,22,22,50,50,50,50,65,97,97,97,97,97],"floor_reached":50,"playtime":2139,"items_purged":["Defend_G","Decay"],"score":551,"play_id":"f4cf9c3a-c8ea-4021-907d-dbb30f292a55","local_time":"20201220160843","is_ascension_mode":false,"campfire_choices":[{"floor":6.0,"key":"REST"},{"floor":15.0,"key":"REST"},{"floor":23.0,"key":"REST"},{"floor":25.0,"key":"REST"},{"floor":32.0,"key":"REST"},{"floor":41.0,"key":"REST"},{"floor":45.0,"key":"REST"},{"floor":49.0,"key":"REST"}],"circlet_count":0,"master_deck":["Strike_G+1","Strike_G+1","Strike_G+1","Strike_G+1","Strike_G+1","Defend_G+1","Defend_G+1","Defend_G+1","Survivor","Neutralize","Deadly Poison","Backflip","Setup","Well Laid Plans","Bane","Bane","Leg Sweep","Escape Plan","Caltrops","Noxious Fumes+1","Infinite Blades","Bullet Time","Poisoned Stab","PiercingWail","Dagger Spray+1","Terror+1","Noxious Fumes","Footwork","A Thousand Cuts","Outmaneuver","Night Terror","Slice+1","Bane+1","Catalyst","Dash+1","Sucker Punch","Terror+1","Writhe"],"relics":["Fusion Hammer","PreservedInsect","Gremlin Horn","Toy Ornithopter","Runic Pyramid","Red Mask","Ancient Tea Set","Bronze Scales","Sling","Busted Crown","Shovel","The Courier","Pen Nib"],"acts_visited":["Exordium","TheCity","TheBeyond"],"potions_floor_usage":[],"damage_taken":[{"damage":4.0,"enemies":"Cultist","floor":1.0,"turns":5.0},{"damage":0.0,"enemies":"Small Slimes","floor":2.0,"turns":3.0},{"damage":0.0,"enemies":"2 Louse","floor":3.0,"turns":3.0},{"damage":12.0,"enemies":"Exordium Wildlife","floor":4.0,"turns":6.0},{"damage":13.0,"enemies":"2 Fungi Beasts","floor":5.0,"turns":5.0},{"damage":39.0,"enemies":"Lagavulin","floor":7.0,"turns":7.0},{"damage":2.0,"enemies":"Looter","floor":8.0,"turns":4.0},{"damage":0.0,"enemies":"Red Slaver","floor":12.0,"turns":4.0},{"damage":2.0,"enemies":"Large Slime","floor":13.0,"turns":6.0},{"damage":18.0,"enemies":"Hexaghost","floor":16.0,"turns":7.0},{"damage":12.0,"enemies":"Shell Parasite","floor":18.0,"turns":5.0},{"damage":38.0,"enemies":"Masked Bandits","floor":19.0,"turns":6.0},{"damage":14.0,"enemies":"2 Thieves","floor":21.0,"turns":4.0},{"damage":17.0,"enemies":"Book of Stabbing","floor":24.0,"turns":5.0},{"damage":1.0,"enemies":"3 Cultists","floor":27.0,"turns":5.0},{"damage":13.0,"enemies":"Centurion and Healer","floor":29.0,"turns":6.0},{"damage":7.0,"enemies":"Snake Plant","floor":31.0,"turns":4.0},{"damage":23.0,"enemies":"Automaton","floor":33.0,"turns":8.0},{"damage":13.0,"enemies":"3 Shapes","floor":35.0,"turns":4.0},{"damage":11.0,"enemies":"3 Darklings","floor":37.0,"turns":5.0},{"damage":23.0,"enemies":"Writhing Mass","floor":38.0,"turns":7.0},{"damage":15.0,"enemies":"Spire Growth","floor":39.0,"turns":5.0},{"damage":12.0,"enemies":"Nemesis","floor":42.0,"turns":4.0},{"damage":11.0,"enemies":"Sphere and 2 Shapes","floor":46.0,"turns":5.0},{"damage":16.0,"enemies":"Giant Head","floor":47.0,"turns":9.0},{"damage":85,"enemies":"Time Eater","floor":50,"turns":9}],"seed_played":"-4347292461670590468","potions_obtained":[{"floor":2.0,"key":"SteroidPotion"},{"floor":4.0,"key":"BlessingOfTheForge"},{"floor":5.0,"key":"FairyPotion"},{"floor":12.0,"key":"Strength Potion"},{"floor":21.0,"key":"SpeedPotion"},{"floor":24.0,"key":"EssenceOfSteel"},{"floor":27.0,"key":"GhostInAJar"},{"floor":39.0,"key":"BlessingOfTheForge"}],"is_trial":false,"path_per_floor":["M","M","M","M","M","R","E","M","T","?","?","M","M","$","R","B",null,"M","?","?","M","?","R","E","R","T","M","$","M","?","M","R","B",null,"M","$","M","M","M","$","R","E","T","$","R","M","E","?","R","B"],"character_chosen":"THE_SILENT","items_purchased":["Toy Ornithopter","Infinite Blades","Bronze Scales","Sling","Footwork","Catalyst"],"campfire_rested":8,"item_purchase_floors":[14,14,28,28,28,40],"current_hp_per_floor":[66,66,66,54,41,62,23,21,21,10,10,10,8,8,29,21,70,58,20,20,6,6,27,10,31,31,30,30,17,17,10,31,13,70,57,57,46,23,8,8,29,17,17,17,38,27,11,29,50,0,0],"gold":97,"neow_bonus":"BOSS_RELIC","is_daily":false,"chose_seed":false,"campfire_upgraded":0,"win_rate":0.0,"timestamp":1608448123,"path_taken":["M","M","M","?","M","R","E","M","T","?","?","M","M","?","R","BOSS","M","?","?","?","?","R","E","R","T","M","$","M","?","M","R","BOSS","M","$","M","M","M","$","R","E","T","$","R","M","E","?","R","BOSS"],"items_purchased_type":["Relic","Card","Relic","Relic","Card","Card"],"build_version":"2020-12-13","purchased_purges":2,"victory":false,"max_hp_per_floor":[70,70,70,70,70,70,70,70,70,70,70,70,70,70,70,70,70,70,70,70,70,70,70,70,70,70,70,70,70,70,70,70,70,70,70,70,70,70,70,70,70,70,70,70,70,70,70,70,70,70,70],"card_choices":[{"not_picked":["Dodge and Roll","Sucker Punch"],"picked":"Deadly Poison","floor":1.0},{"not_picked":["Well Laid Plans","Deadly Poison"],"picked":"Backflip","floor":2.0},{"not_picked":["Skewer","Predator"],"picked":"Setup","floor":3.0},{"not_picked":["Acrobatics","Dagger Throw"],"picked":"Well Laid Plans","floor":4.0},{"not_picked":["Acrobatics","Heel Hook"],"picked":"Bane","floor":5.0},{"not_picked":["Slice","Prepared"],"picked":"Bane","floor":7.0},{"not_picked":["Calculated Gamble","Outmaneuver"],"picked":"Leg Sweep","floor":8.0},{"not_picked":["Prepared","Catalyst"],"picked":"Caltrops","floor":12.0},{"not_picked":["Phantasmal Killer","Calculated Gamble"],"picked":"Noxious Fumes","floor":13.0},{"not_picked":["Venomology","Unload"],"picked":"Bullet Time","floor":16.0},{"not_picked":["Blade Dance","Slice+1"],"picked":"Poisoned Stab","floor":18.0},{"not_picked":["Backstab+1","Bane+1"],"picked":"PiercingWail","floor":19.0},{"not_picked":["Underhanded Strike","Bane"],"picked":"Dagger Spray+1","floor":21.0},{"not_picked":["Prepared","Endless Agony+1"],"picked":"Terror+1","floor":24.0},{"not_picked":["Deadly Poison+1","Outmaneuver"],"picked":"Noxious Fumes","floor":27.0},{"not_picked":["Escape Plan","Acrobatics"],"picked":"A Thousand Cuts","floor":29.0},{"not_picked":["Dagger Spray+1","Acrobatics"],"picked":"Outmaneuver","floor":31.0},{"not_picked":["Bullet Time","Tools of the Trade"],"picked":"Night Terror","floor":33.0},{"not_picked":[],"picked":"Slice+1","floor":35.0},{"not_picked":["Skewer+1"],"picked":"SKIP","floor":37.0},{"not_picked":[],"picked":"Bane+1","floor":38.0},{"not_picked":["All Out Attack"],"picked":"SKIP","floor":39.0},{"not_picked":[],"picked":"Dash+1","floor":42.0},{"not_picked":[],"picked":"Sucker Punch","floor":46.0},{"not_picked":[],"picked":"Terror+1","floor":47.0}],"player_experience":197853,"relics_obtained":[{"floor":7.0,"key":"PreservedInsect"},{"floor":9.0,"key":"Gremlin Horn"},{"floor":19.0,"key":"Red Mask"},{"floor":24.0,"key":"Ancient Tea Set"},{"floor":42.0,"key":"Shovel"},{"floor":43.0,"key":"The Courier"},{"floor":47.0,"key":"Pen Nib"}],"event_choices":[{"damage_healed":0.0,"max_hp_gain":0.0,"max_hp_loss":0.0,"gold_gain":75.0,"event_name":"World of Goop","player_choice":"Gather Gold","floor":10.0,"gold_loss":0.0,"damage_taken":11.0},{"damage_healed":0.0,"max_hp_gain":0.0,"max_hp_loss":0.0,"gold_gain":0.0,"cards_transformed":["Defend_G"],"event_name":"Living Wall","player_choice":"Change","floor":11.0,"gold_loss":0.0,"damage_taken":0.0,"cards_obtained":["Escape Plan"]},{"damage_healed":0.0,"max_hp_gain":0.0,"max_hp_loss":0.0,"gold_gain":0.0,"event_name":"Masked Bandits","player_choice":"Fought Bandits","floor":19.0,"gold_loss":0.0,"damage_taken":0.0},{"damage_healed":0.0,"max_hp_gain":0.0,"max_hp_loss":0.0,"gold_gain":0.0,"event_name":"Accursed Blacksmith","player_choice":"Forge","floor":20.0,"gold_loss":0.0,"damage_taken":0.0,"cards_upgraded":["Noxious Fumes"]},{"damage_healed":0.0,"max_hp_gain":0.0,"max_hp_loss":0.0,"gold_gain":0.0,"event_name":"Back to Basics","player_choice":"Simplicity","floor":22.0,"gold_loss":0.0,"damage_taken":0.0,"cards_upgraded":["Strike_G","Strike_G","Strike_G","Strike_G","Strike_G","Defend_G","Defend_G","Defend_G"]},{"damage_healed":0.0,"max_hp_gain":0.0,"max_hp_loss":0.0,"gold_gain":0.0,"event_name":"Forgotten Altar","player_choice":"Smashed Altar","floor":30.0,"gold_loss":0.0,"damage_taken":0.0,"cards_obtained":["Decay"]},{"damage_healed":18.0,"max_hp_gain":0.0,"max_hp_loss":0.0,"gold_gain":0.0,"event_name":"Winding Halls","player_choice":"Writhe","floor":48.0,"gold_loss":0.0,"damage_taken":0.0,"cards_obtained":["Writhe"]}],"is_beta":false,"boss_relics":[{"not_picked":["Runic Dome","Ectoplasm"],"picked":"Runic Pyramid"},{"not_picked":["Philosopher\u0027s Stone","Astrolabe"],"picked":"Busted Crown"}],"items_purged_floors":[14,36],"is_endless":false,"potions_floor_spawned":[2,4,5,12,13,21,24,27,39,42,46,47],"killed_by":"Time Eater","ascension_level":0}}