{"host":"64agj841g523yxf2","time":1608494861,"event":{"mods":["BaseMod","Hermit","Minty Spire (QoL Compilation)","Remilia??????","Replay The Spire","StSLib","SuperFastMode","Td1madao Mod","The Bug Knight","The Construct","The Cursed","The Disciple","The Hierophant","The Mystic","The Necromancer","The Poker Player","The Senshi","The Servant 0.9.4","Yuyuko"],"gold_per_floor":[111,128,78,174,192,223,241,241,241,4,23,37,47,75,75,171,171,189,189,189,189],"floor_reached":19,"playtime":1161,"items_purged":[],"score":181,"play_id":"5f348bf3-e387-4d90-a641-2142aa1930ac","local_time":"20201220210741","is_ascension_mode":false,"metric_token":1234,"campfire_choices":[{"floor":8.0,"key":"REST"},{"floor":15.0,"key":"REST"}],"circlet_count":0,"master_deck":["PokerPlayerMod:Diamond1","PokerPlayerMod:Diamond2","PokerPlayerMod:Diamond3","PokerPlayerMod:Diamond4","PokerPlayerMod:Diamond5","PokerPlayerMod:Spade1","PokerPlayerMod:Spade2","PokerPlayerMod:Spade3","PokerPlayerMod:Spade4","PokerPlayerMod:Club1","PokerPlayerMod:Club2","PokerPlayerMod:Heart2","PokerPlayerMod:TrumpStrike","PokerPlayerMod:BadJoker","PokerPlayerMod:Diamond5","PokerPlayerMod:Spade3","PokerPlayerMod:Diamond3","PokerPlayerMod:Spade4","PokerPlayerMod:Diamond8","PokerPlayerMod:Diamond2","PokerPlayerMod:DartThrow","PokerPlayerMod:ClubsClub","PokerPlayerMod:CardBurn","PokerPlayerMod:Heart5","PokerPlayerMod:FlyingCard","PokerPlayerMod:Club3","PokerPlayerMod:Diamond6","PokerPlayerMod:Diamond10+","PokerPlayerMod:MagicTrick+1"],"relics":["PokerPlayerMod:DeckCase","NeowsBlessing","Omamori","Onion Ring","Mirror","Lee\u0027s Waffle","HollowMod:LifeEnderRelic","Sozu"],"acts_visited":["Exordium","TheCity"],"potions_floor_usage":[],"damage_taken":[{"damage":0.0,"enemies":"Jaw Worm","floor":1.0,"turns":1.0},{"damage":0.0,"enemies":"Small Slimes","floor":2.0,"turns":1.0},{"damage":0.0,"enemies":"2 Louse","floor":5.0,"turns":2.0},{"damage":37.0,"enemies":"Gremlin Nob","floor":6.0,"turns":6.0},{"damage":1.0,"enemies":"Exordium Wildlife","floor":7.0,"turns":2.0},{"damage":1.0,"enemies":"Gremlin Gang","floor":11.0,"turns":4.0},{"damage":8.0,"enemies":"Blue Slaver","floor":12.0,"turns":3.0},{"damage":0.0,"enemies":"Looter","floor":13.0,"turns":1.0},{"damage":10.0,"enemies":"3 Sentries","floor":14.0,"turns":4.0},{"damage":59.0,"enemies":"Hexaghost","floor":16.0,"turns":13.0},{"damage":21,"enemies":"Shell Parasite","floor":18,"turns":5}],"seed_played":"-6186011019443202587","potions_obtained":[{"floor":1.0,"key":"Venom Potion"},{"floor":2.0,"key":"Dexterity Potion"},{"floor":11.0,"key":"LiquidMemories"}],"is_trial":false,"path_per_floor":["M","M","?","?","M","E","M","R","T","$","M","M","M","E","R","B",null,"M","?"],"character_chosen":"THE_POKER_PLAYER","items_purchased":["PokerPlayerMod:ClubsClub","PokerPlayerMod:CardBurn","Lee\u0027s Waffle"],"campfire_rested":2,"item_purchase_floors":[10,10,10],"current_hp_per_floor":[52,52,52,39,39,5,4,19,19,59,58,57,59,52,59,6,59,40,40,40,40],"gold":189,"neow_bonus":"THREE_ENEMY_KILL","is_daily":false,"chose_seed":false,"campfire_upgraded":0,"win_rate":0.0,"timestamp":1608494861,"path_taken":["M","M","?","?","?","E","M","R","T","$","?","M","M","E","R","BOSS","M","?"],"items_purchased_type":["Card","Card","Relic"],"build_version":"2020-12-13","purchased_purges":0,"victory":false,"max_hp_per_floor":[52,52,52,52,52,52,52,52,52,59,59,59,59,59,59,59,59,59,59,59,59],"card_choices":[{"not_picked":["PokerPlayerMod:Spade2","PokerPlayerMod:Diamond2"],"picked":"PokerPlayerMod:Diamond5","floor":1.0},{"not_picked":["PokerPlayerMod:Club4","PokerPlayerMod:Sharpen"],"picked":"PokerPlayerMod:Spade3","floor":2.0},{"not_picked":["PokerPlayerMod:Diamond6","PokerPlayerMod:Diamond2"],"picked":"PokerPlayerMod:Diamond3","floor":4.0},{"not_picked":["PokerPlayerMod:CardBurn","PokerPlayerMod:HeartStrike"],"picked":"PokerPlayerMod:Spade4","floor":4.0},{"not_picked":["PokerPlayerMod:Diamond2","PokerPlayerMod:Spade4"],"picked":"PokerPlayerMod:Diamond8","floor":5.0},{"not_picked":["PokerPlayerMod:Spade1","PokerPlayerMod:Club8"],"picked":"PokerPlayerMod:Diamond2","floor":6.0},{"not_picked":["PokerPlayerMod:Diamond3","PokerPlayerMod:Heart4"],"picked":"PokerPlayerMod:DartThrow","floor":7.0},{"not_picked":["PokerPlayerMod:Diamond3","PokerPlayerMod:Spade3"],"picked":"PokerPlayerMod:Heart5","floor":11.0},{"not_picked":["PokerPlayerMod:Fold","PokerPlayerMod:Spade2"],"picked":"PokerPlayerMod:FlyingCard","floor":12.0},{"not_picked":["PokerPlayerMod:Fold","PokerPlayerMod:Heart3"],"picked":"PokerPlayerMod:Club3","floor":13.0},{"not_picked":["PokerPlayerMod:Extraction","PokerPlayerMod:Diamond2"],"picked":"PokerPlayerMod:Diamond6","floor":14.0},{"not_picked":["PokerPlayerMod:Duplicate","PokerPlayerMod:Diamond9"],"picked":"PokerPlayerMod:Diamond10+","floor":16.0},{"not_picked":["PokerPlayerMod:SpadeStrike","PokerPlayerMod:Diamond4"],"picked":"PokerPlayerMod:MagicTrick+1","floor":18}],"player_experience":263573,"relics_obtained":[{"floor":4.0,"key":"Omamori"},{"floor":6.0,"key":"Onion Ring"},{"floor":9.0,"key":"Mirror"},{"floor":14.0,"key":"HollowMod:LifeEnderRelic"}],"event_choices":[{"cards_removed":["PokerPlayerMod:Mulligan"],"damage_healed":0.0,"max_hp_gain":0.0,"max_hp_loss":0.0,"gold_gain":0.0,"event_name":"The Cleric","player_choice":"Card Removal","floor":3.0,"gold_loss":50.0,"damage_taken":0.0}],"is_beta":false,"boss_relics":[{"not_picked":["Ring of Chaos","Cursed Key"],"picked":"Sozu"}],"items_purged_floors":[],"is_endless":false,"potions_floor_spawned":[1,2,11,12,16],"ascension_level":0}}