{"host":"4a0aa7b2d8dxohwr","time":1608438190,"event":{"mods":["Act Like it!","BaseMod","Dota2Spire","Gensokyo","GifTheSpireLib","GungeonMod","Lobotomy","LobotomyExtend","Marisa£®ÏF”Í°°ƒß¿Ì…≥£©","Minty Spire (QoL Compilation)","Reimu£®≤©¿ˆ¡È√Œ£©","Remilia£®¿Ÿ√◊¿Ú—«£©","Replay The Spire","Shop Mod","StSLib","The Senshi","Youmu£®ªÍ∆«—˝√Œ£©"],"gold_per_floor":[112,112,132,143,167,196,196,215,297,326,339,370,370,386,386,386,386],"floor_reached":16,"playtime":975,"items_purged":[],"score":177,"play_id":"c3ba7daa-420a-4959-b760-5c6f8e70d196","local_time":"20201220122310","is_ascension_mode":true,"campfire_choices":[{"data":"ScarletImprint","floor":7.0,"key":"SMITH"},{"data":"QueenOfMidnight","floor":15.0,"key":"SMITH"}],"circlet_count":0,"master_deck":["AscendersBane","Strike_RM+1","Strike_RM+1","Strike_RM+1","Strike_RM+1","Defend_RM","Defend_RM","Defend_RM","Defend_RM","RedMoon","ScarletShoot","VoidDream","ScarletImprint+1","EndlessAdversity","BlasphemousPunishment","QueenOfMidnight+1","ScarletNetherworld"],"relics":["ScarletHat","CogitoBucket","LetterFromLob","DemoMod:DecoyRelic","Pen Nib","Centennial Puzzle","Toxic Egg 2","Anchor","Replay:Bottled Eggs"],"acts_visited":["Gensokyo:Gensokyo"],"potions_floor_usage":[16],"damage_taken":[{"damage":0.0,"enemies":"Gensokyo:Python","floor":1.0,"turns":3.0},{"damage":6.0,"enemies":"Gensokyo:3_Fairies","floor":3.0,"turns":7.0},{"damage":1.0,"enemies":"Gensokyo:2_Kodama","floor":4.0,"turns":4.0},{"damage":10.0,"enemies":"Gensokyo:Cirno","floor":6.0,"turns":8.0},{"damage":1.0,"enemies":"Gensokyo:VengefulSpirit","floor":8.0,"turns":5.0},{"damage":11.0,"enemies":"Gensokyo:Mamizou","floor":10.0,"turns":7.0},{"damage":0.0,"enemies":"Gensokyo:LivingMonolith","floor":11.0,"turns":8.0},{"damage":14.0,"enemies":"Gensokyo:Aya","floor":12.0,"turns":4.0},{"damage":1.0,"enemies":"Gensokyo:Gryphon_and_Rabbit","floor":14.0,"turns":5.0},{"damage":16,"enemies":"Gensokyo:Kokoro","floor":16,"turns":14}],"seed_played":"518106010172467129","potions_obtained":[{"floor":8.0,"key":"GamblersBrew"},{"floor":11.0,"key":"Swift Potion"}],"is_trial":false,"path_per_floor":["M","?","M","M","T","E","R","M","T","E","M","E","?","M","R","B"],"character_chosen":"REMILIA","items_purchased":[],"campfire_rested":0,"item_purchase_floors":[],"current_hp_per_floor":[68,53,49,48,48,38,38,38,38,39,43,41,34,33,33,20,20],"gold":386,"neow_bonus":"","is_daily":false,"chose_seed":false,"campfire_upgraded":2,"win_rate":0.0,"timestamp":1608438190,"path_taken":["M","?","M","M","?","E","R","M","T","E","M","E","?","M","R","BOSS"],"items_purchased_type":[],"build_version":"2020-12-13","purchased_purges":0,"victory":false,"max_hp_per_floor":[75,75,75,75,75,75,75,75,75,75,75,75,75,75,75,75,75],"card_choices":[{"not_picked":["Rudolta","PunishingBird"],"picked":"VoidDream","floor":1.0},{"not_picked":["EndlessAdversity","RedRainbow","BloodyMagicSquare"],"picked":"SKIP","floor":1.0},{"not_picked":["FavorOfDestiny","UnstableMagic"],"picked":"ScarletImprint","floor":3.0},{"not_picked":["VampireFantasy","BadLadyScramble"],"picked":"EndlessAdversity","floor":4.0},{"not_picked":["FavorOfDestiny","VampirishNight"],"picked":"BlasphemousPunishment","floor":6.0},{"not_picked":["Maim","BloodHunter"],"picked":"QueenOfMidnight","floor":8.0},{"not_picked":["Maim+1","HeartBreak","BloodyMagicSquare+1"],"picked":"SKIP","floor":10.0},{"not_picked":["UltimateOffering","BlasphemousPunishment+1","EndlessAdversity"],"picked":"SKIP","floor":11.0},{"not_picked":["RedMagic+1","BloodyMagicSquare+1","CharismaGuard"],"picked":"SKIP","floor":12.0},{"not_picked":["BlasphemousPunishment+1","StarOfDavid"],"picked":"ScarletNetherworld","floor":14.0}],"player_experience":437472,"relics_obtained":[{"floor":1.0,"key":"LetterFromLob"},{"floor":5.0,"key":"Pen Nib"},{"floor":6.0,"key":"Centennial Puzzle"},{"floor":9.0,"key":"Toxic Egg 2"},{"floor":10.0,"key":"Anchor"},{"floor":12.0,"key":"Replay:Bottled Eggs"}],"event_choices":[],"is_beta":false,"boss_relics":[],"items_purged_floors":[],"is_endless":false,"potions_floor_spawned":[8,11,12],"killed_by":"Gensokyo:Kokoro","ascension_level":12}}