{"host":"jt62yzdgnrkmwwqv","time":1608443044,"event":{"mods":["AchievementEnabler","BaseMod","CapriCore","Colored Map","Colored Powertips","GungeonMod","Lobotomy","LobotomyExtend","Minty Spire (QoL Compilation)","StSLib","SuperFastMode"],"gold_per_floor":[15,353,364,364,149,149,181,181,235,265,645,645,671,683,683,780,780,799,817,836,751,751,751,600,152,152,152,163,174,192,211,229,229,229,326,326,342,342,354,368,204,236,256,256,279,298,298,77,77,88,88,88,88,88,88,75,109,109],"floor_reached":59,"playtime":1778,"items_purged":["Strike_P","Strike_P","Defend_P","Wish+1","LikeWater+1","Strike_P","Defend_P+1"],"score":1552,"play_id":"243c9c9a-f197-42c2-b46f-e5fa24ed781b","local_time":"20201220144404","is_ascension_mode":true,"campfire_choices":[{"data":"Eruption","floor":6,"key":"SMITH"},{"floor":12,"key":"RECALL"},{"floor":15,"key":"REST"},{"data":"Adaptation","floor":23,"key":"SMITH"},{"data":"Finesse","floor":27,"key":"SMITH"},{"data":"FearNoEvil","floor":33,"key":"SMITH"},{"data":"Blasphemy","floor":44,"key":"SMITH"},{"data":"Vigilance","floor":47,"key":"SMITH"}],"circlet_count":0,"master_deck":["Eruption+1","Vigilance+1","Finesse+1","MentalFortress+1","Adaptation+1","InnerPeace+1","FearNoEvil+1","Blasphemy+1"],"relics":["PureWater","Lizard Tail","LetterFromLob","Question Card","DemoMod:MeltedRock","Blood Vial","Shuriken","Pear","Odd Mushroom","Astrolabe","DemoMod:LamentConfigurum","Orrery","Membership Card","DemoMod:WhiteGuonStone","DemoMod:RatBoots","DemoMod:ResourcefulSack","DemoMod:PartiallyEatenCheese","Coffee Dripper","War Paint","Dream Catcher","Regal Pillow","DemoMod:PinkGuonStone","Gremlin Horn"],"acts_visited":["Exordium","TheCity","DemoMod:Maze","TheBeyond","TheEnding"],"potions_floor_usage":[10,34,58],"damage_taken":[{"damage":0,"enemies":"2 Louse","floor":1,"turns":2},{"damage":1,"enemies":"Small Slimes","floor":3,"turns":3},{"damage":66,"enemies":"Gremlin Nob","floor":7,"turns":4},{"damage":3,"enemies":"Lagavulin","floor":10,"turns":5},{"damage":0,"enemies":"The Mushroom Lair","floor":13,"turns":2},{"damage":1,"enemies":"Jaw Worm","floor":14,"turns":3},{"damage":0,"enemies":"Slime Boss","floor":16,"turns":3},{"damage":42,"enemies":"2 Thieves","floor":18,"turns":5},{"damage":10,"enemies":"Chosen","floor":19,"turns":5},{"damage":15,"enemies":"Centurion and Healer","floor":20,"turns":7},{"damage":0,"enemies":"DemoMod:4_Bullet_Kins_with_one_veteran","floor":28,"turns":3},{"damage":1,"enemies":"DemoMod:Veteran_shot_gun_kin_and_red_shotgun_kin","floor":29,"turns":3},{"damage":39,"enemies":"DemoMod:Veteran_shot_gun_kin_and_blue_shotgun_kin_with_gunsinger","floor":30,"turns":4},{"damage":2,"enemies":"DemoMod:Veteran_shot_gun_kin_and_blue_shotgun_kin","floor":31,"turns":3},{"damage":9,"enemies":"DemoMod:Red_and_blue_shotgun_kin_with_gunsinger","floor":32,"turns":2},{"damage":0,"enemies":"DemoMod:ResourcefulRat","floor":35,"turns":7},{"damage":0,"enemies":"3 Darklings","floor":37,"turns":2},{"damage":6,"enemies":"3 Shapes","floor":39,"turns":3},{"damage":0,"enemies":"Sphere and 2 Shapes","floor":40,"turns":2},{"damage":0,"enemies":"Nemesis","floor":42,"turns":1},{"damage":0,"enemies":"Spire Growth","floor":43,"turns":3},{"damage":0,"enemies":"3 Darklings","floor":46,"turns":3},{"damage":0,"enemies":"Writhing Mass","floor":50,"turns":2},{"damage":0,"enemies":"Awakened One","floor":52,"turns":3},{"damage":0,"enemies":"Shield and Spear","floor":57,"turns":1},{"damage":15,"enemies":"The Heart","floor":58,"turns":5}],"seed_played":"7853027388773761814","potions_obtained":[{"floor":3,"key":"Ancient Potion"},{"floor":7,"key":"Ambrosia"},{"floor":16,"key":"Strength Potion"},{"floor":19,"key":"StancePotion"},{"floor":30,"key":"Ambrosia"},{"floor":39,"key":"SpeedPotion"}],"is_trial":false,"path_per_floor":["M","$","M","?","$","R","E","?","T","E","$","R","?","M","R","B",null,"M","M","M","?","?","R","$","$","T","R","M","M","M","M","M","R","B","B",null,"M","?","M","M","$","E","M","R","T","M","R","$","?","M","R","B",null,null,"R","$","E","B",null],"character_chosen":"WATCHER","items_purchased":["Finesse","DemoMod:GnawedKey","Shuriken","Pear","Orrery","FearNoEvil","Membership Card","DemoMod:WhiteGuonStone","War Paint","DemoMod:PinkGuonStone"],"campfire_rested":1,"item_purchase_floors":[2,5,11,11,24,25,25,25,41,48],"current_hp_per_floor":[72,72,71,76,76,76,10,7,7,4,14,14,16,17,43,45,87,45,37,24,24,24,24,24,24,87,87,87,86,48,48,41,41,43,45,87,87,87,81,83,83,85,87,87,87,87,87,94,94,94,94,94,94,94,94,94,94,79],"gold":109,"neow_bonus":"ONE_RARE_RELIC","is_daily":false,"chose_seed":false,"campfire_upgraded":6,"win_rate":0.0,"timestamp":1608443044,"path_taken":["M","$","M","?","$","R","E","?","T","E","$","R","?","M","R","BOSS","M","M","M","?","?","R","?","$","T","R","M","M","M","M","M","R","BOSS","BOSS","M","?","M","M","$","E","M","R","T","M","R","$","?","M","R","BOSS","R","$","E","BOSS"],"items_purchased_type":["Card","Relic","Relic","Relic","Relic","Card","Relic","Relic","Relic","Relic"],"build_version":"2020-12-13","purchased_purges":7,"victory":true,"max_hp_per_floor":[72,72,72,77,77,77,77,77,77,77,87,87,87,87,87,87,87,87,87,87,87,87,87,87,87,87,87,87,87,87,87,87,87,87,87,87,87,87,87,87,87,87,87,87,87,87,87,94,94,94,94,94,94,94,94,94,94,94],"card_choices":[{"not_picked":["CrushJoints","PathToVictory","CutThroughFate"],"picked":"SKIP","floor":1},{"not_picked":["Weave","EmptyMind","ReachHeaven"],"picked":"SKIP","floor":3},{"not_picked":["BowlingBash","Protect","PathToVictory"],"picked":"SKIP","floor":7},{"not_picked":["EmptyBody","JustLucky","FlyingSleeves","FollowUp"],"picked":"SKIP","floor":10},{"not_picked":["Halt","Crescendo","MasterReality","Consecrate"],"picked":"SKIP","floor":14},{"not_picked":["EmptyFist","Meditate","Evaluate+1"],"picked":"Adaptation+1","floor":18},{"not_picked":["JustLucky","PathToVictory","Pray+1","ThirdEye+1"],"picked":"SKIP","floor":19},{"not_picked":["EmptyBody+1","SashWhip","Consecrate"],"picked":"InnerPeace","floor":20},{"not_picked":["Halt","SashWhip","FearNoEvil+1","PathToVictory+1"],"picked":"SKIP","floor":28},{"not_picked":["Nirvana","CutThroughFate","SpiritShield","LikeWater+1"],"picked":"SKIP","floor":29},{"not_picked":["CrushJoints+1","WaveOfTheHand","ReachHeaven","ThirdEye+1"],"picked":"SKIP","floor":30},{"not_picked":["Meditate","SashWhip","ThirdEye+1","Worship"],"picked":"SKIP","floor":31},{"not_picked":["EmptyFist+1","SandsOfTime+1","Indignation","Consecrate"],"picked":"SKIP","floor":32},{"not_picked":["Consecrate","PathToVictory+1","SignatureMove","BowlingBash"],"picked":"SKIP","floor":37},{"not_picked":["SandsOfTime","Brilliance","ClearTheMind+1","Consecrate"],"picked":"SKIP","floor":39},{"not_picked":["Consecrate+1","Halt","Brilliance","EmptyFist"],"picked":"SKIP","floor":40},{"not_picked":["TalkToTheHand+1","FollowUp","Wallop"],"picked":"Blasphemy","floor":42},{"not_picked":["JustLucky","WheelKick+1","Worship+1","Prostrate"],"picked":"SKIP","floor":43},{"not_picked":["FearNoEvil","Consecrate+1","Study+1","ClearTheMind"],"picked":"SKIP","floor":46},{"not_picked":["Collect","SashWhip","Protect+1","FearNoEvil"],"picked":"SKIP","floor":50},{"not_picked":["MentalFortress","FlyingSleeves","FollowUp","ThirdEye"],"picked":"SKIP","floor":57}],"player_experience":164654,"relics_obtained":[{"floor":1,"key":"LetterFromLob"},{"floor":7,"key":"Question Card"},{"floor":10,"key":"Blood Vial"},{"floor":13,"key":"Odd Mushroom"},{"floor":36,"key":"DemoMod:RatBoots"},{"floor":36,"key":"DemoMod:ResourcefulSack"},{"floor":36,"key":"DemoMod:PartiallyEatenCheese"},{"floor":36,"key":"Snecko Eye"},{"floor":36,"key":"Coffee Dripper"},{"floor":42,"key":"Dream Catcher"},{"floor":45,"key":"Regal Pillow"},{"floor":57,"key":"Gremlin Horn"}],"event_choices":[{"damage_healed":0,"gold_gain":0,"player_choice":"Donut","damage_taken":0,"max_hp_gain":5,"max_hp_loss":0,"event_name":"Big Fish","floor":4,"gold_loss":0},{"damage_healed":0,"gold_gain":0,"player_choice":"Success","damage_taken":3,"relics_obtained":["DemoMod:MeltedRock"],"max_hp_gain":0,"max_hp_loss":0,"event_name":"Scrap Ooze","floor":8,"gold_loss":0},{"damage_healed":0,"gold_gain":0,"player_choice":"Fought Mushrooms","damage_taken":0,"max_hp_gain":0,"max_hp_loss":0,"event_name":"Mushrooms","floor":13,"gold_loss":0},{"damage_healed":0,"gold_gain":0,"player_choice":"Obtained Relic","damage_taken":0,"relics_obtained":["DemoMod:LamentConfigurum"],"max_hp_gain":0,"max_hp_loss":0,"event_name":"Addict","floor":21,"gold_loss":85},{"damage_healed":0,"gold_gain":0,"player_choice":"Ignored","damage_taken":0,"max_hp_gain":0,"max_hp_loss":0,"event_name":"Ghosts","floor":22,"gold_loss":0},{"damage_healed":0,"gold_gain":0,"player_choice":"Memory 1","damage_taken":0,"max_hp_gain":0,"max_hp_loss":0,"event_name":"SensoryStone","floor":38,"gold_loss":0}],"is_beta":false,"boss_relics":[{"not_picked":["Velvet Choker","Empty Cage"],"picked":"Astrolabe"},{"not_picked":[]}],"items_purged_floors":[2,5,11,25,41,48,56],"is_endless":false,"potions_floor_spawned":[3,7,16,19,30,31,39,40,46,57],"ascension_level":2}}