{"host":"c95txy58ipbu969e","time":1608474103,"event":{"mods":["ATMod(°¢èªMod)","Act Like it!","BaseMod","Minty Spire (QoL Compilation)","StSLib"],"gold_per_floor":[115,134,134,146,146,146,181,19,19,69,69,84,84,95,95,172,172,187,200,90,131,145,145,145,145],"floor_reached":24,"playtime":1130,"items_purged":[],"score":496,"play_id":"49a427ff-08c9-45bf-aecf-ed84cacbdd2f","local_time":"20201220222143","is_ascension_mode":true,"campfire_choices":[{"data":"Eruption","floor":6.0,"key":"SMITH"},{"data":"AT_FamilyPortrait","floor":11.0,"key":"SMITH"},{"data":"Adaptation","floor":15.0,"key":"SMITH"},{"data":"Tantrum","floor":23.0,"key":"SMITH"}],"circlet_count":0,"master_deck":["AscendersBane","Strike_P","Strike_P","Defend_P","Defend_P+1","Defend_P","Defend_P","Eruption+1","Vigilance","AT_FamilyPortrait+1","FlurryOfBlows","AT_SoftenMuscles","Wallop","Adaptation+1","BowlingBash","DeusExMachina","FlurryOfBlows","TalkToTheHand","Tantrum+1"],"relics":["PureWater","AT_ATBox","NeowsBlessing","AT_GuinsooRageblade","AT_ArchangelStaff","Calipers","Coffee Dripper"],"acts_visited":["Exordium","TheCity"],"potions_floor_usage":[],"damage_taken":[{"damage":0.0,"enemies":"2 Louse","floor":1.0,"turns":2.0},{"damage":0.0,"enemies":"Cultist","floor":2.0,"turns":1.0},{"damage":0.0,"enemies":"Small Slimes","floor":4.0,"turns":2.0},{"damage":12.0,"enemies":"Lagavulin","floor":7.0,"turns":4.0},{"damage":1.0,"enemies":"Looter","floor":12.0,"turns":3.0},{"damage":0.0,"enemies":"Red Slaver","floor":14.0,"turns":3.0},{"damage":0.0,"enemies":"Slime Boss","floor":16.0,"turns":6.0},{"damage":0.0,"enemies":"3 Byrds","floor":18.0,"turns":3.0},{"damage":27.0,"enemies":"Chosen","floor":19.0,"turns":6.0},{"damage":19.0,"enemies":"Centurion and Healer","floor":21.0,"turns":5.0},{"damage":0.0,"enemies":"Snecko","floor":22.0,"turns":3.0},{"damage":25,"enemies":"Book of Stabbing","floor":24,"turns":3}],"seed_played":"-8196594670187343393","potions_obtained":[{"floor":2.0,"key":"AttackPotion"},{"floor":4.0,"key":"LiquidMemories"},{"floor":12.0,"key":"SpeedPotion"},{"floor":19.0,"key":"BottledMiracle"}],"is_trial":false,"path_per_floor":["M","M","?","M","?","R","E","$","T","?","R","M","?","M","R","B",null,"M","M","?","M","M","R","E"],"character_chosen":"WATCHER","items_purchased":["AT_ArchangelStaff"],"campfire_rested":0,"item_purchase_floors":[8],"current_hp_per_floor":[61,61,61,61,61,61,49,49,49,49,49,48,68,68,68,68,68,68,41,41,22,22,22,0,0],"gold":145,"neow_bonus":"THREE_ENEMY_KILL","is_daily":false,"chose_seed":false,"campfire_upgraded":4,"win_rate":0.0,"timestamp":1608474103,"path_taken":["M","M","?","?","?","R","E","?","T","?","R","?","?","?","R","BOSS","M","?","?","M","M","R","E"],"items_purchased_type":["Relic"],"build_version":"2020-12-13","purchased_purges":0,"victory":false,"max_hp_per_floor":[68,68,68,68,68,68,68,68,68,68,68,68,68,68,68,68,68,68,68,68,68,68,68,68,68],"card_choices":[{"not_picked":["CrushJoints","Halt"],"picked":"FlurryOfBlows","floor":1.0},{"not_picked":["FlyingSleeves","Worship","PathToVictory"],"picked":"SKIP","floor":2.0},{"not_picked":["Nirvana","EmptyFist"],"picked":"Wallop","floor":4.0},{"not_picked":["ClearTheMind","Crescendo"],"picked":"Adaptation","floor":7.0},{"not_picked":["WindmillStrike","Wallop","Protect"],"picked":"SKIP","floor":12.0},{"not_picked":["Indignation","Pray"],"picked":"BowlingBash","floor":14.0},{"not_picked":["ConjureBlade","DevaForm"],"picked":"DeusExMachina","floor":16.0},{"not_picked":["FollowUp","Halt"],"picked":"FlurryOfBlows","floor":18.0},{"not_picked":["CrushJoints","Protect"],"picked":"TalkToTheHand","floor":19.0},{"not_picked":["Evaluate","Worship"],"picked":"Tantrum","floor":21.0},{"not_picked":["Vengeance","PathToVictory","Consecrate"],"picked":"SKIP","floor":22.0}],"player_experience":248952,"relics_obtained":[{"floor":7.0,"key":"AT_GuinsooRageblade"},{"floor":9.0,"key":"Calipers"}],"event_choices":[{"damage_healed":0.0,"max_hp_gain":0.0,"max_hp_loss":0.0,"gold_gain":0.0,"event_name":"Match and Keep!","player_choice":"1 cards matched","floor":3.0,"gold_loss":0.0,"damage_taken":0.0,"cards_obtained":["AT_SoftenMuscles"]},{"cards_removed":["Strike_P"],"damage_healed":0.0,"max_hp_gain":0.0,"max_hp_loss":0.0,"gold_gain":0.0,"event_name":"Purifier","player_choice":"Purged","floor":5.0,"gold_loss":0.0,"damage_taken":0.0},{"damage_healed":0.0,"max_hp_gain":0.0,"max_hp_loss":0.0,"gold_gain":50.0,"event_name":"Golden Shrine","player_choice":"Pray","floor":10.0,"gold_loss":0.0,"damage_taken":0.0},{"damage_healed":20.0,"max_hp_gain":0.0,"max_hp_loss":0.0,"gold_gain":0.0,"event_name":"Wheel of Change","player_choice":"Full Heal","floor":13.0,"gold_loss":0.0,"damage_taken":0.0},{"cards_removed":["Strike_P"],"damage_healed":0.0,"max_hp_gain":0.0,"max_hp_loss":0.0,"gold_gain":0.0,"event_name":"Designer","player_choice":"Upgrade and Remove","floor":20.0,"gold_loss":110.0,"damage_taken":0.0,"cards_upgraded":["Defend_P"]}],"is_beta":false,"boss_relics":[{"not_picked":["Pandora\u0027s Box","Astrolabe"],"picked":"Coffee Dripper"}],"items_purged_floors":[],"is_endless":false,"potions_floor_spawned":[2,4,12,14,19],"killed_by":"Book of Stabbing","ascension_level":20}}