{"host":"hgkb2zpbo2dcws21","time":1608445892,"event":{"mods":["AchievementEnabler","BaseMod","Colored Map","Colored Powertips","Custom Start","DeckTracker","KOR Keyword Fix","Minty Spire (QoL Compilation)","StSLib","SuperFastMode"],"gold_per_floor":[109,109,109,109,384,384,113,129,129,129,129],"floor_reached":10,"playtime":399,"items_purged":["Regret"],"score":103,"play_id":"6eb1c91a-beff-4215-947f-929045127113","local_time":"20201220153132","is_ascension_mode":true,"campfire_choices":[{"data":"Deadly Poison","floor":6,"key":"SMITH"}],"circlet_count":0,"master_deck":["AscendersBane","Strike_G","Strike_G","Strike_G","Strike_G","Strike_G","Defend_G","Defend_G","Defend_G","Defend_G","Defend_G","Survivor","Neutralize","Deadly Poison+1","Acrobatics","Bane","Calculated Gamble","Acrobatics"],"relics":["Ring of the Snake","Prayer Wheel","Golden Idol","Ornamental Fan","TheAbacus","Dream Catcher"],"acts_visited":["Exordium"],"potions_floor_usage":[],"damage_taken":[{"damage":0,"enemies":"2 Louse","floor":1,"turns":2},{"damage":4,"enemies":"Small Slimes","floor":8,"turns":2},{"damage":44,"enemies":"Gremlin Nob","floor":10,"turns":4}],"seed_played":"3862691546294347494","potions_obtained":[],"is_trial":false,"path_per_floor":["M","?","?","?","?","R","$","M","T","E"],"character_chosen":"THE_SILENT","items_purchased":["TheAbacus","Bane"],"campfire_rested":0,"item_purchase_floors":[7,7],"current_hp_per_floor":[59,38,58,47,47,47,47,43,43,0,0],"gold":129,"neow_bonus":"ONE_RARE_RELIC","is_daily":false,"chose_seed":false,"campfire_upgraded":1,"win_rate":0.0,"timestamp":1608445892,"path_taken":["M","?","?","?","?","R","$","?","T","E"],"items_purchased_type":["Relic","Card"],"build_version":"2020-12-13","purchased_purges":1,"victory":false,"max_hp_per_floor":[60,60,60,60,60,60,60,60,60,60,60],"card_choices":[{"not_picked":["Dagger Spray","Dagger Throw"],"picked":"Deadly Poison","floor":1},{"not_picked":["Backflip","Slice"],"picked":"Acrobatics","floor":1},{"not_picked":["Outmaneuver","Well Laid Plans"],"picked":"Calculated Gamble","floor":8},{"not_picked":["Flying Knee","Dagger Throw"],"picked":"Acrobatics","floor":8}],"player_experience":1089614,"relics_obtained":[{"floor":9,"key":"Dream Catcher"}],"event_choices":[{"damage_healed":0,"gold_gain":0,"player_choice":"Take Damage","damage_taken":21,"relics_obtained":["Golden Idol"],"max_hp_gain":0,"max_hp_loss":0,"event_name":"Golden Idol","floor":2,"gold_loss":0},{"damage_healed":20,"gold_gain":0,"player_choice":"Banana","damage_taken":0,"max_hp_gain":0,"max_hp_loss":0,"event_name":"Big Fish","floor":3,"gold_loss":0},{"damage_healed":0,"gold_gain":0,"player_choice":"Success","damage_taken":11,"relics_obtained":["Ornamental Fan"],"max_hp_gain":0,"max_hp_loss":0,"event_name":"Scrap Ooze","floor":4,"gold_loss":0},{"damage_healed":0,"gold_gain":275,"player_choice":"Desecrate","damage_taken":0,"max_hp_gain":0,"max_hp_loss":0,"event_name":"Golden Shrine","floor":5,"gold_loss":0,"cards_obtained":["Regret"]}],"is_beta":false,"boss_relics":[],"items_purged_floors":[7],"is_endless":false,"potions_floor_spawned":[],"killed_by":"Gremlin Nob","ascension_level":18}}