{"host":"5j87z2i4fuit5gc4","time":1608508205,"event":{"mods":["BaseMod","Colored Map","Downfall","Hermit","Hubris","Minty Spire (QoL Compilation)","Replay The Spire","StSLib","The Animator","The Disciple","The Hierophant","The Necromancer","The Runesmith"],"gold_per_floor":[111,130,80,80,159,159,159,183,183,196,235,253,267,292,292,422,422,446,470,494,519,542,542,583,601,627,627,646,646,659,673,673,796,896,911,577,577,577,597,641,671,689,712,762,762,805,823,849,849,849,849,849,502,541,546],"floor_reached":56,"playtime":5496,"items_purged":["hermit:Strike_Hermit","hermit:Defend_Hermit"],"score":1364,"play_id":"24ef775a-3df9-47d4-8ba1-db5e27bbe212","local_time":"20201220185005","is_ascension_mode":false,"campfire_choices":[{"floor":7,"key":"RECALL"},{"floor":23,"key":"REST"},{"floor":29,"key":"REST"},{"floor":32,"key":"REST"},{"floor":49,"key":"REST"},{"floor":52,"key":"REST"}],"circlet_count":0,"master_deck":["hermit:Strike_Hermit","hermit:Strike_Hermit","hermit:Defend_Hermit","hermit:Defend_Hermit","hermit:Snapshot","hermit:Covet","hermit:CursedWeapon","hermit:CalledShot+1","hermit:Combo","hermit:Enervate","hermit:TakeAim+1","hermit:Deadeye","hermit:Headshot+1","hermit:BigShot+1","hermit:Roughhouse","hermit:Quickdraw","hermit:CalledShot","hermit:Snipe","hermit:EyeOfTheStorm+1","hermit:Quickdraw+1","hermit:GoldenBullet","hermit:Dive","hermit:FromBeyond+1","Replay:SS_hec_2+1","hermit:Scavenge","hermit:TakeCover+1","hermit:Dive+1","hermit:OverwhelmingPower+1"],"relics":["hermit:Momento","NeowsBlessing","Golden Idol","hubris:PeanutButter","Frozen Egg 2","Fusion Hammer","Replay:Rubber Ducky","MealTicket","Replay:Wanted Poster","Letter Opener","Mirror","Replay:Mystery Machine","ReplayFunnel","Kunai","Bottled Tornado","Eternal Feather"],"acts_visited":["Exordium","TheCity","TheBeyond","TheEnding"],"potions_floor_usage":[11,16,22,24,30,54,54,55,55],"damage_taken":[{"damage":0,"enemies":"Cultist","floor":1,"turns":1},{"damage":0,"enemies":"2 Louse","floor":2,"turns":1},{"damage":0,"enemies":"Jaw Worm","floor":8,"turns":1},{"damage":3,"enemies":"3 Louse","floor":10,"turns":4},{"damage":0,"enemies":"Gremlin Nob","floor":11,"turns":3},{"damage":2,"enemies":"Lots of Slimes","floor":12,"turns":4},{"damage":3,"enemies":"Blue Slaver","floor":13,"turns":3},{"damage":20,"enemies":"Large Slime","floor":14,"turns":4},{"damage":35,"enemies":"The Guardian","floor":16,"turns":7},{"damage":14,"enemies":"2 Thieves","floor":18,"turns":3},{"damage":1,"enemies":"3 Byrds","floor":19,"turns":4},{"damage":0,"enemies":"Snecko","floor":20,"turns":3},{"damage":5,"enemies":"3 Cultists","floor":21,"turns":3},{"damage":9,"enemies":"Snake Plant","floor":22,"turns":3},{"damage":21,"enemies":"Gremlin Leader","floor":24,"turns":5},{"damage":0,"enemies":"Centurion and Healer","floor":25,"turns":3},{"damage":0,"enemies":"Chosen and Byrds","floor":28,"turns":4},{"damage":9,"enemies":"Snake Plant","floor":30,"turns":2},{"damage":2,"enemies":"Snecko","floor":31,"turns":3},{"damage":0,"enemies":"Champ","floor":33,"turns":7},{"damage":0,"enemies":"3 Shapes","floor":35,"turns":4},{"damage":0,"enemies":"3 Darklings","floor":39,"turns":5},{"damage":0,"enemies":"Nemesis","floor":40,"turns":5},{"damage":0,"enemies":"Spire Growth","floor":41,"turns":4},{"damage":1,"enemies":"4 Shapes","floor":42,"turns":4},{"damage":0,"enemies":"Giant Head","floor":46,"turns":7},{"damage":0,"enemies":"3 Darklings","floor":47,"turns":4},{"damage":0,"enemies":"Jaw Worm Horde","floor":48,"turns":5},{"damage":0,"enemies":"Time Eater","floor":50,"turns":10},{"damage":28,"enemies":"Shield and Spear","floor":54,"turns":8},{"damage":25,"enemies":"The Heart","floor":55,"turns":8}],"seed_played":"-312708805552456806","potions_obtained":[{"floor":1,"key":"DuplicationPotion"},{"floor":8,"key":"Fire Potion"},{"floor":11,"key":"Elixir"},{"floor":13,"key":"PowerPotion"},{"floor":18,"key":"ColorlessPotion"},{"floor":19,"key":"Fire Potion"},{"floor":22,"key":"LifebloodPotion"},{"floor":25,"key":"Swift Potion"},{"floor":39,"key":"Venom Potion"},{"floor":54,"key":"Energy Potion"}],"is_trial":false,"path_per_floor":["M","M","?","?","T","?","R","M","T","M","E","M","M","M","R_BF","B",null,"M","M","M","M","M","R","E","M","T","?","M","R","M","M","R","B",null,"M","$","?","?","M","E","M","M","T","T","?","E","M","M","R","B",null,"R","$","E","B",null],"character_chosen":"HERMIT","items_purchased":["Letter Opener","Bottled Tornado"],"campfire_rested":5,"item_purchase_floors":[36,53],"current_hp_per_floor":[75,75,75,57,57,57,57,57,57,54,54,52,49,29,51,16,75,61,60,60,55,46,68,47,47,47,47,47,69,60,58,75,75,75,75,75,75,75,75,75,75,74,74,74,74,74,74,74,75,75,75,75,75,47,22],"gold":546,"neow_bonus":"THREE_ENEMY_KILL","is_daily":false,"chose_seed":false,"campfire_upgraded":0,"win_rate":0.0,"timestamp":1608508205,"path_taken":["M","?","?","?","?","?","R","M","T","M","E","M","M","M","R_BF","BOSS","M","?","?","M","M","R","E","M","T","?","M","R","M","M","R","BOSS","M","$","?","?","M","E","M","?","T","?","?","E","M","M","R","BOSS","R","$","E","BOSS"],"items_purchased_type":["Relic","Relic"],"build_version":"2020-12-13","purchased_purges":2,"victory":true,"max_hp_per_floor":[75,75,75,75,75,75,75,75,75,75,75,75,75,75,75,75,75,75,75,75,75,75,75,75,75,75,75,75,75,75,75,75,75,75,75,75,75,75,75,75,75,75,75,75,75,75,75,75,75,75,75,75,75,75,75],"card_choices":[{"not_picked":["hermit:Feint","hermit:Dive"],"picked":"hermit:CursedWeapon","floor":1},{"not_picked":["hermit:HighCaliber","hermit:BigShot"],"picked":"hermit:CalledShot","floor":2},{"not_picked":["hermit:CalledShot","hermit:FullyLoaded"],"picked":"hermit:Combo","floor":8},{"not_picked":["hermit:WideOpen","hermit:LuckOfTheDraw"],"picked":"hermit:Enervate","floor":10},{"not_picked":["hermit:Glare","hermit:FlashPowder"],"picked":"hermit:TakeAim+1","floor":11},{"not_picked":["hermit:FromBeyond","hermit:Vantage"],"picked":"hermit:Deadeye","floor":12},{"not_picked":["hermit:Feint","hermit:TrackingShot"],"picked":"hermit:Headshot","floor":13},{"not_picked":["hermit:Glare","hermit:LowProfile"],"picked":"hermit:BigShot+1","floor":14},{"not_picked":["hermit:DeadOrAlive","hermit:FatalDesire+1"],"picked":"hermit:Roughhouse","floor":16},{"not_picked":["hermit:ShadowCloak+1","hermit:Quickdraw","hermit:Misfire"],"picked":"SKIP","floor":18},{"not_picked":["hermit:Desperado+1","hermit:LowProfile","hermit:Spite"],"picked":"SKIP","floor":19},{"not_picked":["hermit:HoleUp","hermit:Grudge"],"picked":"hermit:Quickdraw","floor":20},{"not_picked":["hermit:ShadowCloak+1","hermit:HoleUp"],"picked":"hermit:CalledShot","floor":21},{"not_picked":["hermit:Coalescence","hermit:Horror"],"picked":"hermit:Snipe","floor":22},{"not_picked":["hermit:Spite","hermit:Dive+1"],"picked":"hermit:EyeOfTheStorm+1","floor":24},{"not_picked":["hermit:Coalescence","hermit:SprayPray"],"picked":"hermit:Quickdraw+1","floor":25},{"not_picked":["hermit:FullyLoaded","hermit:Malice"],"picked":"hermit:GoldenBullet","floor":28},{"not_picked":["hermit:Virtue","hermit:SprayPray","hermit:HoleUp+1"],"picked":"SKIP","floor":30},{"not_picked":["hermit:GoldenBullet","hermit:Desperado+1"],"picked":"hermit:Dive","floor":31},{"not_picked":["hermit:FatalDesire+1","hermit:Purgatory"],"picked":"hermit:FromBeyond","floor":33},{"not_picked":["hermit:Snipe","hermit:Misfire+1","hermit:Shortfuse"],"picked":"SKIP","floor":35},{"not_picked":["expansioncontent:Torchfire","Replay:BasicMightCard+1"],"picked":"Replay:SS_hec_2+1","floor":37},{"not_picked":["hermit:LuckOfTheDraw","hermit:Ricochet","hermit:Misfire+1"],"picked":"SKIP","floor":39},{"not_picked":["hermit:HoleUp+1","hermit:TrackingShot"],"picked":"hermit:Scavenge","floor":40},{"not_picked":["hermit:Spite+1","hermit:Vantage"],"picked":"hermit:TakeCover+1","floor":41},{"not_picked":["hermit:Roulette+1","hermit:Misfire+1","hermit:Snipe"],"picked":"SKIP","floor":42},{"not_picked":["hermit:Misfire","hermit:Spite+1","hermit:LowProfile"],"picked":"SKIP","floor":46},{"not_picked":["hermit:Shortfuse+1","hermit:Purgatory"],"picked":"hermit:Dive+1","floor":47},{"not_picked":["hermit:DeadMansHand+1","hermit:Headshot+1","hermit:Showdown"],"picked":"SKIP","floor":48},{"not_picked":["hermit:FullyLoaded","hermit:Roulette"],"picked":"hermit:OverwhelmingPower+1","floor":54}],"player_experience":252692,"relics_obtained":[{"floor":5,"key":"hubris:PeanutButter"},{"floor":11,"key":"Frozen Egg 2"},{"floor":24,"key":"Replay:Rubber Ducky"},{"floor":26,"key":"MealTicket"},{"floor":40,"key":"Mirror"},{"floor":43,"key":"Replay:Mystery Machine"},{"floor":44,"key":"ReplayFunnel"},{"floor":46,"key":"Kunai"},{"floor":54,"key":"Eternal Feather"}],"event_choices":[{"cards_removed":["hermit:Strike_Hermit"],"damage_healed":0,"gold_gain":0,"player_choice":"Card Removal","damage_taken":0,"max_hp_gain":0,"max_hp_loss":0,"event_name":"The Cleric","floor":3,"gold_loss":50},{"damage_healed":0,"gold_gain":0,"player_choice":"Take Damage","damage_taken":18,"relics_obtained":["Golden Idol"],"max_hp_gain":0,"max_hp_loss":0,"event_name":"Golden Idol","floor":4,"gold_loss":0},{"cards_removed":["hermit:Defend_Hermit"],"damage_healed":0,"gold_gain":0,"player_choice":"Offered Basic","damage_taken":0,"max_hp_gain":0,"max_hp_loss":0,"event_name":"Bonfire Elementals","floor":6,"gold_loss":0},{"damage_healed":0,"gold_gain":0,"player_choice":"Memory 1","damage_taken":0,"max_hp_gain":0,"max_hp_loss":0,"event_name":"SensoryStone","floor":37,"gold_loss":0},{"damage_healed":0,"gold_gain":0,"player_choice":"Ignored","damage_taken":0,"max_hp_gain":0,"max_hp_loss":0,"event_name":"NoteForYourself","floor":38,"gold_loss":0},{"damage_healed":0,"gold_gain":0,"player_choice":"Forge","damage_taken":0,"max_hp_gain":0,"max_hp_loss":0,"event_name":"Accursed Blacksmith","floor":45,"gold_loss":0,"cards_upgraded":["hermit:FromBeyond"]}],"is_beta":false,"boss_relics":[{"not_picked":["hermit:DentedPlate","Painkiller Herb"],"picked":"Fusion Hammer"},{"not_picked":["hubris:CrackedHourglass","Kintsugi"],"picked":"Replay:Wanted Poster"}],"items_purged_floors":[36,53],"is_endless":false,"potions_floor_spawned":[1,8,11,13,14,18,19,22,25,28,39,41,42,54],"ascension_level":0}}