{"host":"oy4pyvr762z5n0bb","time":1608451497,"event":{"mods":["AchievementEnabler","BaseMod","Colored Map","Colored Powertips","Googly Eyes","Key Reminder","Minty Spire (QoL Compilation)","Quick Restart","Relic Sorter","StSLib","SuperFastMode","Unceasing Turn Reminder","slay the spire mod where everything is the same but ironclad has a cowboy hat"],"gold_per_floor":[113,123,55,55,74,74,54,74,74,93,124,124,299,324,324,427,427,437,437,134,154,171,205,205,253,331,19,39,39,58,78,78,173,173,185,185,60,110,110,110,110],"floor_reached":40,"playtime":902,"items_purged":["Doubt","Strike_P","Adaptation"],"score":562,"play_id":"d1de80d1-dd56-4be9-a9bd-8e42f9eae23c","local_time":"20201220000457","is_ascension_mode":true,"campfire_choices":[{"data":"Eruption","floor":6,"key":"SMITH"},{"floor":12,"key":"REST"},{"data":"Ragnarok","floor":15,"key":"SMITH"},{"floor":24,"key":"REST"},{"floor":32,"key":"REST"}],"circlet_count":0,"master_deck":["Strike_P","Strike_P","Strike_P","Defend_P","Defend_P","Defend_P","Defend_P","Eruption+1","Vigilance","SashWhip","JustLucky","WreathOfFlame","Crescendo","Ragnarok+1","Evaluate","Consecrate","FollowUp","Wish","Consecrate","WreathOfFlame","Evaluate","Prostrate","Apotheosis","Vault","Vengeance","Writhe"],"relics":["PureWater","NeowsBlessing","Pen Nib","Sundial","Bag of Marbles","SacredBark","GoldenEye","Bag of Preparation","Lantern","Anchor","Gremlin Horn","Runic Pyramid","Mango"],"acts_visited":["Exordium","TheCity","TheBeyond"],"potions_floor_usage":[14,23,23,33,33,33],"damage_taken":[{"damage":0,"enemies":"Cultist","floor":1,"turns":1},{"damage":0,"enemies":"Jaw Worm","floor":2,"turns":1},{"damage":0,"enemies":"Small Slimes","floor":5,"turns":1},{"damage":20,"enemies":"3 Louse","floor":8,"turns":3},{"damage":9,"enemies":"2 Fungi Beasts","floor":10,"turns":2},{"damage":6,"enemies":"3 Sentries","floor":11,"turns":4},{"damage":0,"enemies":"Lagavulin","floor":14,"turns":3},{"damage":0,"enemies":"Slime Boss","floor":16,"turns":3},{"damage":1,"enemies":"Chosen","floor":18,"turns":3},{"damage":6,"enemies":"3 Byrds","floor":21,"turns":3},{"damage":19,"enemies":"Snake Plant","floor":22,"turns":4},{"damage":17,"enemies":"Book of Stabbing","floor":23,"turns":3},{"damage":0,"enemies":"Centurion and Healer","floor":28,"turns":2},{"damage":0,"enemies":"Chosen and Byrds","floor":30,"turns":3},{"damage":12,"enemies":"Snecko","floor":31,"turns":4},{"damage":38,"enemies":"Collector","floor":33,"turns":7},{"damage":25,"enemies":"3 Darklings","floor":35,"turns":3},{"damage":24,"enemies":"Mind Bloom Boss Battle","floor":38,"turns":5},{"damage":120,"enemies":"Nemesis","floor":40,"turns":5}],"seed_played":"-6805576117110956799","potions_obtained":[{"floor":1,"key":"Ancient Potion"},{"floor":5,"key":"BlessingOfTheForge"},{"floor":7,"key":"Weak Potion"},{"floor":14,"key":"Swift Potion"},{"floor":28,"key":"AttackPotion"},{"floor":30,"key":"Strength Potion"},{"floor":31,"key":"DistilledChaos"}],"is_trial":false,"path_per_floor":["M","M","$","?","M","R","?","M","T","M","E","R","?","E","R","B",null,"M","?","$","M","M","E","R","T","T","$","M","$","M","M","R","B",null,"M","?","$","?","$","E"],"character_chosen":"WATCHER","items_purchased":["WreathOfFlame","Bag of Preparation","WreathOfFlame","Apotheosis","Adaptation"],"campfire_rested":3,"item_purchase_floors":[3,20,20,27,27],"current_hp_per_floor":[72,72,72,72,72,72,72,52,52,43,37,58,58,58,58,58,72,71,71,71,65,46,29,50,50,50,50,50,50,50,38,59,21,72,47,65,65,55,55,0,0],"gold":110,"neow_bonus":"THREE_ENEMY_KILL","is_daily":false,"chose_seed":false,"campfire_upgraded":2,"win_rate":0.0,"timestamp":1608451497,"path_taken":["M","?","$","?","?","R","?","M","T","?","E","R","?","E","R","BOSS","M","?","$","M","M","E","R","?","T","?","?","?","M","M","R","BOSS","M","?","$","?","$","E"],"items_purchased_type":["Card","Relic","Card","Card","Card"],"build_version":"2020-12-13","purchased_purges":3,"victory":false,"max_hp_per_floor":[72,72,72,72,72,72,72,72,72,72,72,72,72,72,72,72,72,72,72,72,72,72,72,72,72,72,72,72,72,72,72,72,72,72,72,72,72,86,86,86,86],"card_choices":[{"not_picked":["Fasting2","Meditate"],"picked":"SashWhip","floor":1},{"not_picked":["DeceiveReality","Evaluate"],"picked":"JustLucky","floor":2},{"not_picked":["Prostrate","ClearTheMind"],"picked":"Crescendo","floor":5},{"not_picked":["Protect","CrushJoints"],"picked":"Ragnarok","floor":8},{"not_picked":["FlurryOfBlows","PathToVictory"],"picked":"Evaluate","floor":10},{"not_picked":["Meditate","EmptyBody"],"picked":"Consecrate","floor":11},{"not_picked":["EmptyBody","WindmillStrike"],"picked":"FollowUp","floor":14},{"not_picked":["Judgement","Ragnarok"],"picked":"Wish","floor":16},{"not_picked":["WindmillStrike","TalkToTheHand"],"picked":"Consecrate","floor":18},{"not_picked":["WheelKick","Consecrate","Evaluate"],"picked":"SKIP","floor":21},{"not_picked":["Crescendo","Perseverance"],"picked":"Evaluate","floor":22},{"not_picked":["EmptyFist","Halt"],"picked":"Prostrate","floor":23},{"not_picked":["SashWhip","CutThroughFate"],"picked":"Vault","floor":28},{"not_picked":["Halt+1","Study","CutThroughFate"],"picked":"SKIP","floor":30},{"not_picked":["Wallop+1","ReachHeaven","Crescendo+1"],"picked":"SKIP","floor":31},{"not_picked":["Pray","Meditate"],"picked":"Vengeance","floor":35}],"player_experience":549710,"relics_obtained":[{"floor":9,"key":"Pen Nib"},{"floor":11,"key":"Sundial"},{"floor":14,"key":"Bag of Marbles"},{"floor":23,"key":"Lantern"},{"floor":25,"key":"Anchor"},{"floor":26,"key":"Gremlin Horn"},{"floor":38,"key":"Mango"}],"event_choices":[{"damage_healed":0,"gold_gain":0,"player_choice":"0 cards matched","damage_taken":0,"max_hp_gain":0,"max_hp_loss":0,"event_name":"Match and Keep!","floor":4,"gold_loss":0,"cards_obtained":[]},{"damage_healed":0,"gold_gain":0,"player_choice":"Bought 1 Potion","damage_taken":0,"max_hp_gain":0,"max_hp_loss":0,"event_name":"The Woman in Blue","floor":7,"gold_loss":0},{"damage_healed":0,"gold_gain":175,"player_choice":"AGREE","damage_taken":0,"max_hp_gain":0,"max_hp_loss":0,"event_name":"Liars Game","floor":13,"gold_loss":0,"cards_obtained":["Doubt"]},{"damage_healed":0,"gold_gain":0,"player_choice":"Opened","damage_taken":0,"relics_obtained":["GoldenEye"],"max_hp_gain":0,"max_hp_loss":0,"event_name":"The Mausoleum","floor":19,"gold_loss":0},{"damage_healed":18,"gold_gain":0,"player_choice":"Writhe","damage_taken":0,"max_hp_gain":0,"max_hp_loss":0,"event_name":"Winding Halls","floor":36,"gold_loss":0,"cards_obtained":["Writhe"]},{"damage_healed":0,"gold_gain":0,"player_choice":"Fight","damage_taken":0,"max_hp_gain":0,"max_hp_loss":0,"event_name":"MindBloom","floor":38,"gold_loss":0}],"is_beta":false,"boss_relics":[{"not_picked":["Coffee Dripper","Runic Dome"],"picked":"SacredBark"},{"not_picked":["Calling Bell","Sozu"],"picked":"Runic Pyramid"}],"items_purged_floors":[20,27,37],"is_endless":false,"potions_floor_spawned":[1,5,8,14,16,21,28,30,31],"killed_by":"Nemesis","ascension_level":3}}