{"host":"87fdiiwflhrwsj8a","time":1608499900,"event":{"mods":["Aspiration","BaseMod","Better Match","Better Third Choice","BetterRewards","Colored Map","Downfall","GifTheSpireLib","Infinite Spire","Minty Spire (QoL Compilation)","Relic Sorter","Replay The Spire","Robot Space Explorer","StSLib","Stuff the Spire","The Cursed"],"gold_per_floor":[118,118,118,118,118,152,152,179,255,255,255,255],"floor_reached":11,"playtime":245,"items_purged":[],"score":254,"play_id":"55272c31-88f0-43f0-809c-74bc7926a556","local_time":"20201220163140","is_ascension_mode":true,"campfire_choices":[{"data":"Concentrate","floor":7,"key":"SMITH"}],"circlet_count":0,"master_deck":["AscendersBane","Strike_R","Strike_R","Strike_R","Strike_R","Strike_R","Defend_R","Defend_R","Defend_R","Defend_R","Bash","Concentrate+1","Regret","StuffTheSpire:RockThrow"],"relics":["Burning Blood","NeowsBlessing","Anchor","White Beast Statue","Letter Opener","StuffTheSpire:Mouthbags","HornCleat","Chameleon Ring"],"acts_visited":["Exordium"],"potions_floor_usage":[11,11],"damage_taken":[{"damage":0.0,"enemies":"Cultist","floor":1.0,"turns":1.0},{"damage":2,"enemies":"3 Sentries","floor":6,"turns":2},{"damage":0,"enemies":"Lagavulin","floor":8,"turns":2},{"damage":47,"enemies":"3 Sentries","floor":11,"turns":13}],"seed_played":"-3088013028528897756","potions_obtained":[{"floor":1.0,"key":"SpeedPotion"},{"floor":6,"key":"LifebloodPotion"}],"is_trial":false,"path_per_floor":["M","?","?","?","$","E","R","E","T","?","E"],"character_chosen":"IRONCLAD","items_purchased":[],"campfire_rested":0,"item_purchase_floors":[],"current_hp_per_floor":[74,30,30,30,30,34,34,40,40,40,0,0],"gold":255,"neow_bonus":"THREE_ENEMY_KILL","is_daily":false,"chose_seed":false,"campfire_upgraded":1,"win_rate":0.0,"timestamp":1608499900,"path_taken":["M","?","?","?","$","E","R","E","T","?","E"],"items_purchased_type":[],"build_version":"2020-12-13","purchased_purges":0,"victory":false,"max_hp_per_floor":[75,75,75,75,75,75,75,75,75,75,75,75],"card_choices":[{"not_picked":["Feel No Pain","Clothesline","Burning Pact"],"picked":"SKIP","floor":1.0},{"not_picked":["ReplayTheSpireMod:LeadingStrike","Body Slam","StuffTheSpire:Pyroclast"],"picked":"SKIP","floor":6},{"not_picked":["Feel No Pain","ReplayReversal"],"picked":"StuffTheSpire:RockThrow","floor":8}],"player_experience":2601731,"relics_obtained":[{"floor":6,"key":"Letter Opener"},{"floor":8,"key":"StuffTheSpire:Mouthbags"},{"floor":9,"key":"HornCleat"},{"floor":10,"key":"Chameleon Ring"}],"event_choices":[{"damage_healed":0,"gold_gain":0,"player_choice":"Box","damage_taken":0,"relics_obtained":["White Beast Statue"],"max_hp_gain":0,"max_hp_loss":0,"event_name":"Big Fish","floor":4,"gold_loss":0,"cards_obtained":["Regret"]}],"is_beta":false,"boss_relics":[],"items_purged_floors":[],"is_endless":false,"potions_floor_spawned":[1,6,8],"killed_by":"3 Sentries","ascension_level":20}}