{"host":"eemx8njkng76fu5x","time":1608471482,"event":{"mods":["2.2 Compatiblity","BaseMod","Downfall","Minty Spire (QoL Compilation)","Permanent Neow","StSLib","Unceasing Turn Reminder","Unknown Chances"],"gold_per_floor":[99,99,99,24,44,44,44,76,1,32,48,60,87,107,122,225,225,150,177,190,204,204,204,228,248,275,275,275,289,19,39,51,146,146,146,200,212,56,106,140,140,172,172,200,200,139,158,168,184,184,184,210,85,85,85],"floor_reached":56,"playtime":3889,"items_purged":["champ:Strike","champ:Strike","champ:Strike"],"score":1412,"play_id":"ac60b362-2ad0-4673-82b7-3eccb0be2c2a","local_time":"20201220213802","is_ascension_mode":true,"campfire_choices":[{"floor":1.0,"key":"RECALL"},{"data":"champ:Taunt","floor":4.0,"key":"SMITH"},{"data":"champ:AdrenalArmor","floor":6.0,"key":"SMITH"},{"data":"champ:Control","floor":9.0,"key":"SMITH"},{"data":"champ:TornadoPunch","floor":18.0,"key":"SMITH"},{"data":"champ:SwordThrow","floor":22.0,"key":"SMITH"},{"data":"champ:Backstep","floor":27.0,"key":"SMITH"},{"data":"champ:Lariat","floor":35,"key":"SMITH"},{"data":"champ:SteelEdge","floor":43,"key":"PURGE"},{"data":"champ:Encircle","floor":54,"key":"SMITH"}],"circlet_count":0,"master_deck":["champ:Defend","champ:Defend","champ:Defend","champ:Defend","champ:Execute","champ:Taunt+1","champ:AdrenalArmor+1","champ:Control+1","champ:EndlessRage+1","champ:GutPunch","champ:TornadoPunch+1","champ:Backstep+1","champ:SwordThrow+1","champ:BringItOn","champ:BerserkersShout","champ:Lariat+1","champ:Control+1","champ:AdrenalArmor","champ:Encircle+1","champ:Shatter","champ:Backstep+1","champ:AdrenalArmor+1","champ:EndlessRage+1","champ:FocusedBerserking+1","champ:Improvising+1","champ:Improvising+1","champ:Duel+1"],"relics":["champ:ChampionCrown","downfall:HeartBlessingRed","Lantern","downfall:HeartBlessingGreen","Frozen Egg 2","Ancient Tea Set","Runic Pyramid","downfall:HeartBlessingBlue","Art of War","Dream Catcher","Bag of Marbles","hexamod:BolsterEngine","Runic Dome","Bronze Scales","Du-Vu Doll","Blood Vial","Meat on the Bone","Peace Pipe","Ginger","DollysMirror","Bag of Preparation","Happy Flower"],"acts_visited":["Exordium","TheCity","TheBeyond","TheEnding"],"potions_floor_usage":[55],"damage_taken":[{"damage":5.0,"enemies":"Small Slimes","floor":5.0,"turns":3.0},{"damage":80.0,"enemies":"Lagavulin","floor":8.0,"turns":10.0},{"damage":47.0,"enemies":"Gremlin Nob","floor":10.0,"turns":4.0},{"damage":7.0,"enemies":"Jaw Worm","floor":11.0,"turns":2.0},{"damage":15.0,"enemies":"Cultist","floor":12.0,"turns":5.0},{"damage":57.0,"enemies":"Exordium Wildlife","floor":14.0,"turns":7.0},{"damage":10.0,"enemies":"Blue Slaver","floor":15.0,"turns":4.0},{"damage":57.0,"enemies":"downfall:Watcher","floor":16.0,"turns":10.0},{"damage":35.0,"enemies":"Gremlin Leader","floor":19.0,"turns":6.0},{"damage":19.0,"enemies":"Chosen","floor":20.0,"turns":4.0},{"damage":7.0,"enemies":"Snake Plant","floor":21.0,"turns":4.0},{"damage":36.0,"enemies":"3 Cultists","floor":25.0,"turns":6.0},{"damage":14.0,"enemies":"Slavers","floor":26.0,"turns":5.0},{"damage":23.0,"enemies":"Snecko","floor":29.0,"turns":4.0},{"damage":22.0,"enemies":"downfall:FleeingMerchant","floor":30.0,"turns":4.0},{"damage":24.0,"enemies":"Snake Plant","floor":31.0,"turns":3.0},{"damage":27.0,"enemies":"3 Cultists","floor":32.0,"turns":5.0},{"damage":50.0,"enemies":"downfall:Ironclad","floor":33.0,"turns":6.0},{"damage":6,"enemies":"Orb Walker","floor":37,"turns":3},{"damage":34,"enemies":"downfall:FleeingMerchant","floor":38,"turns":4},{"damage":76,"enemies":"Mind Bloom Boss Battle","floor":39,"turns":7},{"damage":55,"enemies":"Reptomancer","floor":40,"turns":5},{"damage":91,"enemies":"Nemesis","floor":42,"turns":5},{"damage":70,"enemies":"Giant Head","floor":44,"turns":6},{"damage":0,"enemies":"downfall:FleeingMerchant","floor":46,"turns":1},{"damage":59,"enemies":"3 Darklings","floor":47,"turns":4},{"damage":38,"enemies":"4 Shapes","floor":48,"turns":3},{"damage":33,"enemies":"Jaw Worm Horde","floor":49,"turns":4},{"damage":51,"enemies":"downfall:Defect","floor":50,"turns":5},{"damage":92,"enemies":"downfall:CharBossMerchant","floor":52,"turns":5},{"damage":194,"enemies":"downfall:NeowBoss","floor":55,"turns":18}],"seed_played":"-7376995513326276105","potions_obtained":[{"floor":5.0,"key":"Explosive Potion"},{"floor":10.0,"key":"PowerPotion"},{"floor":11.0,"key":"Dexterity Potion"},{"floor":21.0,"key":"FearPotion"},{"floor":25.0,"key":"DuplicationPotion"},{"floor":33.0,"key":"Weak Potion"}],"is_trial":false,"path_per_floor":["R","?","?","R","M","R","T","E","R","E","M","M","T","M","M","B",null,"R","E","M","M","R","?","T","M","E","R","?","M","$","M","M","B",null,"R","?","M","$","?","E","T","E","R","E","?","$","M","M","M","B",null,"E","$","R","B",null],"character_chosen":"THE_CHAMP","items_purchased":["hexamod:BolsterEngine","champ:AdrenalArmor","champ:EndlessRage+1","champ:FightOn","DollysMirror","Bag of Preparation"],"campfire_rested":0,"item_purchase_floors":[30,30,38,38,46,46],"current_hp_per_floor":[99,104,104,104,104,104,104,68,68,64,64,66,66,91,99,104,104,114,114,114,114,114,90,90,89,98,98,98,103,116,124,124,119,124,124,124,124,124,129,129,129,129,129,129,129,129,129,129,129,129,129,129,129,129,129],"gold":85,"neow_bonus":"TEN_PERCENT_HP_BONUS","is_daily":false,"chose_seed":false,"campfire_upgraded":8,"win_rate":0.0,"timestamp":1608471482,"path_taken":["R","?","?","R","M","R","T","E","R","E","M","M","?","?","M","BOSS","R","E","M","M","R","?","T","M","E","R","?","?","$","?","M","BOSS","R","?","M","$","?","E","T","E","R","E","?","$","M","?","M","BOSS","E","$","R","BOSS"],"items_purchased_type":["Relic","Card","Card","Card","Relic","Relic"],"build_version":"2020-12-13","purchased_purges":3,"victory":true,"max_hp_per_floor":[99,104,104,104,104,104,104,104,104,104,104,104,104,104,104,104,104,114,114,114,114,114,119,119,124,124,124,124,124,124,124,124,124,124,124,124,124,124,129,129,129,129,129,129,129,129,129,129,129,129,129,129,129,129,129],"card_choices":[{"not_picked":["champ:BladeFlurry","champ:Circumvent"],"picked":"champ:AdrenalArmor","floor":5.0},{"not_picked":["champ:CrookedStrike","champ:SkillfulDodge"],"picked":"champ:Control","floor":8.0},{"not_picked":["champ:EnGarde","champ:Circumvent"],"picked":"champ:SteelEdge","floor":10.0},{"not_picked":["champ:Riposte","champ:Duel"],"picked":"champ:EndlessRage+1","floor":11.0},{"not_picked":["champ:Encircle","champ:CalledShot+1"],"picked":"champ:GutPunch","floor":12.0},{"not_picked":["champ:GladiatorsShout","champ:Haymaker"],"picked":"champ:TornadoPunch","floor":14.0},{"not_picked":["champ:Haymaker","champ:SkillfulDodge"],"picked":"champ:Backstep","floor":15.0},{"not_picked":["champ:VampiricStrike","champ:EnchantSword"],"picked":"champ:SwordThrow","floor":16.0},{"not_picked":["champ:FanOfKnives","champ:EnragedBash+1","champ:PerfectedStrike+1"],"picked":"SKIP","floor":19.0},{"not_picked":["champ:EnGarde+1","champ:ShieldSigil"],"picked":"champ:BringItOn","floor":20.0},{"not_picked":["champ:PerfectedStrike","champ:Backstep"],"picked":"champ:FightOn","floor":21.0},{"not_picked":["champ:GladiatorsShout","champ:TornadoPunch","champ:PreciseThrust+1"],"picked":"SKIP","floor":25.0},{"not_picked":["champ:TornadoPunch","champ:FocusedDefense+1"],"picked":"champ:BerserkersShout","floor":26.0},{"not_picked":["champ:FanOfKnives","champ:StanceDance+1"],"picked":"champ:Lariat","floor":29.0},{"not_picked":["champ:EnragedBash","champ:Lariat"],"picked":"champ:Control+1","floor":30.0},{"not_picked":["champ:ViciousMockery+1","champ:ShieldSigil"],"picked":"champ:Encircle","floor":31.0},{"not_picked":["champ:RapidStrikes","champ:CrookedStrike+1"],"picked":"champ:Shatter","floor":32.0},{"not_picked":["champ:PerfectedStrike","champ:Encircle+1"],"picked":"champ:Backstep+1","floor":37},{"not_picked":["champ:FaceSlap","champ:EnchantShield"],"picked":"champ:AdrenalArmor+1","floor":38},{"not_picked":["champ:StanceDance+1","champ:ShieldSigil+1"],"picked":"champ:FocusedBerserking+1","floor":40},{"not_picked":["champ:Circumvent+1","champ:Encircle"],"picked":"champ:Improvising+1","floor":42},{"not_picked":["champ:FocusedGladiator","champ:MurderStrike","champ:CalledShot+1"],"picked":"SKIP","floor":44},{"not_picked":["champ:SkillfulDodge+1","champ:GladiatorsShout+1","champ:PerfectedStrike"],"picked":"SKIP","floor":46},{"not_picked":["champ:ShieldSigil+1","champ:CrookedStrike+1","champ:Haymaker"],"picked":"SKIP","floor":47},{"not_picked":["champ:Riposte","champ:Lariat+1","champ:SkillfulDodge+1"],"picked":"SKIP","floor":48},{"not_picked":["champ:SkillfulDodge","champ:CrookedStrike"],"picked":"champ:Duel+1","floor":49},{"not_picked":["champ:BladeFlurry+1","champ:PerfectedStrike+1","champ:BerserkersShout+1"],"picked":"SKIP","floor":52}],"player_experience":378840,"relics_obtained":[{"floor":8.0,"key":"Lantern"},{"floor":10.0,"key":"Frozen Egg 2"},{"floor":13.0,"key":"Ancient Tea Set"},{"floor":19.0,"key":"Art of War"},{"floor":24.0,"key":"Dream Catcher"},{"floor":26.0,"key":"Bag of Marbles"},{"floor":36,"key":"Bronze Scales"},{"floor":39,"key":"Du-Vu Doll"},{"floor":40,"key":"Blood Vial"},{"floor":41,"key":"Meat on the Bone"},{"floor":42,"key":"Peace Pipe"},{"floor":44,"key":"Ginger"},{"floor":52,"key":"Happy Flower"}],"event_choices":[{"damage_healed":0.0,"max_hp_gain":5.0,"max_hp_loss":0.0,"gold_gain":0.0,"event_name":"Big Fish","player_choice":"Donut","floor":2.0,"gold_loss":0.0,"damage_taken":0.0},{"damage_healed":0.0,"max_hp_gain":0.0,"max_hp_loss":0.0,"gold_gain":0.0,"event_name":"FaceTrader","player_choice":"Leave","floor":28.0,"gold_loss":0.0,"damage_taken":0.0},{"cards_removed":["champ:Strike"],"damage_healed":0,"gold_gain":0,"player_choice":"Purged","damage_taken":0,"max_hp_gain":0,"max_hp_loss":0,"event_name":"Purifier","floor":45,"gold_loss":0}],"is_beta":false,"boss_relics":[{"not_picked":["Snecko Eye","Fusion Hammer"],"picked":"Runic Pyramid"},{"not_picked":["SacredBark","champ:PowerArmor"],"picked":"Runic Dome"}],"items_purged_floors":[30,46,53],"is_endless":false,"potions_floor_spawned":[5,10,11,14,21,25,29,32,33,39,40,47,48,49],"ascension_level":1}}