{"host":"cz3p2o9n3b1gdmkz","time":1608475270,"event":{"mods":["AchievementEnabler","BaseMod","CapriCore","GungeonMod","Hermit","Lobotomy","Minty Spire (QoL Compilation)","Replay The Spire","Shop Mod","StSLib","SuperFastMode","The Cursed","The Dragon Tamer","The Gatherer","The Jungle","The Poker Player","The Runesmith"],"gold_per_floor":[114,141,168,197,225,252,344,356,368,380,423,435,447,459,471,483,483],"floor_reached":16,"playtime":464,"items_purged":[],"score":185,"play_id":"fe3b8467-599d-4b45-8b93-1899abbc0dbc","local_time":"20201220234110","is_ascension_mode":true,"campfire_choices":[{"floor":10.0,"key":"REST"},{"data":"hermit:GoldenBullet","floor":12.0,"key":"SMITH"},{"floor":15,"key":"DIG"}],"circlet_count":0,"master_deck":["AscendersBane","hermit:Strike_Hermit","hermit:Strike_Hermit","hermit:Strike_Hermit","hermit:Strike_Hermit","hermit:Defend_Hermit+1","hermit:Defend_Hermit","hermit:Defend_Hermit+1","hermit:Defend_Hermit","hermit:Snapshot","hermit:Covet","hermit:GoldenBullet+1","hermit:PistolWhip","hermit:PistolWhip"],"relics":["hermit:Momento","Tiny Chest","MawBank","Iron Hammer","Replay:Wax Seal","War Paint","Quantum Egg","Omamori"],"acts_visited":["Exordium"],"potions_floor_usage":[16],"damage_taken":[{"damage":1.0,"enemies":"Cultist","floor":1.0,"turns":3.0},{"damage":15.0,"enemies":"Small Slimes","floor":3.0,"turns":6.0},{"damage":4.0,"enemies":"2 Louse","floor":4.0,"turns":3.0},{"damage":7.0,"enemies":"Blue Slaver","floor":5.0,"turns":4.0},{"damage":8.0,"enemies":"Large Slime","floor":6.0,"turns":5.0},{"damage":1.0,"enemies":"Lagavulin","floor":11.0,"turns":5.0},{"damage":71,"enemies":"Fading Forest","floor":16,"turns":9}],"seed_played":"-9073168261346254334","potions_obtained":[{"floor":4.0,"key":"Strength Potion"},{"floor":5.0,"key":"hermit:Tonic"}],"is_trial":false,"path_per_floor":["M","T","M","M","M","M","?","T","T","R","E","R","?","$","R","B"],"character_chosen":"HERMIT","items_purchased":[],"campfire_rested":1,"item_purchase_floors":[],"current_hp_per_floor":[63,63,48,44,37,29,29,29,29,50,49,49,49,49,49,0,0],"gold":483,"neow_bonus":"RANDOM_COMMON_RELIC","is_daily":false,"chose_seed":false,"campfire_upgraded":1,"win_rate":0.0,"timestamp":1608475270,"path_taken":["M","?","M","M","?","M","?","?","T","R","E","R","?","?","R","BOSS"],"items_purchased_type":[],"build_version":"2020-12-13","purchased_purges":0,"victory":false,"max_hp_per_floor":[71,71,71,71,71,71,71,71,71,71,71,71,71,71,71,71,71],"card_choices":[{"not_picked":["hermit:SprayPray","hermit:Feint"],"picked":"hermit:GoldenBullet","floor":1.0},{"not_picked":["hermit:Spite","hermit:Snipe"],"picked":"hermit:PistolWhip","floor":3.0},{"not_picked":["hermit:LowProfile","hermit:SprayPray","hermit:TrackingShot"],"picked":"SKIP","floor":4.0},{"not_picked":["hermit:Virtue","hermit:FullyLoaded","hermit:Desperado"],"picked":"SKIP","floor":5.0},{"not_picked":["hermit:Feint","hermit:SprayPray","hermit:Combo"],"picked":"SKIP","floor":6.0},{"not_picked":["hermit:Virtue","hermit:Snipe"],"picked":"hermit:PistolWhip","floor":11.0}],"player_experience":996297,"relics_obtained":[{"floor":2.0,"key":"MawBank"},{"floor":8.0,"key":"Iron Hammer"},{"floor":9.0,"key":"Replay:Wax Seal"},{"floor":11.0,"key":"War Paint"},{"floor":15,"key":"Omamori"}],"event_choices":[{"damage_healed":0.0,"max_hp_gain":0.0,"max_hp_loss":0.0,"gold_gain":80.0,"event_name":"Golden Wing","player_choice":"Gained Gold","floor":7.0,"gold_loss":0.0,"damage_taken":0.0},{"damage_healed":0.0,"max_hp_gain":0.0,"max_hp_loss":0.0,"gold_gain":0.0,"event_name":"Dead Adventurer","player_choice":"Searched \u00271\u0027 times","floor":13.0,"gold_loss":0.0,"damage_taken":0.0,"relics_obtained":["Quantum Egg"]}],"is_beta":false,"boss_relics":[],"items_purged_floors":[],"is_endless":false,"potions_floor_spawned":[4,5],"killed_by":"Fading Forest","ascension_level":17}}