{"host":"utqe55yv0jihe4d6","time":1608439413,"event":{"mods":["2.2 Compatiblity","AchievementEnabler","BaseMod","Block Reminder","Colored Map","Colored Powertips","Minty Spire (QoL Compilation)","Quick Restart","Rare Cards Sparkle","Relic Stats","SuperFastMode"],"gold_per_floor":[118,133,133,133,144,144,69,69,69,80,155,155,171,171,171],"floor_reached":14,"playtime":227,"items_purged":[],"score":160,"play_id":"c30e4f8c-0c71-4829-99c3-4321c92ef7b0","local_time":"20201219234333","is_ascension_mode":true,"campfire_choices":[{"data":"True Grit","floor":6.0,"key":"SMITH"},{"floor":12.0,"key":"REST"}],"circlet_count":0,"master_deck":["AscendersBane","Strike_R","Strike_R","Strike_R","Defend_R","Defend_R","Defend_R","Bash","Spot Weakness","True Grit+1","Twin Strike","Whirlwind"],"relics":["Empty Cage","Unceasing Top","TungstenRod"],"acts_visited":["Exordium"],"potions_floor_usage":[13],"damage_taken":[{"damage":12.0,"enemies":"Jaw Worm","floor":1.0,"turns":3.0},{"damage":11.0,"enemies":"Small Slimes","floor":2.0,"turns":4.0},{"damage":1.0,"enemies":"Cultist","floor":5.0,"turns":4.0},{"damage":10.0,"enemies":"2 Fungi Beasts","floor":10.0,"turns":4.0},{"damage":9,"enemies":"Gremlin Gang","floor":13,"turns":4},{"damage":46,"enemies":"Lagavulin","floor":14,"turns":8}],"seed_played":"4881113450417899157","potions_obtained":[{"floor":1.0,"key":"Energy Potion"}],"is_trial":false,"path_per_floor":["M","M","?","T","M","R","?","?","T","M","?","R","M","E"],"character_chosen":"IRONCLAD","items_purchased":[],"campfire_rested":1,"item_purchase_floors":[],"current_hp_per_floor":[56,45,45,45,44,44,44,49,49,39,29,53,44,0,0],"gold":171,"neow_bonus":"BOSS_RELIC","is_daily":false,"chose_seed":false,"campfire_upgraded":1,"win_rate":0.0,"timestamp":1608439413,"path_taken":["M","M","?","?","M","R","?","?","T","?","?","R","M","E"],"items_purchased_type":[],"build_version":"2020-12-13","purchased_purges":0,"victory":false,"max_hp_per_floor":[75,75,75,75,75,75,75,80,80,80,80,80,80,80,80],"relic_stats":{"counters":[6,27],"obtain_stats":[{"Empty Cage":0,"Burning Blood":0,"Unceasing Top":4,"TungstenRod":9},{"Empty Cage":0,"Burning Blood":0,"Unceasing Top":2,"TungstenRod":3},{"Empty Cage":0,"Burning Blood":0,"Unceasing Top":7,"TungstenRod":11}],"Unceasing Top":[2],"TungstenRod":11},"card_choices":[{"not_picked":["Sword Boomerang","Havoc"],"picked":"Spot Weakness","floor":1.0},{"not_picked":["Fire Breathing","Sever Soul"],"picked":"True Grit","floor":2.0},{"not_picked":["Warcry","Searing Blow"],"picked":"Twin Strike","floor":5.0},{"not_picked":["Pummel","Blood for Blood"],"picked":"Whirlwind","floor":10.0},{"not_picked":["Clash","Cleave","Warcry"],"picked":"SKIP","floor":13}],"player_experience":2812300,"relics_obtained":[{"floor":4.0,"key":"Unceasing Top"},{"floor":9.0,"key":"TungstenRod"}],"event_choices":[{"damage_healed":0.0,"max_hp_gain":0.0,"max_hp_loss":0.0,"gold_gain":0.0,"event_name":"Liars Game","player_choice":"Ignored","floor":3.0,"gold_loss":0.0,"damage_taken":0.0},{"cards_removed":["Strike_R"],"damage_healed":0.0,"max_hp_gain":0.0,"max_hp_loss":0.0,"gold_gain":0.0,"event_name":"The Cleric","player_choice":"Card Removal","floor":7.0,"gold_loss":75.0,"damage_taken":0.0},{"damage_healed":0.0,"max_hp_gain":5.0,"max_hp_loss":0.0,"gold_gain":0.0,"event_name":"Big Fish","player_choice":"Donut","floor":8.0,"gold_loss":0.0,"damage_taken":0.0},{"damage_healed":0.0,"max_hp_gain":0.0,"max_hp_loss":0.0,"gold_gain":75.0,"event_name":"World of Goop","player_choice":"Gather Gold","floor":11.0,"gold_loss":0.0,"damage_taken":11.0}],"is_beta":false,"boss_relics":[],"items_purged_floors":[],"is_endless":false,"potions_floor_spawned":[1],"killed_by":"Lagavulin","ascension_level":20}}