{"host":"9ndbo4kgsfoemf7y","time":1608434774,"event":{"mods":["AchievementEnabler","BaseMod","Colored Map","DeckTracker","Keyboard Shortcuts","Minty Spire (QoL Compilation)","Permanent Neow","Quick Restart","Relic Stats","StSLib","SuperFastMode"],"gold_per_floor":[109,109,127,127,143,143,168,168,168,168,168],"floor_reached":10,"playtime":171,"items_purged":[],"score":125,"play_id":"bf30f9d6-d735-46ca-a8f3-cb78ef60b804","local_time":"20201220122614","is_ascension_mode":true,"campfire_choices":[{"data":"Dagger Spray","floor":6,"key":"SMITH"},{"data":"Bullet Time","floor":8,"key":"SMITH"}],"circlet_count":0,"master_deck":["AscendersBane","Strike_G","Strike_G","Strike_G","Strike_G","Defend_G","Defend_G","Defend_G","Defend_G","Defend_G","Survivor","Neutralize","Blade Dance","Dagger Spray+1","Backstab","Bullet Time+1"],"relics":["Ring of the Snake","NeowsBlessing","Paper Crane","Akabeko"],"acts_visited":["Exordium"],"potions_floor_usage":[7,10],"damage_taken":[{"damage":0,"enemies":"Jaw Worm","floor":1,"turns":1},{"damage":0,"enemies":"Cultist","floor":3,"turns":1},{"damage":0,"enemies":"Small Slimes","floor":5,"turns":1},{"damage":25,"enemies":"3 Sentries","floor":7,"turns":8},{"damage":38,"enemies":"Gremlin Nob","floor":10,"turns":4}],"seed_played":"-2545629215945345882","potions_obtained":[{"floor":1,"key":"SpeedPotion"},{"floor":5,"key":"LiquidBronze"}],"is_trial":false,"path_per_floor":["M","?","M","?","M","R","E","R","T","E"],"character_chosen":"THE_SILENT","items_purchased":[],"campfire_rested":0,"item_purchase_floors":[],"current_hp_per_floor":[59,66,66,59,59,59,34,34,34,0,0],"gold":168,"neow_bonus":"THREE_ENEMY_KILL","is_daily":false,"chose_seed":false,"campfire_upgraded":2,"win_rate":0.0,"timestamp":1608434774,"path_taken":["M","?","?","?","M","R","E","R","T","E"],"items_purchased_type":[],"build_version":"2020-12-13","purchased_purges":0,"victory":false,"max_hp_per_floor":[66,66,66,66,66,66,66,66,66,66,66],"relic_stats":{"counters":[5,15],"obtain_stats":[{"NeowsBlessing":0,"Paper Crane":7,"Akabeko":9,"Ring of the Snake":0},{"NeowsBlessing":0,"Paper Crane":4,"Akabeko":4,"Ring of the Snake":0},{"NeowsBlessing":0,"Paper Crane":11,"Akabeko":11,"Ring of the Snake":0}],"Ring of the Snake":[10]},"card_choices":[{"not_picked":["Acrobatics","Flying Knee"],"picked":"Blade Dance","floor":1},{"not_picked":["Sucker Punch","Acrobatics"],"picked":"Dagger Spray","floor":3},{"not_picked":["Quick Slash","Deflect","Backstab"],"picked":"SKIP","floor":5},{"not_picked":["Quick Slash","Deflect"],"picked":"Backstab","floor":5},{"not_picked":["Catalyst","Setup"],"picked":"Bullet Time","floor":7}],"player_experience":716896,"relics_obtained":[{"floor":7,"key":"Paper Crane"},{"floor":9,"key":"Akabeko"}],"event_choices":[{"damage_healed":7,"gold_gain":0,"player_choice":"Full Heal","damage_taken":0,"max_hp_gain":0,"max_hp_loss":0,"event_name":"Wheel of Change","floor":2,"gold_loss":0},{"cards_removed":["Strike_G"],"damage_healed":0,"gold_gain":0,"player_choice":"Card Removal","damage_taken":7,"max_hp_gain":0,"max_hp_loss":0,"event_name":"Golden Wing","floor":4,"gold_loss":0}],"is_beta":false,"boss_relics":[],"items_purged_floors":[],"is_endless":false,"potions_floor_spawned":[1,5],"killed_by":"Gremlin Nob","ascension_level":18}}