{"host":"pl1fbpkom0aq337f","time":1608462431,"event":{"mods":["AchievementEnabler","BaseMod","Colored Map","Marisa????????","Minty Spire (QoL Compilation)"],"gold_per_floor":[111,111,111,121,141,141,171,171,224,107,107,136,136,136,151,166,166,166,245,245,264,142,142,64,81,130,148,158,213,213,213],"floor_reached":30,"playtime":1176,"items_purged":["Strike_MRS"],"score":452,"play_id":"03c87e8d-2a72-45b6-b96e-39accc35d6f0","local_time":"20201220120711","is_ascension_mode":true,"campfire_choices":[{"data":"TreasureHunter","floor":6.0,"key":"SMITH"},{"data":"PropBag","floor":8.0,"key":"SMITH"},{"data":"MasterSpark","floor":11.0,"key":"SMITH"},{"floor":13.0,"key":"REST"},{"data":"EventHorizon","floor":17.0,"key":"SMITH"},{"data":"FairyDestructionRay","floor":18.0,"key":"SMITH"}],"circlet_count":0,"master_deck":["AscendersBane","Strike_MRS","Strike_MRS","Defend_MRS","Defend_MRS+1","Defend_MRS","Defend_MRS+1","MasterSpark+1","UpSweep","TreasureHunter+1","PropBag+1","ShootTheMoon","GalacticHalo","MilkyWay","EventHorizon+1","FairyDestructionRay+1","GrandCross","GrandCross","MillisecondPulsars","WitchOfGreed","OortCloud","MysteriousBeam","GrandCross"],"relics":["MiniHakkero","Calipers","Meat on the Bone","Juzu Bracelet","Bag of Marbles","Dream Catcher","War Paint","Vajra","Lizard Tail","Black Star","Strawberry","White Beast Statue","Regal Pillow","Mercury Hourglass"],"acts_visited":["Exordium","TheCity"],"potions_floor_usage":[26,26,30,30],"damage_taken":[{"damage":1.0,"enemies":"Cultist","floor":1.0,"turns":3.0},{"damage":4.0,"enemies":"Small Slimes","floor":4.0,"turns":3.0},{"damage":8.0,"enemies":"Jaw Worm","floor":5.0,"turns":4.0},{"damage":23.0,"enemies":"Gremlin Nob","floor":7.0,"turns":5.0},{"damage":30.0,"enemies":"3 Sentries","floor":12.0,"turns":5.0},{"damage":9.0,"enemies":"Blue Slaver","floor":15.0,"turns":3.0},{"damage":11.0,"enemies":"Looter","floor":16.0,"turns":2.0},{"damage":27.0,"enemies":"Hexaghost","floor":19.0,"turns":8.0},{"damage":21.0,"enemies":"3 Byrds","floor":21.0,"turns":5.0},{"damage":8.0,"enemies":"Chosen","floor":25.0,"turns":3.0},{"damage":74,"enemies":"Book of Stabbing","floor":26,"turns":6},{"damage":27,"enemies":"Snake Plant","floor":27,"turns":3},{"damage":0,"enemies":"Cultist and Chosen","floor":28,"turns":4},{"damage":32,"enemies":"Slavers","floor":30,"turns":3}],"seed_played":"-399272946665967224","potions_obtained":[{"floor":1.0,"key":"DistilledChaos"},{"floor":4.0,"key":"SpeedPotion"},{"floor":16.0,"key":"Energy Potion"},{"floor":25.0,"key":"BlessingOfTheForge"},{"floor":26,"key":"Explosive Potion"},{"floor":27,"key":"PowerPotion"},{"floor":28,"key":"Block Potion"}],"is_trial":false,"path_per_floor":["M","T","?","M","M","R","E","R","T","$","R","E","R","T","M","M","R","R","B",null,"M","$","?","$","M","E","M","M","T","E"],"character_chosen":"MARISA","items_purchased":["EventHorizon","FairyDestructionRay","WitchOfGreed","OortCloud"],"campfire_rested":1,"item_purchase_floors":[10,10,22,24],"current_hp_per_floor":[62,62,67,63,55,55,32,32,32,32,32,14,36,36,39,40,40,40,25,63,42,42,42,42,46,28,13,25,25,0,0],"gold":213,"neow_bonus":"TRANSFORM_CARD","is_daily":false,"chose_seed":false,"campfire_upgraded":5,"win_rate":0.0,"timestamp":1608462431,"path_taken":["M","?","?","M","M","R","E","R","T","?","R","E","R","?","M","M","R","R","BOSS","M","$","?","$","M","E","M","M","T","E"],"items_purchased_type":["Card","Card","Card","Card"],"build_version":"2020-12-13","purchased_purges":1,"victory":false,"max_hp_per_floor":[70,70,75,75,75,75,75,75,75,75,75,75,75,75,75,75,75,75,75,75,75,75,75,75,75,82,82,82,82,82,82],"card_choices":[{"not_picked":["DoubleSpark","GravityBeat"],"picked":"PropBag","floor":1.0},{"not_picked":["AsteroidBelt","DragonMeteor"],"picked":"ShootTheMoon","floor":4.0},{"not_picked":["Occultation","ChargingUp"],"picked":"GalacticHalo","floor":5.0},{"not_picked":["MysteriousBeam","MeteoricShower"],"picked":"MilkyWay","floor":7.0},{"not_picked":["UltimateShortwave","OpenUniverse"],"picked":"GrandCross","floor":12.0},{"not_picked":["DarkSpark","EnergyFlow"],"picked":"GrandCross","floor":13.0},{"not_picked":["WitchLeyline","GalacticHalo","StarBarrage"],"picked":"SKIP","floor":15.0},{"not_picked":["LuminesStrike","EarthLightRay","FairyDestructionRay"],"picked":"SKIP","floor":16.0},{"not_picked":["CasketOfStar","StarDustReverie"],"picked":"MillisecondPulsars","floor":19.0},{"not_picked":["StarBarrage","EarthLightRay","ShootingEcho"],"picked":"SKIP","floor":21.0},{"not_picked":["RefractionSpark","GalacticHalo"],"picked":"MysteriousBeam","floor":25.0},{"not_picked":["PulseMagic","GravityBeat"],"picked":"GrandCross","floor":26},{"not_picked":["NonDirectionalLaser","BigCrunch","DoubleSpark"],"picked":"SKIP","floor":27},{"not_picked":["StarBarrage","WitchOfGreed","Acceleration"],"picked":"SKIP","floor":28}],"player_experience":479421,"relics_obtained":[{"floor":2.0,"key":"Calipers"},{"floor":7.0,"key":"Meat on the Bone"},{"floor":7.0,"key":"Juzu Bracelet"},{"floor":9.0,"key":"Bag of Marbles"},{"floor":12.0,"key":"Dream Catcher"},{"floor":12.0,"key":"War Paint"},{"floor":14.0,"key":"Vajra"},{"floor":19.0,"key":"Lizard Tail"},{"floor":26,"key":"Strawberry"},{"floor":26,"key":"White Beast Statue"},{"floor":29,"key":"Regal Pillow"}],"event_choices":[{"damage_healed":0.0,"max_hp_gain":5.0,"max_hp_loss":0.0,"gold_gain":0.0,"event_name":"Big Fish","player_choice":"Donut","floor":3.0,"gold_loss":0.0,"damage_taken":0.0},{"damage_healed":0.0,"max_hp_gain":0.0,"max_hp_loss":0.0,"gold_gain":0.0,"event_name":"FaceTrader","player_choice":"Leave","floor":23.0,"gold_loss":0.0,"damage_taken":0.0}],"is_beta":false,"boss_relics":[{"not_picked":["Snecko Eye","Tiny House"],"picked":"Black Star"}],"items_purged_floors":[22],"is_endless":false,"potions_floor_spawned":[1,4,5,16,25,27,28],"killed_by":"Slavers","ascension_level":15}}