{"host":"1z4hbl9vfqrhg136","time":1608506950,"event":{"mods":["BaseMod","Minty Spire (QoL Compilation)"],"gold_per_floor":[117,130,142,157,170,195,195,195,195],"floor_reached":8,"playtime":606,"items_purged":[],"score":120,"play_id":"86eb8da7-f35f-4220-8a02-999ed8fcabc4","local_time":"20201220232910","is_ascension_mode":true,"campfire_choices":[{"floor":7,"key":"REST"}],"circlet_count":0,"master_deck":["AscendersBane","Strike_G","Strike_G","Strike_G","Strike_G","Strike_G","Defend_G","Defend_G","Defend_G","Defend_G","Defend_G","Survivor","Neutralize","Trip","PiercingWail","Footwork","Dagger Spray","Backflip","Infinite Blades","Blade Dance"],"relics":["Ring of the Snake","Ancient Tea Set"],"acts_visited":["Exordium"],"potions_floor_usage":[6,6,8],"damage_taken":[{"damage":6,"enemies":"2 Louse","floor":1,"turns":5},{"damage":4,"enemies":"Small Slimes","floor":2,"turns":5},{"damage":4,"enemies":"Cultist","floor":3,"turns":4},{"damage":9,"enemies":"Looter","floor":4,"turns":5},{"damage":5,"enemies":"Exordium Wildlife","floor":5,"turns":4},{"damage":26,"enemies":"Gremlin Nob","floor":6,"turns":6},{"damage":29,"enemies":"3 Sentries","floor":8,"turns":7}],"seed_played":"-950104867576402680","potions_obtained":[{"floor":1,"key":"EssenceOfSteel"},{"floor":4,"key":"Dexterity Potion"},{"floor":6,"key":"Poison Potion"}],"is_trial":false,"path_per_floor":["M","M","M","M","M","E","R","E"],"character_chosen":"THE_SILENT","items_purchased":[],"campfire_rested":1,"item_purchase_floors":[],"current_hp_per_floor":[53,49,45,36,31,5,24,0,0],"gold":195,"neow_bonus":"RANDOM_COLORLESS","is_daily":false,"chose_seed":false,"campfire_upgraded":0,"win_rate":0.0,"timestamp":1608506950,"path_taken":["M","M","M","M","M","E","R","E"],"items_purchased_type":[],"build_version":"2020-12-13","purchased_purges":0,"victory":false,"max_hp_per_floor":[66,66,66,66,66,66,66,66,66],"card_choices":[{"not_picked":["Deep Breath","Enlightenment"],"picked":"Trip","floor":0},{"not_picked":["Tactician","Catalyst"],"picked":"PiercingWail","floor":1},{"not_picked":["Underhanded Strike","Concentrate"],"picked":"Footwork","floor":2},{"not_picked":["Escape Plan","Leg Sweep"],"picked":"Dagger Spray","floor":3},{"not_picked":["Bouncing Flask","Masterful Stab"],"picked":"Backflip","floor":4},{"not_picked":["Deadly Poison","Outmaneuver"],"picked":"Infinite Blades","floor":5},{"not_picked":["Flying Knee","Deadly Poison"],"picked":"Blade Dance","floor":6}],"player_experience":1841736,"relics_obtained":[{"floor":6,"key":"Ancient Tea Set"}],"event_choices":[],"is_beta":false,"boss_relics":[],"items_purged_floors":[],"is_endless":false,"potions_floor_spawned":[1,4,6],"killed_by":"3 Sentries","ascension_level":20}}