{"host":"nn0usk9aafse27ii","time":1608441893,"event":{"mods":["BaseMod","Colored Map","Highlight Path","Minty Spire (QoL Compilation)","Shop Mod","StSLib"],"gold_per_floor":[114,289,64,79,94,94,137,137,137,152,182,31,61,76,76,176,176,191,10,25,40,55,55,85,184,184,214,229,229,259,274,274,374,374,389,404,404,404,419,419,449,464,464,494,494,94,124,139,139,139],"floor_reached":51,"playtime":4701,"items_purged":["Doubt","Clash","Iron Wave"],"score":957,"play_id":"9f6cb764-584c-46c3-b09f-043da469c8fe","local_time":"20201219212453","daily_mods":["Draft","Uncertain Future","Elite Swarm"],"is_ascension_mode":false,"campfire_choices":[{"data":"Armaments","floor":6.0,"key":"SMITH"},{"data":"Body Slam","floor":8.0,"key":"SMITH"},{"data":"Barricade","floor":15.0,"key":"SMITH"},{"data":"Seeing Red","floor":23.0,"key":"SMITH"},{"floor":29.0,"key":"REST"},{"floor":32.0,"key":"REST"},{"data":"Entrench","floor":40.0,"key":"SMITH"},{"data":"Whirlwind","floor":49,"key":"SMITH"}],"circlet_count":0,"master_deck":["Body Slam+1","Shrug It Off","Combust","Power Through+1","Thunderclap","Power Through","Evolve","Pummel","Shockwave+1","Whirlwind+1","Battle Trance","Ghostly Armor","Armaments+1","Iron Wave","Shrug It Off","Power Through","Armaments","Barricade+1","Entrench+1","Fire Breathing","Berserk","Metallicize","Juggernaut","Iron Wave+1","Good Instincts","Rupture","Impervious","Metallicize","Offering","Armaments+1","Impervious","Intimidate"],"relics":["Burning Blood","ClockworkSouvenir","Calipers","Incense Burner","Vajra","Bottled Flame","SlaversCollar","Potion Belt","Shuriken","War Paint","Oddly Smooth Stone","Black Star","White Beast Statue","InkBottle","Frozen Egg 2","Turnip","Bird Faced Urn","Happy Flower","The Courier","StoneCalendar"],"acts_visited":["Exordium","TheCity","TheBeyond"],"potions_floor_usage":[48,50,50,50,50],"damage_taken":[{"damage":1.0,"enemies":"Small Slimes","floor":1.0,"turns":3.0},{"damage":1.0,"enemies":"2 Louse","floor":4.0,"turns":2.0},{"damage":8.0,"enemies":"Jaw Worm","floor":5.0,"turns":3.0},{"damage":3.0,"enemies":"Lagavulin Event","floor":7.0,"turns":6.0},{"damage":12.0,"enemies":"Gremlin Gang","floor":10.0,"turns":5.0},{"damage":4.0,"enemies":"Gremlin Nob","floor":11.0,"turns":4.0},{"damage":1.0,"enemies":"3 Sentries","floor":13.0,"turns":6.0},{"damage":0.0,"enemies":"Blue Slaver","floor":14.0,"turns":3.0},{"damage":0.0,"enemies":"Slime Boss","floor":16.0,"turns":6.0},{"damage":6.0,"enemies":"Spheric Guardian","floor":18.0,"turns":4.0},{"damage":8.0,"enemies":"2 Thieves","floor":20.0,"turns":4.0},{"damage":19.0,"enemies":"Snake Plant","floor":21.0,"turns":6.0},{"damage":3.0,"enemies":"Centurion and Healer","floor":22.0,"turns":8.0},{"damage":38.0,"enemies":"Slavers","floor":24.0,"turns":6.0},{"damage":1.0,"enemies":"Gremlin Leader","floor":27.0,"turns":6.0},{"damage":30.0,"enemies":"3 Cultists","floor":28.0,"turns":7.0},{"damage":31.0,"enemies":"Slavers","floor":30.0,"turns":7.0},{"damage":4.0,"enemies":"Sentry and Sphere","floor":31.0,"turns":6.0},{"damage":19.0,"enemies":"Champ","floor":33.0,"turns":8.0},{"damage":18.0,"enemies":"3 Shapes","floor":35.0,"turns":6.0},{"damage":17.0,"enemies":"Orb Walker","floor":36.0,"turns":6.0},{"damage":12.0,"enemies":"4 Shapes","floor":39.0,"turns":6.0},{"damage":13.0,"enemies":"Giant Head","floor":41.0,"turns":8.0},{"damage":6.0,"enemies":"Maw","floor":42.0,"turns":8.0},{"damage":6.0,"enemies":"Reptomancer","floor":44.0,"turns":6.0},{"damage":3,"enemies":"Giant Head","floor":47,"turns":6},{"damage":22,"enemies":"Spire Growth","floor":48,"turns":7},{"damage":47,"enemies":"Awakened One","floor":50,"turns":9}],"seed_played":"-2908382401684788831","potions_obtained":[{"floor":4.0,"key":"Explosive Potion"},{"floor":10.0,"key":"SmokeBomb"},{"floor":13.0,"key":"Swift Potion"},{"floor":14.0,"key":"Explosive Potion"},{"floor":20.0,"key":"ElixirPotion"},{"floor":21.0,"key":"FairyPotion"},{"floor":30.0,"key":"BloodPotion"},{"floor":33.0,"key":"EssenceOfSteel"},{"floor":41.0,"key":"ElixirPotion"},{"floor":42.0,"key":"Weak Potion"},{"floor":44.0,"key":"BlessingOfTheForge"},{"floor":47,"key":"Strength Potion"},{"floor":48,"key":"SteroidPotion"}],"is_trial":false,"path_per_floor":["M","?","$","M","M","R","?","R","T","M","E","$","E","M","R","B",null,"M","$","M","M","M","R","E","?","T","E","M","R","E","M","R","B",null,"M","M","?","?","M","R","E","M","T","E","?","$","E","M","R","B",null],"character_chosen":"IRONCLAD","items_purchased":["ClockworkSouvenir","Entrench","Fire Breathing","Good Instincts","Regen Potion","Happy Flower","BloodPotion"],"campfire_rested":2,"item_purchase_floors":[3,12,12,19,46,46,46],"current_hp_per_floor":[80,80,80,80,78,78,80,80,80,74,76,76,80,80,80,80,80,80,80,78,65,68,68,36,36,36,41,17,41,16,34,58,45,80,68,57,57,57,51,51,44,44,44,44,44,44,65,79,79,71],"gold":139,"neow_bonus":"","is_daily":true,"chose_seed":false,"campfire_upgraded":6,"win_rate":0.0,"timestamp":1608441893,"path_taken":["M","?","$","M","M","R","?","R","T","M","E","?","E","M","R","BOSS","M","$","?","?","M","R","E","?","T","E","M","R","E","M","R","BOSS","M","M","?","?","M","R","E","M","T","E","?","$","E","M","R","BOSS"],"items_purchased_type":["Relic","Card","Card","Card","Potion","Relic","Potion"],"build_version":"2020-12-13","purchased_purges":3,"victory":true,"max_hp_per_floor":[80,80,80,80,80,80,80,80,80,80,80,80,80,80,80,80,80,80,80,80,80,80,80,80,80,80,80,80,80,80,80,80,80,80,80,80,80,80,80,80,80,80,80,80,80,80,80,80,80,80],"card_choices":[{"not_picked":["Havoc","Sword Boomerang"],"picked":"Body Slam","floor":0.0},{"not_picked":["Sword Boomerang","Havoc"],"picked":"Shrug It Off","floor":0.0},{"not_picked":["Rampage","Flex"],"picked":"Combust","floor":0.0},{"not_picked":["Cleave","Sword Boomerang"],"picked":"Power Through","floor":0.0},{"not_picked":["Flex","Wild Strike"],"picked":"Thunderclap","floor":0.0},{"not_picked":["Clash","Cleave"],"picked":"Iron Wave","floor":0.0},{"not_picked":["Clothesline","Thunderclap"],"picked":"Power Through","floor":0.0},{"not_picked":["Cleave","Pommel Strike"],"picked":"Evolve","floor":0.0},{"not_picked":["Twin Strike","Headbutt"],"picked":"Clash","floor":0.0},{"not_picked":["Headbutt","Pommel Strike"],"picked":"Pummel","floor":0.0},{"not_picked":["Sword Boomerang","Warcry"],"picked":"Shockwave","floor":0.0},{"not_picked":["Blood for Blood","Clash"],"picked":"Whirlwind","floor":0.0},{"not_picked":["Power Through","Clothesline"],"picked":"Battle Trance","floor":0.0},{"not_picked":["Shrug It Off","Armaments"],"picked":"Ghostly Armor","floor":0.0},{"not_picked":["Warcry","Pommel Strike"],"picked":"Armaments","floor":0.0},{"not_picked":["Blood for Blood","Anger"],"picked":"Iron Wave","floor":1.0},{"not_picked":["Blood for Blood","Sword Boomerang","Cleave"],"picked":"SKIP","floor":4.0},{"not_picked":["Sentinel","Clothesline"],"picked":"Shrug It Off","floor":5.0},{"not_picked":["Pommel Strike","Anger"],"picked":"Power Through","floor":7.0},{"not_picked":["Sentinel","Perfected Strike"],"picked":"Armaments","floor":10.0},{"not_picked":["Double Tap","Berserk"],"picked":"Barricade","floor":11.0},{"not_picked":["Immolate","Feed"],"picked":"Berserk","floor":13.0},{"not_picked":["Uppercut","Sword Boomerang"],"picked":"Metallicize","floor":14.0},{"not_picked":["Barricade","Demon Form"],"picked":"Juggernaut","floor":16.0},{"not_picked":["Perfected Strike+1","Sever Soul+1"],"picked":"Iron Wave+1","floor":18.0},{"not_picked":["Clothesline","Hemokinesis"],"picked":"Rupture","floor":20.0},{"not_picked":["Wild Strike","Pommel Strike"],"picked":"Seeing Red","floor":21.0},{"not_picked":["Flex","Shrug It Off+1","Evolve"],"picked":"SKIP","floor":22.0},{"not_picked":["Reaper","Demon Form","Double Tap"],"picked":"SKIP","floor":24.0},{"not_picked":["Limit Break","Berserk"],"picked":"Impervious","floor":27.0},{"not_picked":["Headbutt+1","Rupture","Wild Strike"],"picked":"SKIP","floor":28.0},{"not_picked":["Double Tap","Berserk","Corruption"],"picked":"SKIP","floor":30.0},{"not_picked":["Iron Wave","Pommel Strike"],"picked":"Metallicize","floor":31.0},{"not_picked":["Demon Form","Corruption"],"picked":"Offering","floor":33.0},{"not_picked":["Disarm+1","Cleave+1"],"picked":"Armaments+1","floor":35.0},{"not_picked":["Clothesline+1","Evolve+1","Sever Soul+1"],"picked":"SKIP","floor":36.0},{"not_picked":["Rupture","Clothesline","Blood for Blood"],"picked":"SKIP","floor":39.0},{"not_picked":["Brutality","Fiend Fire","Bludgeon"],"picked":"SKIP","floor":41.0},{"not_picked":["Perfected Strike","Cleave","Battle Trance+1"],"picked":"SKIP","floor":42.0},{"not_picked":["Brutality+1","Barricade+1","Limit Break"],"picked":"SKIP","floor":44.0},{"not_picked":["Juggernaut+1","Reaper"],"picked":"Impervious","floor":47},{"not_picked":["Disarm+1","Twin Strike+1"],"picked":"Intimidate","floor":48}],"player_experience":327688,"relics_obtained":[{"floor":7.0,"key":"Calipers"},{"floor":9.0,"key":"Incense Burner"},{"floor":11.0,"key":"Vajra"},{"floor":13.0,"key":"Bottled Flame"},{"floor":24.0,"key":"Potion Belt"},{"floor":26.0,"key":"Shuriken"},{"floor":27.0,"key":"War Paint"},{"floor":30.0,"key":"Oddly Smooth Stone"},{"floor":41.0,"key":"White Beast Statue"},{"floor":41.0,"key":"InkBottle"},{"floor":43.0,"key":"Frozen Egg 2"},{"floor":44.0,"key":"Turnip"},{"floor":44.0,"key":"Bird Faced Urn"},{"floor":47,"key":"The Courier"},{"floor":47,"key":"StoneCalendar"}],"event_choices":[{"damage_healed":0.0,"max_hp_gain":0.0,"max_hp_loss":0.0,"gold_gain":175.0,"event_name":"Liars Game","player_choice":"AGREE","floor":2.0,"gold_loss":0.0,"damage_taken":0.0,"cards_obtained":["Doubt"]},{"damage_healed":0.0,"max_hp_gain":0.0,"max_hp_loss":0.0,"gold_gain":0.0,"event_name":"Dead Adventurer","player_choice":"Searched \u00272\u0027 times","floor":7.0,"gold_loss":0.0,"damage_taken":0.0},{"damage_healed":0.0,"max_hp_gain":0.0,"max_hp_loss":0.0,"gold_gain":99.0,"event_name":"Nest","player_choice":"Stole From Cult","floor":25.0,"gold_loss":0.0,"damage_taken":0.0},{"cards_removed":["Seeing Red"],"damage_healed":0.0,"max_hp_gain":0.0,"max_hp_loss":0.0,"gold_gain":0.0,"event_name":"Falling","player_choice":"Removed Skill","floor":37.0,"gold_loss":0.0,"damage_taken":0.0},{"damage_healed":0.0,"max_hp_gain":0.0,"max_hp_loss":0.0,"gold_gain":0.0,"event_name":"Tomb of Lord Red Mask","player_choice":"Ignored","floor":38.0,"gold_loss":0.0,"damage_taken":0.0},{"damage_healed":0.0,"max_hp_gain":0.0,"max_hp_loss":0.0,"gold_gain":0.0,"event_name":"Mysterious Sphere","player_choice":"Ignored","floor":45.0,"gold_loss":0.0,"damage_taken":0.0}],"is_beta":false,"boss_relics":[{"not_picked":["Snecko Eye","Velvet Choker"],"picked":"SlaversCollar"},{"not_picked":["Black Blood","Calling Bell"],"picked":"Black Star"}],"items_purged_floors":[3,19,46],"is_endless":false,"potions_floor_spawned":[4,10,13,14,20,21,30,33,41,42,44,47,48],"ascension_level":0}}