{"host":"yplokfwlx8kpnt0a","time":1608446457,"event":{"mods":["2.2 Compatiblity","AchievementEnabler","Act Like it!","Aspiration","Astrologer","BaseMod","Beaked The Cultist","Better Altar","Better Match","Better Note","Better Sensory Stone","Better Skull","Better Synergies","Better Third Choice","BetterRewards","CCEM","ChefMod","Colored Powertips","Curses Come First","Downfall","Elementarium","Emptier Cage","Friendly Minions","Gensokyo","Googly Eyes","Hallownest","Hermit","Highlight Path","Hubris","Infinite Spire","JesterMod","Lobotomy","Menagerie","Mimic Mod","Minty Spire (QoL Compilation)","RNG Fix","Random Character Button","Rare Cards Sparkle","Relic Sorter","Replay The Spire","Retaliation","Robot Space Explorer","Shop Mod","Spicy Shops","Spikes Relics","StSLib","The Blue Laboratory","The Bug Knight","The Construct","The Cursed","The Forsaken","The Mystic","The Runesmith","TheVacant","Transform Curses","Wandering Minibosses"],"gold_per_floor":[99,117,117,137,169,188,188,204,237,27,40,56,156,156,168,269,269,269,269,269,269,269],"floor_reached":21,"playtime":8225,"items_purged":[],"score":198,"play_id":"394e8e18-7cdc-47e9-82d3-b0286ffc4027","local_time":"20201219234057","is_ascension_mode":true,"campfire_choices":[{"floor":3,"key":"RECALL"},{"floor":18,"key":"DIG"}],"circlet_count":0,"master_deck":["champ:Strike","champ:Strike","champ:Strike","champ:Defend","champ:Defend","champ:Defend","champ:Defend","champ:Execute","champ:Taunt","champ:Control","champ:Backstep","champ:FlashCut","champ:ArenaPreparation","champ:FanOfKnives","champ:BringItOn","champ:Aggression","champ:Backstep","champ:FlashCut","champ:StanceDance","champ:Encircle","champ:RapidStrikes","champ:LastStand"],"relics":["champ:ChampionCrown","CCEMRelics:Francisca","hubris:Spice","MerchantsRug","Mirror","WristBlade","CCEMRelics:TransientCore","CCEMRelics:Pendulum","hubris:Towel"],"acts_visited":["Exordium","Hallownest:CityofTears"],"potions_floor_usage":[16,16,21],"damage_taken":[{"damage":0,"enemies":"Small Slimes","floor":2,"turns":3},{"damage":5,"enemies":"Jaw Worm","floor":4,"turns":3},{"damage":29,"enemies":"3 Sentries","floor":5,"turns":11},{"damage":0,"enemies":"2 Louse","floor":6,"turns":1},{"damage":16,"enemies":"Lots of Slimes","floor":8,"turns":3},{"damage":23,"enemies":"Replay:BlueRogue","floor":9,"turns":4},{"damage":25,"enemies":"downfall:FleeingMerchant","floor":10,"turns":5},{"damage":0,"enemies":"2 Fungi Beasts","floor":11,"turns":2},{"damage":10,"enemies":"3 Louse","floor":12,"turns":2},{"damage":14,"enemies":"3 Louse","floor":13,"turns":4},{"damage":0,"enemies":"Red Slaver","floor":15,"turns":2},{"damage":43,"enemies":"downfall:Defect","floor":16,"turns":4},{"damage":25,"enemies":"Nightmare","floor":21,"turns":7}],"seed_played":"5680877377701607574","potions_obtained":[{"floor":6,"key":"Death Potion"},{"floor":9,"key":"blueLaboratory:HummingbirdPotion"},{"floor":13,"key":"Strength Potion"},{"floor":14,"key":"blueLaboratory:PolymorphPotion"},{"floor":14,"key":"Elixir"},{"floor":16,"key":"Dexterity Potion"}],"is_trial":false,"path_per_floor":["R","M","R","M","E","M","T","M","E","$","M","M","?","?","M","B",null,"R","?","?","NM"],"character_chosen":"THE_CHAMP","items_purchased":["MerchantsRug","Mirror"],"campfire_rested":0,"item_purchase_floors":[10,10],"current_hp_per_floor":[81,81,81,81,65,65,65,62,67,67,67,67,64,64,64,63,89,89,89,14,0,0],"gold":269,"neow_bonus":"ONE_RARE_RELIC","is_daily":false,"chose_seed":false,"campfire_upgraded":0,"win_rate":0.0,"timestamp":1608446457,"path_taken":["R","M","R","M","E","M","T","M","E","$","M","M","?","?","M","BOSS","R","?","?","NM"],"items_purchased_type":["Relic","Relic"],"build_version":"2020-12-13","purchased_purges":0,"victory":false,"max_hp_per_floor":[81,81,81,81,81,81,81,81,89,89,89,89,89,89,89,89,89,89,89,89,88,88],"card_choices":[{"not_picked":["champ:BringItOn","champ:BladeFlurry"],"picked":"champ:Backstep","floor":2},{"not_picked":["champ:BringItOn","champ:BerserkersShout"],"picked":"champ:FlashCut","floor":4},{"not_picked":["champ:Backstep","champ:GladiatorsShout"],"picked":"champ:ArenaPreparation","floor":5},{"not_picked":["champ:DeathBlow","champ:BladeFlurry"],"picked":"champ:FanOfKnives","floor":6},{"not_picked":["champ:GladiatorsShout","champ:FlashCut"],"picked":"champ:BringItOn","floor":8},{"not_picked":["champ:PreciseThrust","champ:PerfectedStrike"],"picked":"champ:Aggression","floor":9},{"not_picked":["champ:BerserkerStyle","champ:CrownThrow"],"picked":"champ:Backstep","floor":10},{"not_picked":["champ:PreciseThrust","champ:DefensiveShout"],"picked":"champ:FlashCut","floor":11},{"not_picked":["champ:CrookedStrike","champ:BladeFlurry"],"picked":"champ:StanceDance","floor":12},{"not_picked":["champ:Backstep","champ:FlashCut"],"picked":"champ:Encircle","floor":13},{"not_picked":["champ:PerfectedStrike","champ:Circumvent"],"picked":"champ:RapidStrikes","floor":15},{"not_picked":["champ:HeavySlash","champ:SteelEdge"],"picked":"champ:LastStand","floor":16}],"player_experience":570573,"relics_obtained":[{"floor":5,"key":"Replay:Mystery Machine"},{"floor":9,"key":"hubris:Spice"},{"floor":13,"key":"WristBlade"},{"floor":18,"key":"CCEMRelics:Pendulum"}],"event_choices":[{"damage_healed":0,"gold_gain":0,"player_choice":"Got Potions","damage_taken":0,"max_hp_gain":0,"max_hp_loss":0,"event_name":"Lab","floor":14,"gold_loss":0}],"is_beta":false,"boss_relics":[{"not_picked":["hubris:Spice","aspiration:RitualDagger"],"picked":"CCEMRelics:TransientCore"}],"items_purged_floors":[],"is_endless":false,"potions_floor_spawned":[6,9,13,15,16],"killed_by":"Nightmare","ascension_level":1}}