{"host":"2461dio7vetlq1z3","time":1608424159,"event":{"mods":["2.2 Compatiblity","AchievementEnabler","BaseMod","Better Third Choice","Hermit","Marisa????????","Minty Spire (QoL Compilation)","Relic Stats","Spicy Shops","StSLib","Waifu the Spire"],"gold_per_floor":[116,16,30,41,55,86,98,98,124,124,199,227,227,246,246,348,348,358,369,381,391,406,406,37,52,52,52,52,2,2,27,27,124,124,155,1154,1215,1215,495,566,566,566,566,353,387,422,440,158,158,165],"floor_reached":51,"playtime":2562,"items_purged":["Strike_R","Normality","Normality","Normality","Normality","Shame"],"score":1214,"play_id":"a2696e6a-ed97-4dd3-a7d6-c99e5879ea11","local_time":"20201220012919","daily_mods":["Chimera","Vintage","Terminal"],"is_ascension_mode":true,"campfire_choices":[{"data":"hermit:Adapt","floor":8,"key":"SMITH"},{"data":"Bash","floor":10,"key":"SMITH"},{"data":"hermit:Brawl","floor":13,"key":"SMITH"},{"data":"hermit:Ricochet","floor":15,"key":"SMITH"},{"floor":23,"key":"REST"},{"data":"hermit:FatalDesire","floor":30,"key":"SMITH"},{"data":"Bite","floor":32,"key":"SMITH"},{"floor":41,"key":"REST"},{"floor":49,"key":"REST"}],"circlet_count":0,"master_deck":["Bash+1","Survivor+1","Eruption+1","Defend_G","Defend_P","hermit:Ricochet+1","hermit:Determination","hermit:Adapt+1","hermit:Brawl+1","hermit:FatalDesire+1","hermit:FromBeyond+1","Master of Strategy","Bite+1","Bite","Bite","Bite","Bite","hermit:TakeAim","hermit:Quickdraw","hermit:DeadOrAlive+1","hermit:Determination","hermit:Scavenge+1","hermit:GhostlyPresence+1","hermit:Deadeye+1","hermit:SprayPray+1","Chrysalis","hermit:Brawl+1","hermit:Adapt+1","hermit:Determination+1"],"relics":["hermit:Momento","Shuriken","Bag of Marbles","Bag of Preparation","Matryoshka","Gremlin Horn","Bronze Scales","Oddly Smooth Stone","Smiling Mask","Ginger","Cursed Key","Ice Cream","Calipers","PreservedInsect","Boot","Kunai","Membership Card","Lantern","Whetstone","War Paint","Molten Egg 2","Fusion Hammer","Ornamental Fan","CatCart","Eternal Feather","Orrery","OrangePellets","Frozen Egg 2","MealTicket","Strawberry","Blue Candle","DollysMirror","Akabeko","CaptainsWheel","Singing Bowl","Pear","Happy Flower"],"acts_visited":["Exordium","TheCity","TheBeyond"],"potions_floor_usage":[6,7,16,21,25,50,50,50,50,50],"damage_taken":[{"damage":5,"enemies":"Small Slimes","floor":1,"turns":5},{"damage":0,"enemies":"2 Louse","floor":3,"turns":3},{"damage":0,"enemies":"Cultist","floor":4,"turns":3},{"damage":10,"enemies":"Gremlin Gang","floor":5,"turns":5},{"damage":16,"enemies":"Lagavulin","floor":6,"turns":5},{"damage":0,"enemies":"2 Fungi Beasts","floor":7,"turns":3},{"damage":6,"enemies":"Gremlin Nob","floor":12,"turns":3},{"damage":11,"enemies":"3 Louse","floor":14,"turns":3},{"damage":0,"enemies":"Hexaghost","floor":16,"turns":6},{"damage":15,"enemies":"2 Thieves","floor":18,"turns":5},{"damage":7,"enemies":"Spheric Guardian","floor":19,"turns":4},{"damage":12,"enemies":"Snecko","floor":20,"turns":5},{"damage":6,"enemies":"Sentry and Sphere","floor":21,"turns":4},{"damage":5,"enemies":"Snake Plant","floor":22,"turns":4},{"damage":0,"enemies":"Snecko","floor":25,"turns":2},{"damage":2,"enemies":"Slavers","floor":31,"turns":4},{"damage":30,"enemies":"Collector","floor":33,"turns":6},{"damage":1,"enemies":"Orb Walker","floor":35,"turns":4},{"damage":1,"enemies":"Orin","floor":37,"turns":5},{"damage":0,"enemies":"Giant Head","floor":40,"turns":6},{"damage":0,"enemies":"3 Shapes","floor":45,"turns":5},{"damage":8,"enemies":"Nemesis","floor":46,"turns":5},{"damage":5,"enemies":"Writhing Mass","floor":47,"turns":5},{"damage":21,"enemies":"Awakened One","floor":50,"turns":10}],"seed_played":"-5480046664662781264","potions_obtained":[{"floor":4,"key":"Fire Potion"},{"floor":5,"key":"SteroidPotion"},{"floor":12,"key":"hermit:BlackBile"},{"floor":16,"key":"ColorlessPotion"},{"floor":18,"key":"Energy Potion"},{"floor":19,"key":"ColorlessPotion"},{"floor":22,"key":"DuplicationPotion"},{"floor":31,"key":"EntropicBrew"}],"is_trial":true,"path_per_floor":["M","$","M","M","M","E","M","R","T","R","?","E","R","M","R","B",null,"M","M","M","M","M","R","$","M","T","?","?","$","R","E","R","B",null,"M","?","?","T","$","E","R","?","T","$","M","E","M","$","R","B",null],"character_chosen":"HERMIT","items_purchased":["hermit:Ricochet","hermit:Determination","Membership Card","hermit:FromBeyond","Master of Strategy","hermit:Determination","Orrery","Chrysalis","OrangePellets","Frozen Egg 2","MealTicket","hermit:Brawl+1","DollysMirror","hermit:Determination+1","Pear","Happy Flower"],"campfire_rested":3,"item_purchase_floors":[2,2,24,24,24,39,39,39,39,39,39,44,44,48,48,48],"current_hp_per_floor":[63,63,63,63,53,37,39,39,39,39,28,24,24,15,15,17,48,35,30,20,16,13,28,28,30,30,30,30,30,30,40,40,25,37,39,38,37,36,35,41,40,39,38,37,36,28,34,43,42,40],"gold":165,"neow_bonus":"","is_daily":false,"chose_seed":false,"campfire_upgraded":6,"win_rate":0.0,"timestamp":1608424159,"path_taken":["M","$","M","M","M","E","M","R","T","R","?","E","R","M","R","BOSS","M","M","M","M","M","R","$","M","T","?","?","$","R","E","R","BOSS","M","?","?","?","$","E","R","?","T","$","M","E","?","?","R","BOSS"],"items_purchased_type":["Card","Card","Relic","Card","Card","Card","Relic","Card","Relic","Relic","Relic","Card","Relic","Card","Relic","Relic"],"build_version":"2020-12-13","purchased_purges":6,"victory":true,"max_hp_per_floor":[73,72,71,70,69,68,67,66,65,64,63,62,61,60,59,58,57,56,55,54,53,52,51,50,49,48,47,46,45,44,43,42,41,40,39,38,37,36,35,41,40,39,38,37,36,35,34,43,42,41],"relic_stats":{"Gremlin Horn":[16,16],"Singing Bowl":0,"Happy Flower":[3],"counters":[24,110],"Blue Candle":[0],"Eternal Feather":0,"PreservedInsect":243,"Bag of Preparation":[42],"Ginger":[11],"Whetstone":["Strike_B","Eruption"],"War Paint":["hermit:FromBeyond","Survivor"],"Smiling Mask":114,"Cursed Key":3,"Boot":[8],"OrangePellets":[1],"Shuriken":[21],"Ornamental Fan":[32],"Bronze Scales":[256],"MealTicket":0,"Kunai":[15],"obtain_stats":[{"Ice Cream":18,"Lantern":25,"Calipers":19,"Gremlin Horn":7,"Singing Bowl":47,"Bag of Preparation":4,"Ginger":14,"Whetstone":26,"Smiling Mask":12,"Cursed Key":17,"Boot":21,"Blood Vial":6,"Matryoshka":5,"DollysMirror":44,"Strawberry":40,"MealTicket":39,"Fusion Hammer":34,"Kunai":22,"Pear":48,"Happy Flower":48,"Blue Candle":43,"Oddly Smooth Stone":9,"Eternal Feather":38,"PreservedInsect":20,"War Paint":26,"Frozen Egg 2":39,"Akabeko":45,"OrangePellets":39,"CaptainsWheel":46,"Shuriken":1,"Ornamental Fan":35,"Bronze Scales":9,"Orrery":39,"Molten Egg 2":31,"Bag of Marbles":3,"Membership Card":24,"CatCart":37,"hermit:Momento":0},{"Ice Cream":10,"Lantern":15,"Calipers":11,"Gremlin Horn":6,"Singing Bowl":23,"Bag of Preparation":3,"Ginger":8,"Whetstone":15,"Smiling Mask":7,"Cursed Key":9,"Boot":13,"Blood Vial":5,"Matryoshka":4,"DollysMirror":20,"Strawberry":20,"MealTicket":19,"Fusion Hammer":17,"Kunai":14,"Pear":23,"Happy Flower":23,"Blue Candle":20,"Oddly Smooth Stone":6,"Eternal Feather":19,"PreservedInsect":12,"War Paint":15,"Frozen Egg 2":19,"Akabeko":21,"OrangePellets":19,"CaptainsWheel":22,"Shuriken":1,"Ornamental Fan":18,"Bronze Scales":6,"Orrery":19,"Molten Egg 2":16,"Bag of Marbles":2,"Membership Card":14,"CatCart":19,"hermit:Momento":0},{"Ice Cream":41,"Lantern":60,"Calipers":45,"Gremlin Horn":24,"Singing Bowl":100,"Bag of Preparation":11,"Ginger":30,"Whetstone":60,"Smiling Mask":27,"Cursed Key":36,"Boot":54,"Blood Vial":21,"Matryoshka":16,"DollysMirror":85,"Strawberry":85,"MealTicket":79,"Fusion Hammer":70,"Kunai":58,"Pear":100,"Happy Flower":100,"Blue Candle":85,"Oddly Smooth Stone":24,"Eternal Feather":79,"PreservedInsect":50,"War Paint":60,"Frozen Egg 2":79,"Akabeko":90,"OrangePellets":79,"CaptainsWheel":95,"Shuriken":5,"Ornamental Fan":74,"Bronze Scales":24,"Orrery":79,"Molten Egg 2":64,"Bag of Marbles":8,"Membership Card":58,"CatCart":79,"hermit:Momento":0}]},"card_choices":[{"not_picked":["hermit:Desperado","hermit:Deadeye"],"picked":"hermit:Adapt","floor":6},{"not_picked":["hermit:GhostlyPresence","hermit:Quickdraw"],"picked":"hermit:Brawl","floor":12},{"not_picked":["hermit:Purgatory","hermit:Dissolve"],"picked":"hermit:FatalDesire","floor":16},{"not_picked":["hermit:Ricochet+1","hermit:Showdown+1","hermit:Roulette+1"],"picked":"SKIP","floor":31},{"not_picked":["hermit:Ricochet+1","hermit:Showdown+1","hermit:Roulette+1"],"picked":"SKIP","floor":31},{"not_picked":["hermit:Roughhouse+1","hermit:EternalForm"],"picked":"hermit:DeadOrAlive+1","floor":33},{"not_picked":["hermit:Vantage","hermit:BigShot+1"],"picked":"hermit:Scavenge+1","floor":39},{"not_picked":["hermit:SprayPray+1","hermit:Magnum+1"],"picked":"hermit:GhostlyPresence+1","floor":39},{"not_picked":["hermit:Snipe+1","hermit:BodyArmor"],"picked":"hermit:Deadeye+1","floor":39},{"not_picked":["hermit:EternalForm","hermit:LowProfile"],"picked":"hermit:SprayPray+1","floor":39},{"not_picked":["hermit:Dive+1","hermit:Spite+1","hermit:Vantage"],"picked":"SKIP","floor":40},{"not_picked":["hermit:Glare+1","hermit:EyeOfTheStorm+1","hermit:WideOpen+1"],"picked":"SKIP","floor":46}],"player_experience":864958,"relics_obtained":[{"floor":1,"key":"Shuriken"},{"floor":3,"key":"Bag of Marbles"},{"floor":4,"key":"Bag of Preparation"},{"floor":5,"key":"Matryoshka"},{"floor":6,"key":"Blood Vial"},{"floor":7,"key":"Gremlin Horn"},{"floor":9,"key":"Bronze Scales"},{"floor":9,"key":"Oddly Smooth Stone"},{"floor":12,"key":"Smiling Mask"},{"floor":14,"key":"Ginger"},{"floor":18,"key":"Ice Cream"},{"floor":19,"key":"Calipers"},{"floor":20,"key":"PreservedInsect"},{"floor":21,"key":"Boot"},{"floor":22,"key":"Kunai"},{"floor":25,"key":"Lantern"},{"floor":26,"key":"Whetstone"},{"floor":26,"key":"War Paint"},{"floor":31,"key":"Molten Egg 2"},{"floor":35,"key":"Ornamental Fan"},{"floor":37,"key":"CatCart"},{"floor":38,"key":"Eternal Feather"},{"floor":40,"key":"Strawberry"},{"floor":43,"key":"Blue Candle"},{"floor":45,"key":"Akabeko"},{"floor":46,"key":"CaptainsWheel"},{"floor":47,"key":"Singing Bowl"}],"event_choices":[{"damage_healed":0,"gold_gain":75,"player_choice":"Gold","damage_taken":11,"max_hp_gain":1,"max_hp_loss":0,"event_name":"betterThird:BetterGoop","floor":11,"gold_loss":0},{"damage_healed":0,"gold_gain":0,"player_choice":"Became a vampire (Vial)","damage_taken":0,"max_hp_gain":0,"max_hp_loss":0,"event_name":"Vampires","floor":27,"relics_lost":["Blood Vial"],"gold_loss":0,"cards_obtained":["Bite","Bite","Bite","Bite","Bite"]},{"damage_healed":0,"gold_gain":0,"cards_transformed":["Zap","Defend_R"],"player_choice":"Became Test Subject","damage_taken":0,"max_hp_gain":0,"max_hp_loss":0,"event_name":"Drug Dealer","floor":28,"gold_loss":0,"cards_obtained":["hermit:TakeAim","hermit:Quickdraw"]},{"damage_healed":0,"gold_gain":999,"player_choice":"Gold","damage_taken":0,"max_hp_gain":0,"max_hp_loss":0,"event_name":"MindBloom","floor":36,"gold_loss":0,"cards_obtained":["Normality","Normality"]},{"damage_healed":0,"gold_gain":0,"player_choice":"Fight","damage_taken":0,"max_hp_gain":0,"max_hp_loss":0,"event_name":"OrinTheCat","floor":37,"gold_loss":0},{"damage_healed":0,"gold_gain":0,"player_choice":"Ignored","damage_taken":0,"max_hp_gain":0,"max_hp_loss":0,"event_name":"Tomb of Lord Red Mask","floor":42,"gold_loss":0}],"is_beta":false,"boss_relics":[{"not_picked":["SacredBark","hermit:ClaspedLocket"],"picked":"Cursed Key"},{"not_picked":["Sozu","Busted Crown"],"picked":"Fusion Hammer"}],"items_purged_floors":[24,29,39,44,44,48],"is_endless":false,"potions_floor_spawned":[4,5,12,16,18,19,22,31,35,45],"ascension_level":8}}