{"host":"3j2m8n0ywf988fwb","time":1608459283,"event":{"mods":["2.2 Compatiblity","Act Like it!","Aspiration","BaseMod","Beaked The Cultist","Better Altar","Better Match","Better Note","Better Sensory Stone","Better Skull","Better Third Choice","CCEM","Colored Map","Colored Powertips","Conspire","Energized Spire","GifTheSpireLib","Googly Eyes","Halation","Hallownest","Highlight Path","Hubris","Infinite Spire","Jedi Mod","Marisa????????","Marked Mod","Mimic Mod","Minty Spire (QoL Compilation)","Random Character Button","Relic Stats","Replay The Spire","Robot Space Explorer","Shop Mod","Somnambulant","StSLib","Stuff the Spire","The Bug Knight","The Hierophant","The Runesmith","TheFirefly","Unceasing Turn Reminder","everything is the same but u backflip on backflip"],"gold_per_floor":[112,62,103,103,167,216,216,216,216,216,216,141,141,175,175,295,295,378,378,395,395,463,463],"floor_reached":22,"playtime":796,"items_purged":["Sickly"],"score":218,"play_id":"8ca57283-bb8c-4ffe-888a-6e0388d7d0df","local_time":"20201220041443","is_ascension_mode":true,"campfire_choices":[{"floor":7,"key":"REST"},{"floor":11,"key":"REST"},{"floor":13,"key":"REST"},{"floor":15,"key":"REST"}],"circlet_count":0,"master_deck":["Defend_B","Defend_B","Defend_B","Zap","Dualcast+1","StuffTheSpire:LoadUp+1","conspire:SpireCoStock","jedi:BurstLightning+1","jedi:BurstFrost","Streamline+1","Mirror Shield","Reboot","jedi:locknload","Cold Snap+1"],"relics":["Cracked Core","aspiration:Nostalgia","somnambulantmod: DreamJournal","Ring of Shattering","ReplayTheSpireMod:Ring of Challenge","infinitespire:Satchel","jedi:archwizardhat","Kintsugi"],"acts_visited":["Exordium","TheCity"],"potions_floor_usage":[18,18,22],"damage_taken":[{"damage":13,"enemies":"Small Slimes","floor":1,"turns":3},{"damage":6,"enemies":"Cultist","floor":3,"turns":4},{"damage":1,"enemies":"conspire:RoseBush","floor":5,"turns":2},{"damage":40,"enemies":"Gremlin Nob","floor":6,"turns":4},{"damage":8,"enemies":"Blue Slaver","floor":14,"turns":3},{"damage":2,"enemies":"The Guardian","floor":16,"turns":11},{"damage":33,"enemies":"3 Byrds","floor":18,"turns":4},{"damage":0,"enemies":"Spheric Guardian","floor":20,"turns":2},{"damage":59,"enemies":"Chosen and Byrds","floor":22,"turns":5}],"seed_played":"-3220774869038713243","potions_obtained":[{"floor":1,"key":"Languid Potion"},{"floor":6,"key":"AttackPotion"},{"floor":14,"key":"jedi:StrikingPotion"},{"floor":20,"key":"Block Potion"}],"is_trial":false,"path_per_floor":["M","?","M","?","M","E","R","$","T","?","R","$","R","M","R","B",null,"M","?","M","?","M"],"character_chosen":"DEFECT","items_purchased":[],"campfire_rested":4,"item_purchase_floors":[],"current_hp_per_floor":[62,62,56,56,55,15,39,39,39,39,64,64,81,73,83,81,83,50,50,50,50,0,0],"gold":463,"neow_bonus":"NOSTALGIA","is_daily":false,"chose_seed":false,"campfire_upgraded":0,"win_rate":0.0,"timestamp":1608459283,"path_taken":["M","?","M","?","?","E","R","?","T","?","R","$","R","M","R","BOSS","M","?","M","?","?"],"items_purchased_type":[],"build_version":"2020-12-13","purchased_purges":1,"victory":false,"max_hp_per_floor":[75,75,75,75,75,75,77,77,77,77,79,79,81,81,83,83,83,83,83,83,83,83,83],"relic_stats":{"counters":[9,38],"obtain_stats":[{"aspiration:Nostalgia":0,"infinitespire:Satchel":6,"somnambulantmod: DreamJournal":0,"Ring of Shattering":4,"ReplayTheSpireMod:Ring of Challenge":4,"jedi:archwizardhat":9,"Kintsugi":17,"Cracked Core":0},{"aspiration:Nostalgia":0,"infinitespire:Satchel":4,"somnambulantmod: DreamJournal":0,"Ring of Shattering":2,"ReplayTheSpireMod:Ring of Challenge":2,"jedi:archwizardhat":4,"Kintsugi":6,"Cracked Core":0},{"aspiration:Nostalgia":0,"infinitespire:Satchel":13,"somnambulantmod: DreamJournal":0,"Ring of Shattering":7,"ReplayTheSpireMod:Ring of Challenge":7,"jedi:archwizardhat":13,"Kintsugi":27,"Cracked Core":0}]},"card_choices":[{"not_picked":["jedi:overflow","Lockon"],"picked":"StuffTheSpire:LoadUp","floor":1},{"not_picked":["Cold Snap","Skim"],"picked":"jedi:BurstLightning","floor":3},{"not_picked":["Leap","Hologram"],"picked":"jedi:BurstFrost","floor":5},{"not_picked":["Stack","Panic Button"],"picked":"Streamline","floor":6},{"not_picked":["Reprogram","Cold Snap"],"picked":"Mirror Shield","floor":14},{"not_picked":["Multi-Cast","hubris:DoWhile"],"picked":"Reboot","floor":16},{"not_picked":["conspire:SharedLibrary","Barrage"],"picked":"jedi:locknload","floor":18},{"not_picked":["Hello World","Streamline"],"picked":"Cold Snap+1","floor":20}],"player_experience":990135,"relics_obtained":[{"floor":4,"key":"Ring of Shattering"},{"floor":4,"key":"ReplayTheSpireMod:Ring of Challenge"},{"floor":6,"key":"infinitespire:Satchel"},{"floor":9,"key":"jedi:archwizardhat"}],"event_choices":[{"damage_healed":0,"gold_gain":0,"player_choice":"Invest 1","damage_taken":0,"max_hp_gain":0,"max_hp_loss":0,"event_name":"conspire:Investor","floor":2,"gold_loss":0},{"damage_healed":0,"gold_gain":0,"player_choice":"Forge","damage_taken":0,"max_hp_gain":0,"max_hp_loss":0,"event_name":"Accursed Blacksmith","floor":19,"gold_loss":0,"cards_upgraded":["jedi:BurstLightning"]},{"cards_removed":["Normality","hubris:Greed"],"damage_healed":0,"gold_gain":0,"player_choice":"Removed Curses","damage_taken":0,"max_hp_gain":0,"max_hp_loss":0,"event_name":"Fountain of Cleansing","floor":21,"gold_loss":0}],"is_beta":false,"boss_relics":[{"not_picked":["aspiration:MarisaSkillbook","Empty Cage"],"picked":"Kintsugi"}],"items_purged_floors":[12],"is_endless":false,"potions_floor_spawned":[1,6,14,20],"killed_by":"Chosen and Byrds","ascension_level":4}}