{"host":"3rixevx6n8b56xaj","time":1608482313,"event":{"mods":["2.2 Compatiblity","AchievementEnabler","BaseMod","Better Third Choice","Colored Map","DeckTracker","Friendly Minions","Minty Spire (QoL Compilation)","StSLib","SuperFastMode"],"gold_per_floor":[119,134,134,157,171,171,214,228,228,228,253,296,143,168,168,168,168],"floor_reached":16,"playtime":472,"items_purged":["Strike_P"],"score":139,"play_id":"75c56caf-1d39-4a72-bf03-97a96fc38fe1","local_time":"20201221013833","is_ascension_mode":false,"campfire_choices":[{"data":"Eruption","floor":6,"key":"SMITH"},{"data":"CrushJoints","floor":10,"key":"SMITH"},{"data":"Study","floor":15,"key":"SMITH"}],"circlet_count":0,"master_deck":["Strike_P","Strike_P","Strike_P","Defend_P","Defend_P","Defend_P","Defend_P","Eruption+1","Vigilance","EmptyFist","Evaluate","CrushJoints+1","Ragnarok","Study+1"],"relics":["SlaversCollar","Golden Idol","Matryoshka","Happy Flower","Letter Opener"],"acts_visited":["Exordium"],"potions_floor_usage":[7,12,12,16],"damage_taken":[{"damage":0,"enemies":"Cultist","floor":1,"turns":3},{"damage":1,"enemies":"Jaw Worm","floor":2,"turns":3},{"damage":0,"enemies":"Small Slimes","floor":4,"turns":2},{"damage":4,"enemies":"Exordium Wildlife","floor":5,"turns":5},{"damage":21,"enemies":"Gremlin Nob","floor":7,"turns":5},{"damage":1,"enemies":"Blue Slaver","floor":8,"turns":3},{"damage":6,"enemies":"Large Slime","floor":11,"turns":3},{"damage":0,"enemies":"Lagavulin","floor":12,"turns":3},{"damage":0,"enemies":"Red Slaver","floor":14,"turns":3},{"damage":21,"enemies":"The Guardian","floor":16,"turns":9}],"seed_played":"-350341281566449771","potions_obtained":[{"floor":1,"key":"Strength Potion"},{"floor":2,"key":"StancePotion"},{"floor":7,"key":"Explosive Potion"},{"floor":8,"key":"DuplicationPotion"},{"floor":12,"key":"SneckoOil"}],"is_trial":false,"path_per_floor":["M","M","?","M","M","R","E","M","T","R","M","E","$","M","R","B"],"character_chosen":"WATCHER","items_purchased":["Study"],"campfire_rested":0,"item_purchase_floors":[13],"current_hp_per_floor":[72,71,53,53,49,49,28,27,27,27,21,21,21,21,21,0,0],"gold":168,"neow_bonus":"BOSS_RELIC","is_daily":false,"chose_seed":false,"campfire_upgraded":3,"win_rate":0.0,"timestamp":1608482313,"path_taken":["M","M","?","M","M","R","E","M","T","R","M","E","$","M","R","BOSS"],"items_purchased_type":["Card"],"build_version":"2020-12-13","purchased_purges":1,"victory":false,"max_hp_per_floor":[72,72,72,72,72,72,72,72,72,72,72,72,72,72,72,72,72],"card_choices":[{"not_picked":["SashWhip","CrushJoints"],"picked":"EmptyFist","floor":1},{"not_picked":["Halt","Swivel","SashWhip"],"picked":"SKIP","floor":2},{"not_picked":["Crescendo","SashWhip"],"picked":"Evaluate","floor":4},{"not_picked":["Evaluate","DeceiveReality"],"picked":"CrushJoints","floor":5},{"not_picked":["BowlingBash","Consecrate","JustLucky"],"picked":"SKIP","floor":7},{"not_picked":["Swivel","Prostrate","FlyingSleeves"],"picked":"SKIP","floor":8},{"not_picked":["Worship","Consecrate"],"picked":"Ragnarok","floor":11},{"not_picked":["ClearTheMind","FlyingSleeves","DeceiveReality"],"picked":"SKIP","floor":12},{"not_picked":["EmptyFist","Fasting2","ClearTheMind"],"picked":"SKIP","floor":14}],"player_experience":535848,"relics_obtained":[{"floor":7,"key":"Matryoshka"},{"floor":9,"key":"Happy Flower"},{"floor":12,"key":"Letter Opener"}],"event_choices":[{"damage_healed":0,"gold_gain":0,"player_choice":"Take Damage","damage_taken":18,"relics_obtained":["Golden Idol"],"max_hp_gain":0,"max_hp_loss":0,"event_name":"Golden Idol","floor":3,"gold_loss":0}],"is_beta":false,"boss_relics":[],"items_purged_floors":[13],"is_endless":false,"potions_floor_spawned":[1,2,7,8,12],"killed_by":"The Guardian","ascension_level":0}}