{"host":"fo1pcjb7ykmk7tjo","time":1608474403,"event":{"mods":["BaseMod","Colored Map","Downfall","Hermit","Hubris","Infinite Spire","Marisa????????","Minty Spire (QoL Compilation)","Replay The Spire","StSLib","The Disciple","The Servant 0.9.4"],"gold_per_floor":[111,111,286,286,17,47,47,82,82,95,50,50,80,92,92,191,191,208,208,224,224,240,275,275,301,301,301,320,348,360,376,376,480,480,491,569,569,589,602,602,627,627,627,661,711,746,756,775,775,876,876,888,918,918,925,875,893,893,896,921,928,928,925,387,407,407,504,504,502,602,617,492,498,498,512,527,527,527,536,536,539,539,539,621,621,622,622,270,270,119,132,129,129,129,143,146,146,194,252,252,344,344,348,348,367,367,317,317,327,334,357,381,381,381,402,415,415,511,511,517,528,206,305,316,340,340,362,362,373,373,373,380,392,392,494,494,533,572,614,614,661,661,318,318,365,140,163,177,208,244,244,345,345,345,95,111,143],"floor_reached":158,"playtime":6224,"items_purged":["Doubt","Defend_G","Defend_G","Defend_G","Deadly Poison","Draining Mist+1","Parasite","infinitespire:Pacifist","Replay:Poison Smokescreen+1","Replay:Poison Smokescreen+1"],"score":6936,"play_id":"537bd827-8439-4100-b286-5dd189eb35a1","local_time":"20201220152643","is_ascension_mode":true,"campfire_choices":[{"data":"Deadly Poison","floor":7.0,"key":"SMITH"},{"floor":12.0,"key":"REST"},{"data":"infinitespire:Neurotoxin","floor":15.0,"key":"SMITH"},{"data":"infinitespire:NeuralNetwork","floor":24.0,"key":"SMITH"},{"data":"After Image","floor":27.0,"key":"SMITH"},{"data":"Toxin Wave","floor":32.0,"key":"SMITH"},{"data":"Burst","floor":40.0,"key":"SMITH"},{"data":"Blur","floor":42.0,"key":"SMITH"},{"data":"Bouncing Flask","floor":49.0,"key":"SMITH"},{"data":"Backflip","floor":58.0,"key":"SMITH"},{"data":"Secret Technique","floor":66.0,"key":"SMITH"},{"data":"infinitespire:Neurotoxin","floor":74.0,"key":"SMITH"},{"data":"Backflip","floor":78.0,"key":"SMITH"},{"floor":83.0,"key":"RECALL"},{"data":"infinitespire:FutureSight","floor":100.0,"key":"SMITH"},{"data":"infinitespire:Fortify","floor":108.0,"key":"SMITH"},{"data":"Backflip","floor":117.0,"key":"SMITH"},{"data":"ReplayTheSpireMod:Necrosis","floor":130.0,"key":"SMITH"},{"data":"Burst","floor":142.0,"key":"SMITH"}],"circlet_count":2,"master_deck":["Blur+1","Backflip+1","infinitespire:Neurotoxin+1","After Image+1","infinitespire:NeuralNetwork+1","Blur+1","Burst+1","infinitespire:Neurotoxin+1","Backflip+1","infinitespire:Neurotoxin+1","Secret Technique+1","CurseOfTheBell","infinitespire:Fortify+1","Backflip+1","ReplayTheSpireMod:Necrosis+1","infinitespire:FutureSight+1","Catalyst+1","Burst+1"],"relics":["Ring of the Snake","Replay:Towering Pillar of Hats","Snake Skull","Boot","hubris:BundleOfHerbs","PreservedInsect","Blue Doll","Sozu","hubris:TerracottaHorce","Counterbalance","Pen Nib","hubris:Spice","MealTicket","Busted Crown","Happy Flower","infinitespire:BottledMercury","Question Card","CatCart","Replay:Rubber Ducky","Replay:Drink Me","infinitespire:PuzzleCube","Odd Mushroom","Art of War","DollysMirror","Replay:Grab Bag","Philosopher\u0027s Stone","Coffee Dripper","Ring of Chaos","Calling Bell","infinitespire:Satchel","Molten Egg 2","Gambling Chip","Mummified Hand","ReplayTheSpireMod:Lightbulb","Replay:Baseball","Blood Vial","Ginger","hubris:Backtick","Mango","Circlet","Juzu Bracelet","Lizard Tail","WristBlade","Medical Kit","The Specimen","hubris:Metronome","infinitespire:EmpoweringShard","infinitespire:EvilPickle","Kintsugi","Lee\u0027s Waffle","Omamori","hubris:AstralHammer","SlaversCollar"],"acts_visited":["Exordium","TheCity","TheBeyond","Exordium","TheCity","TheBeyond","Exordium","TheCity","TheBeyond","TheEnding"],"potions_floor_usage":[],"damage_taken":[{"damage":3.0,"enemies":"Jaw Worm","floor":1.0,"turns":7.0},{"damage":18.0,"enemies":"3 Sentries","floor":6.0,"turns":16.0},{"damage":37.0,"enemies":"Gremlin Nob","floor":8.0,"turns":5.0},{"damage":0.0,"enemies":"Small Slimes","floor":10.0,"turns":2.0},{"damage":12.0,"enemies":"3 Sentries","floor":13.0,"turns":7.0},{"damage":0.0,"enemies":"2 Louse","floor":14.0,"turns":3.0},{"damage":32.0,"enemies":"Slime Boss","floor":16.0,"turns":13.0},{"damage":9.0,"enemies":"Spheric Guardian","floor":18.0,"turns":5.0},{"damage":0.0,"enemies":"Shell Parasite","floor":20.0,"turns":6.0},{"damage":0.0,"enemies":"3 Cultists","floor":22.0,"turns":7.0},{"damage":22.0,"enemies":"Slavers","floor":23.0,"turns":6.0},{"damage":0.0,"enemies":"Gremlin Leader","floor":25.0,"turns":4.0},{"damage":0.0,"enemies":"Cultist and Chosen","floor":28.0,"turns":4.0},{"damage":0.0,"enemies":"Nightmare","floor":29.0,"turns":4.0},{"damage":0.0,"enemies":"Snake Plant","floor":30.0,"turns":3.0},{"damage":0.0,"enemies":"Centurion and Healer","floor":31.0,"turns":4.0},{"damage":11.0,"enemies":"Champ","floor":33.0,"turns":8.0},{"damage":0.0,"enemies":"3 Shapes","floor":35.0,"turns":3.0},{"damage":0.0,"enemies":"Orb Walker","floor":38.0,"turns":3.0},{"damage":13.0,"enemies":"Jaw Worm Horde","floor":39.0,"turns":4.0},{"damage":6.0,"enemies":"Reptomancer","floor":41.0,"turns":4.0},{"damage":0.0,"enemies":"R_Hoarder","floor":44.0,"turns":4.0},{"damage":0.0,"enemies":"Orin","floor":45.0,"turns":7.0},{"damage":0.0,"enemies":"Nightmare","floor":46.0,"turns":4.0},{"damage":0.0,"enemies":"Transient","floor":47.0,"turns":5.0},{"damage":0.0,"enemies":"Writhing Mass","floor":48.0,"turns":3.0},{"damage":0.0,"enemies":"Donu and Deca","floor":50.0,"turns":7.0},{"damage":0.0,"enemies":"2 Louse","floor":52.0,"turns":2.0},{"damage":0.0,"enemies":"Cultist","floor":55.0,"turns":3.0},{"damage":0.0,"enemies":"Lagavulin","floor":57.0,"turns":2.0},{"damage":0.0,"enemies":"The Mushroom Lair","floor":59.0,"turns":3.0},{"damage":0.0,"enemies":"3 Sentries","floor":61.0,"turns":3.0},{"damage":0.0,"enemies":"Small Slimes","floor":62.0,"turns":2.0},{"damage":0.0,"enemies":"Gremlin Gang","floor":63.0,"turns":3.0},{"damage":0.0,"enemies":"Lagavulin","floor":65.0,"turns":2.0},{"damage":0.0,"enemies":"The Guardian","floor":67.0,"turns":2.0},{"damage":0.0,"enemies":"Chosen","floor":69.0,"turns":2.0},{"damage":0.0,"enemies":"Shell Parasite","floor":71.0,"turns":1.0},{"damage":0.0,"enemies":"Sentry and Sphere","floor":73.0,"turns":2.0},{"damage":0.0,"enemies":"Slavers","floor":75.0,"turns":2.0},{"damage":0.0,"enemies":"Snake Plant","floor":76.0,"turns":1.0},{"damage":0.0,"enemies":"Shelled Parasite and Fungi","floor":79.0,"turns":1.0},{"damage":0.0,"enemies":"Sentry and Sphere","floor":81.0,"turns":2.0},{"damage":0.0,"enemies":"Automaton","floor":84.0,"turns":2.0},{"damage":0.0,"enemies":"3 Darklings","floor":86.0,"turns":2.0},{"damage":0.0,"enemies":"Nightmare_Alpha","floor":91.0,"turns":3.0},{"damage":0.0,"enemies":"Orb Walker","floor":92.0,"turns":1.0},{"damage":0.0,"enemies":"R_Hoarder","floor":95.0,"turns":1.0},{"damage":0.0,"enemies":"Maw","floor":96.0,"turns":1.0},{"damage":0.0,"enemies":"2 Orb Walkers","floor":98.0,"turns":1.0},{"damage":2.0,"enemies":"infinitespire:Three Voidlings","floor":99.0,"turns":2.0},{"damage":0.0,"enemies":"Nightmare_Alpha","floor":99.0,"turns":3.0},{"damage":0.0,"enemies":"Time Eater","floor":101.0,"turns":2.0},{"damage":0.0,"enemies":"Jaw Worm","floor":103.0,"turns":1.0},{"damage":0.0,"enemies":"The Mushroom Lair","floor":105.0,"turns":2.0},{"damage":0.0,"enemies":"Small Slimes","floor":106.0,"turns":1.0},{"damage":0.0,"enemies":"3 Sentries","floor":109.0,"turns":2.0},{"damage":0.0,"enemies":"Cultist","floor":110.0,"turns":1.0},{"damage":0.0,"enemies":"Nightmare","floor":112.0,"turns":2.0},{"damage":0.0,"enemies":"3 Sentries","floor":115.0,"turns":2.0},{"damage":0.0,"enemies":"Blue Slaver","floor":116.0,"turns":1.0},{"damage":0.0,"enemies":"The Guardian","floor":118.0,"turns":1.0},{"damage":0.0,"enemies":"Chosen","floor":120.0,"turns":1.0},{"damage":0.0,"enemies":"3 Byrds","floor":121.0,"turns":1.0},{"damage":0.0,"enemies":"Centurion and Healer","floor":124.0,"turns":1.0},{"damage":0.0,"enemies":"Replay:Snechameleon","floor":125.0,"turns":1.0},{"damage":0.0,"enemies":"Gremlin Leader","floor":127.0,"turns":1.0},{"damage":0.0,"enemies":"Snecko","floor":129.0,"turns":1.0},{"damage":0.0,"enemies":"3 Cultists","floor":132.0,"turns":1.0},{"damage":0.0,"enemies":"Snake Plant","floor":133.0,"turns":1.0},{"damage":0.0,"enemies":"Pondfish","floor":135.0,"turns":2.0},{"damage":0.0,"enemies":"3 Shapes","floor":137.0,"turns":1.0},{"damage":0.0,"enemies":"3 Darklings","floor":138.0,"turns":1.0},{"damage":0.0,"enemies":"2 Orb Walkers","floor":139.0,"turns":1.0},{"damage":0.0,"enemies":"Jaw Worm Horde","floor":141.0,"turns":1.0},{"damage":0.0,"enemies":"R_Hoarder","floor":147.0,"turns":1.0},{"damage":0.0,"enemies":"Transient","floor":148.0,"turns":1.0},{"damage":0.0,"enemies":"Nemesis","floor":149.0,"turns":1.0},{"damage":0.0,"enemies":"Mind Bloom Boss Battle","floor":150.0,"turns":1.0},{"damage":0.0,"enemies":"infinitespire:LordOfFortification","floor":152.0,"turns":1.0},{"damage":0.0,"enemies":"Shield and Spear","floor":156.0,"turns":1.0},{"damage":0,"enemies":"The Heart","floor":157,"turns":6}],"seed_played":"4772962291740781604","potions_obtained":[{"floor":1.0,"key":"EssenceOfSteel"},{"floor":8.0,"key":"Strength Potion"},{"floor":13.0,"key":"BlessingOfTheForge"}],"is_trial":false,"path_per_floor":["M","?","?","?","$","E","R","E","T","M","$","R","E","M","R","B",null,"M","AVR","M","T","M","E","R","E","T","R","M","NM","M","M","R","B",null,"M","?","?","M","M","R","E","R","T","E","?","NM","M","M","R","B",null,"M","?","?","M","?","E","R","?","T","E","M","M","$","E","R","B",null,"M","?","M","$","M","R","E","M","T","R","M","T","M","?","R","B",null,"M","?","$","?","$","NM","M","?","T","E","M","?","?","?","R","B",null,"M","?","?","M","?","R","E","M","T","NM","?","?","E","M","R","B",null,"M","M","$","?","M","E","AVR","E","T","M","R","T","M","M","R_BF","B",null,"M","M","?","AVR","M","R","$","R","T","$","E","M","E","?","R","B",null,"R","$","E","B",null],"character_chosen":"THE_SILENT","items_purchased":["Snake Skull","Deadly Poison","Backflip","infinitespire:Neurotoxin","Backflip","DollysMirror","Secret Technique","ReplayTheSpireMod:Lightbulb","Replay:Baseball","Medical Kit","Lee\u0027s Waffle"],"campfire_rested":1,"item_purchase_floors":[5,5,11,64,64,64,64,88,90,122,143],"current_hp_per_floor":[42,42,42,65,65,47,47,10,10,10,10,31,40,40,40,8,55,46,46,46,46,46,24,24,32,40,40,40,40,40,40,40,29,72,72,53,53,53,40,40,52,52,52,52,52,52,52,52,52,52,57,57,51,51,51,51,51,51,51,51,51,51,51,51,51,51,51,43,43,43,43,43,43,43,35,35,35,35,35,35,35,35,35,35,27,27,27,27,27,27,27,27,19,19,19,19,19,19,19,19,19,33,33,33,33,33,33,33,33,33,33,33,33,33,33,33,33,33,33,33,33,33,33,33,33,33,33,33,33,33,33,33,33,33,33,33,33,33,33,30,30,30,37,37,37,37,37,37,37,37,37,37,37,37,37,37,37],"gold":143,"neow_bonus":"ONE_RARE_RELIC","is_daily":false,"chose_seed":false,"campfire_upgraded":17,"win_rate":0.0,"timestamp":1608474403,"path_taken":["M","?","?","?","$","E","R","E","T","M","?","R","E","?","R","BOSS","M","AVR","M","?","M","E","R","E","T","R","?","NM","M","M","R","BOSS","M","?","?","M","?","R","E","R","T","E","?","NM","M","M","R","BOSS","M","?","?","?","?","E","R","?","T","E","M","M","$","E","R","BOSS","M","?","M","$","M","R","E","?","T","R","M","?","M","?","R","BOSS","M","?","$","?","$","NM","?","?","T","E","?","?","?","?","R","BOSS","M","?","?","?","?","R","E","M","T","NM","?","?","E","M","R","BOSS","M","M","$","?","M","E","AVR","E","T","M","R","?","M","M","R_BF","BOSS","M","M","?","AVR","M","R","$","R","T","$","E","M","E","?","R","BOSS","R","$","E","BOSS"],"items_purchased_type":["Relic","Card","Card","Card","Card","Relic","Card","Relic","Relic","Relic","Relic"],"build_version":"2020-12-13","purchased_purges":10,"victory":true,"max_hp_per_floor":[70,70,70,70,70,70,70,70,70,70,70,70,70,70,70,70,70,70,70,70,70,70,70,70,78,86,86,86,86,86,86,86,86,86,78,78,78,78,78,78,78,78,78,78,78,78,78,78,78,78,59,59,51,51,51,51,51,51,51,51,51,51,51,51,51,51,51,43,43,43,43,43,43,43,35,35,35,35,35,35,35,35,35,35,27,27,27,27,27,27,27,27,19,19,19,19,19,19,19,19,19,33,33,33,33,33,33,33,33,33,33,33,33,33,33,33,33,33,33,33,33,33,33,33,33,33,33,33,33,33,33,33,33,33,33,33,33,33,33,30,30,30,37,37,37,37,37,37,37,37,37,37,37,37,37,37,37],"card_choices":[{"not_picked":["Sucker Punch","Expertise"],"picked":"Blur","floor":1.0},{"not_picked":["ReplayTheSpireMod:Scrap Shanks","Backstab","PiercingWail"],"picked":"SKIP","floor":6.0},{"not_picked":["Hidden Blade","Dodge and Roll"],"picked":"Toxin Wave","floor":8.0},{"not_picked":["Hidden Blade","Predator","Prepared"],"picked":"SKIP","floor":10.0},{"not_picked":["Calculated Gamble","Dodge and Roll"],"picked":"infinitespire:Neurotoxin","floor":13.0},{"not_picked":["Quick Slash","Deflect","Sucker Punch"],"picked":"SKIP","floor":14.0},{"not_picked":["Venomology","Die Die Die"],"picked":"After Image","floor":16.0},{"not_picked":["hubris:SlightOfHand","Blur"],"picked":"Dodge and Roll+1","floor":18.0},{"not_picked":["Underhanded Strike","Flechettes+1"],"picked":"Deadly Poison","floor":20.0},{"not_picked":["Flying Knee","Acrobatics"],"picked":"Replay:Poison Smokescreen+1","floor":22.0},{"not_picked":["Backstab+1","ReplayTheSpireMod:Exploit Weakness"],"picked":"Dash+1","floor":23.0},{"not_picked":["Slice","Heel Hook","Dash+1"],"picked":"SKIP","floor":25.0},{"not_picked":["Dagger Throw","Well Laid Plans+1","Tactician"],"picked":"SKIP","floor":28.0},{"not_picked":["ReplayTheSpireMod:Scrap Shanks","Blade Dance"],"picked":"Blur+1","floor":29.0},{"not_picked":["Expertise","PiercingWail+1","Dagger Throw"],"picked":"SKIP","floor":30.0},{"not_picked":["Outmaneuver","Dagger Throw"],"picked":"Draining Mist+1","floor":31.0},{"not_picked":["Wraith Form v2","Glass Knife"],"picked":"Burst","floor":33.0},{"not_picked":[],"picked":"hubris:SpiceAddiction","floor":35.0},{"not_picked":[],"picked":"Replay:Poison Smokescreen+1","floor":38.0},{"not_picked":["Quick Slash"],"picked":"SKIP","floor":39.0},{"not_picked":["Cloak And Dagger"],"picked":"SKIP","floor":41.0},{"not_picked":[],"picked":"Bouncing Flask","floor":44.0},{"not_picked":["PiercingWail+1","Sneak Up"],"picked":"SKIP","floor":46.0},{"not_picked":["Outmaneuver"],"picked":"Deadly Poison+1","floor":47.0},{"not_picked":["Quick Slash+1","Slice"],"picked":"SKIP","floor":48.0},{"not_picked":["Calculated Gamble","Distraction"],"picked":"SKIP","floor":52.0},{"not_picked":["Outmaneuver","Hidden Blade"],"picked":"SKIP","floor":55.0},{"not_picked":["Eviscerate","hubris:Sniper"],"picked":"SKIP","floor":57.0},{"not_picked":["Choke","hubris:SpiceAddiction"],"picked":"SKIP","floor":61.0},{"not_picked":["hubris:SpiceAddiction","Deflect"],"picked":"SKIP","floor":62.0},{"not_picked":["Quick Slash","ReplayTheSpireMod:Scrap Shanks"],"picked":"SKIP","floor":63.0},{"not_picked":["hubris:TrickCloak","hubris:SpiceAddiction"],"picked":"SKIP","floor":65.0},{"not_picked":["hubris:SpiceAddiction"],"picked":"Draining Mist+1","floor":69.0},{"not_picked":["Finisher+1","Poisoned Stab+1"],"picked":"SKIP","floor":71.0},{"not_picked":["Quick Slash+1","hubris:TrickCloak"],"picked":"SKIP","floor":73.0},{"not_picked":["Quick Slash+1","Grand Finale+1"],"picked":"SKIP","floor":75.0},{"not_picked":["PiercingWail","Setup+1"],"picked":"SKIP","floor":76.0},{"not_picked":["ReplayTheSpireMod:Echoes of Time","ReplayTheSpireMod:Haul"],"picked":"infinitespire:Fortify","floor":79.0},{"not_picked":["Slice+1"],"picked":"Backflip","floor":79.0},{"not_picked":["hubris:SpiceAddiction","Dagger Throw+1"],"picked":"SKIP","floor":81.0},{"not_picked":["Bullet Time"],"picked":"ReplayTheSpireMod:Necrosis","floor":84.0},{"not_picked":["Deadly Poison+1","Sucker Punch+1"],"picked":"SKIP","floor":86.0},{"not_picked":["Replay:Fractal Strike","infinitespire:Menacing"],"picked":"infinitespire:FutureSight","floor":91.0},{"not_picked":["hubris:SlightOfHand","Sucker Punch+1"],"picked":"SKIP","floor":91.0},{"not_picked":["hubris:SpiceAddiction"],"picked":"Catalyst+1","floor":92.0},{"not_picked":["hubris:SlightOfHand","Backstab+1"],"picked":"SKIP","floor":95.0},{"not_picked":["Accuracy+1","Poisoned Stab+1"],"picked":"SKIP","floor":96.0},{"not_picked":["Bouncing Flask","Hidden Blade"],"picked":"SKIP","floor":103.0},{"not_picked":["PiercingWail","Dagger Throw+1"],"picked":"SKIP","floor":106.0},{"not_picked":["Acrobatics","Hidden Blade"],"picked":"SKIP","floor":109.0},{"not_picked":["hubris:SpiceAddiction","Prepared"],"picked":"SKIP","floor":110.0},{"not_picked":["ReplayTheSpireMod:Necrosis","Finisher+1"],"picked":"SKIP","floor":112.0},{"not_picked":["hubris:SpiceAddiction","hubris:SpiceAddiction"],"picked":"SKIP","floor":115.0},{"not_picked":["Bouncing Flask","hubris:SpiceAddiction"],"picked":"SKIP","floor":116.0},{"not_picked":["hubris:SpiceAddiction","Flying Knee+1"],"picked":"SKIP","floor":120.0},{"not_picked":["hubris:SpiceAddiction","Dagger Throw+1"],"picked":"SKIP","floor":121.0},{"not_picked":["Underhanded Strike+1","Draining Mist"],"picked":"SKIP","floor":124.0},{"not_picked":["hubris:Sniper+1","hubris:SpiceAddiction"],"picked":"SKIP","floor":125.0},{"not_picked":["hubris:SpiceAddiction","Bane+1"],"picked":"SKIP","floor":127.0},{"not_picked":["ReplayTheSpireMod:Scrap Shanks","hubris:SpiceAddiction"],"picked":"SKIP","floor":129.0},{"not_picked":["Dodge and Roll+1","Calculated Gamble+1"],"picked":"SKIP","floor":132.0},{"not_picked":["A Thousand Cuts","Dagger Throw+1"],"picked":"SKIP","floor":133.0},{"not_picked":["Envenom"],"picked":"Burst","floor":135.0},{"not_picked":["Slice+1","Dodge and Roll"],"picked":"SKIP","floor":137.0},{"not_picked":["hubris:SpiceAddiction","Reflex+1"],"picked":"SKIP","floor":138.0},{"not_picked":["Dagger Throw+1","ReplayTheSpireMod:Exploit Weakness"],"picked":"SKIP","floor":141.0},{"not_picked":["hubris:SpiceAddiction","hubris:SpiceAddiction"],"picked":"SKIP","floor":147.0},{"not_picked":["Distraction","Fluid Movement+1"],"picked":"SKIP","floor":148.0},{"not_picked":["Distraction","Fluid Movement+1"],"picked":"SKIP","floor":148.0},{"not_picked":["Blur","Accuracy"],"picked":"SKIP","floor":149.0},{"not_picked":["Quick Slash+1","hubris:SpiceAddiction"],"picked":"SKIP","floor":156.0}],"player_experience":163372,"relics_obtained":[{"floor":6.0,"key":"Boot"},{"floor":8.0,"key":"hubris:BundleOfHerbs"},{"floor":9.0,"key":"PreservedInsect"},{"floor":13.0,"key":"Blue Doll"},{"floor":21.0,"key":"Counterbalance"},{"floor":23.0,"key":"Pen Nib"},{"floor":25.0,"key":"hubris:Spice"},{"floor":26.0,"key":"hubris:Spice"},{"floor":29.0,"key":"MealTicket"},{"floor":36.0,"key":"Happy Flower"},{"floor":43.0,"key":"infinitespire:BottledMercury"},{"floor":44.0,"key":"Question Card"},{"floor":45.0,"key":"CatCart"},{"floor":46.0,"key":"Replay:Rubber Ducky"},{"floor":57.0,"key":"infinitespire:PuzzleCube"},{"floor":59.0,"key":"Odd Mushroom"},{"floor":61.0,"key":"Art of War"},{"floor":68.0,"key":"infinitespire:Satchel"},{"floor":68.0,"key":"Molten Egg 2"},{"floor":68.0,"key":"hubris:Spice"},{"floor":75.0,"key":"hubris:Spice"},{"floor":77.0,"key":"Gambling Chip"},{"floor":80.0,"key":"Mummified Hand"},{"floor":91.0,"key":"Blood Vial"},{"floor":98.0,"key":"Ginger"},{"floor":105.0,"key":"Circlet"},{"floor":109.0,"key":"Juzu Bracelet"},{"floor":115.0,"key":"Lizard Tail"},{"floor":125.0,"key":"The Specimen"},{"floor":128.0,"key":"infinitespire:EmpoweringShard"},{"floor":139.0,"key":"Dead Branch"},{"floor":145.0,"key":"Omamori"},{"floor":150.0,"key":"hubris:AstralHammer"}],"event_choices":[{"damage_healed":0.0,"max_hp_gain":0.0,"max_hp_loss":0.0,"gold_gain":175.0,"event_name":"Liars Game","player_choice":"AGREE","floor":3.0,"gold_loss":0.0,"damage_taken":0.0,"cards_obtained":["Doubt"]},{"damage_healed":23.0,"max_hp_gain":0.0,"max_hp_loss":0.0,"gold_gain":0.0,"event_name":"Big Fish","player_choice":"Banana","floor":4.0,"gold_loss":0.0,"damage_taken":0.0},{"cards_removed":["Strike_G"],"damage_healed":0.0,"max_hp_gain":0.0,"max_hp_loss":0.0,"gold_gain":0.0,"event_name":"Bonfire Elementals","player_choice":"Offered Basic","floor":37.0,"gold_loss":0.0,"damage_taken":0.0},{"damage_healed":0.0,"max_hp_gain":0.0,"max_hp_loss":0.0,"gold_gain":0.0,"event_name":"OrinTheCat","player_choice":"Fight","floor":45.0,"gold_loss":0.0,"damage_taken":0.0},{"damage_healed":0.0,"max_hp_gain":0.0,"max_hp_loss":0.0,"gold_gain":30.0,"event_name":"Dead Adventurer","player_choice":"Searched \u00273\u0027 times","floor":53.0,"gold_loss":0.0,"damage_taken":0.0,"relics_obtained":["hubris:Spice"]},{"cards_removed":["Strike_G"],"damage_healed":0.0,"max_hp_gain":0.0,"max_hp_loss":0.0,"gold_gain":0.0,"event_name":"Wheel of Change","player_choice":"Card Removal","floor":54.0,"gold_loss":0.0,"damage_taken":0.0},{"cards_removed":["Defend_G"],"damage_healed":0.0,"max_hp_gain":0.0,"max_hp_loss":0.0,"gold_gain":0.0,"event_name":"The Cleric","player_choice":"Card Removal","floor":56.0,"gold_loss":50.0,"damage_taken":0.0},{"damage_healed":0.0,"max_hp_gain":0.0,"max_hp_loss":0.0,"gold_gain":0.0,"event_name":"Mushrooms","player_choice":"Fought Mushrooms","floor":59.0,"gold_loss":0.0,"damage_taken":0.0},{"damage_healed":0.0,"max_hp_gain":0.0,"max_hp_loss":0.0,"gold_gain":100.0,"event_name":"Golden Shrine","player_choice":"Pray","floor":70.0,"gold_loss":0.0,"damage_taken":0.0},{"cards_removed":["Dash"],"damage_healed":0.0,"max_hp_gain":0.0,"max_hp_loss":0.0,"gold_gain":0.0,"event_name":"Purifier","player_choice":"Purged","floor":82.0,"gold_loss":0.0,"damage_taken":0.0},{"cards_removed":["Neutralize"],"damage_healed":0.0,"max_hp_gain":0.0,"max_hp_loss":0.0,"gold_gain":0.0,"event_name":"Falling","player_choice":"Removed Attack","floor":87.0,"gold_loss":0.0,"damage_taken":0.0},{"damage_healed":0.0,"max_hp_gain":0.0,"max_hp_loss":0.0,"gold_gain":0.0,"event_name":"SecretPortal","player_choice":"Ignored","floor":89.0,"gold_loss":0.0,"damage_taken":0.0},{"cards_removed":["Bouncing Flask"],"damage_healed":0.0,"max_hp_gain":0.0,"max_hp_loss":0.0,"gold_gain":0.0,"event_name":"WeMeetAgain","player_choice":"Gave Card","floor":93.0,"gold_loss":0.0,"damage_taken":0.0,"relics_obtained":["hubris:Spice"]},{"damage_healed":0.0,"max_hp_gain":0.0,"max_hp_loss":0.0,"gold_gain":0.0,"event_name":"Tomb of Lord Red Mask","player_choice":"Ignored","floor":97.0,"gold_loss":0.0,"damage_taken":0.0},{"damage_healed":0.0,"max_hp_gain":0.0,"max_hp_loss":0.0,"gold_gain":0.0,"event_name":"Mysterious Sphere","player_choice":"Fight","floor":98.0,"gold_loss":0.0,"damage_taken":0.0},{"damage_healed":0.0,"max_hp_gain":0.0,"max_hp_loss":0.0,"gold_gain":0.0,"event_name":"Mushrooms","player_choice":"Fought Mushrooms","floor":105.0,"gold_loss":0.0,"damage_taken":0.0},{"cards_removed":["Defend_G"],"damage_healed":0.0,"max_hp_gain":0.0,"max_hp_loss":0.0,"gold_gain":0.0,"event_name":"The Cleric","player_choice":"Card Removal","floor":107.0,"gold_loss":50.0,"damage_taken":0.0},{"cards_removed":["Survivor"],"damage_healed":0.0,"max_hp_gain":0.0,"max_hp_loss":0.0,"gold_gain":0.0,"event_name":"Purifier","player_choice":"Purged","floor":113.0,"gold_loss":0.0,"damage_taken":0.0},{"damage_healed":0.0,"max_hp_gain":0.0,"max_hp_loss":0.0,"gold_gain":99.0,"event_name":"Nest","player_choice":"Stole From Cult","floor":123.0,"gold_loss":0.0,"damage_taken":0.0},{"damage_healed":0.0,"max_hp_gain":0.0,"max_hp_loss":0.0,"gold_gain":0.0,"event_name":"Transmorgrifier","player_choice":"Ignored","floor":134.0,"gold_loss":0.0,"damage_taken":0.0},{"damage_healed":0.0,"max_hp_gain":0.0,"max_hp_loss":0.0,"gold_gain":0.0,"event_name":"Mysterious Sphere","player_choice":"Fight","floor":139.0,"gold_loss":0.0,"damage_taken":0.0},{"damage_healed":0.0,"max_hp_gain":0.0,"max_hp_loss":0.0,"gold_gain":0.0,"event_name":"MindBloom","player_choice":"Fight","floor":150.0,"gold_loss":0.0,"damage_taken":0.0}],"is_beta":false,"boss_relics":[{"not_picked":["Honey Jar","Kintsugi"],"picked":"Sozu"},{"not_picked":["hubris:Spice","Replay:Wanted Poster"],"picked":"Busted Crown"},{"not_picked":["WristBlade","hubris:Spice"],"picked":"Replay:Drink Me"},{"not_picked":["hubris:Spice","Tiny House"],"picked":"Replay:Grab Bag"},{"not_picked":["Abe\u0027s Treasure","hubris:RunicObelisk"],"picked":"Philosopher\u0027s Stone"},{"not_picked":["hubris:CrackedHourglass","Runic Dome"],"picked":"Coffee Dripper"},{"not_picked":["Runic Pyramid","ReplayTheSpireMod:SealedPack"],"picked":"Ring of Chaos"},{"not_picked":["SacredBark","hubris:ScarierMask"],"picked":"Calling Bell"},{"not_picked":["hubris:Spice","hubris:Spice"],"picked":"hubris:Spice"},{"not_picked":["hubris:Spice","HoveringKite"],"picked":"hubris:Backtick"},{"not_picked":["hubris:Spice","hubris:Spice"],"picked":"WristBlade"},{"not_picked":["hubris:Spice","Astrolabe"],"picked":"Kintsugi"},{"not_picked":["Velvet Choker","hubris:Spice"],"picked":"SlaversCollar"}],"items_purged_floors":[5,64,72,88,122,126,140,143,146,155],"is_endless":true,"potions_floor_spawned":[1,8,13,18,20,25,29,30,35,39,45,48,50,57,61,62,65,69,76,81,92,96,98,99,101,103,105,115,121,125,127,129,132,138,139,148],"ascension_level":11}}