{"host":"rmsq46plbpwfbxcc","time":1608434108,"event":{"mods":["AchievementEnabler","BaseMod","Colored Map","DeckTracker","Minty Spire (QoL Compilation)","Permanent Neow","SuperFastMode"],"gold_per_floor":[109,109,120,135,149,149,166,182,207,132,152,184,184,195,195,270,270,290,271,271,271,73,107,107,124,150,150,150],"floor_reached":27,"playtime":866,"items_purged":["Defend_G","Strike_G"],"score":427,"play_id":"8d336bc5-2f8b-4aed-882e-9f704bd35582","local_time":"20201220121508","is_ascension_mode":true,"campfire_choices":[{"data":"Envenom","floor":6.0,"key":"SMITH"},{"data":"Neutralize","floor":13.0,"key":"SMITH"},{"data":"Blade Dance","floor":15.0,"key":"SMITH"},{"data":"Blade Dance","floor":24,"key":"SMITH"}],"circlet_count":0,"master_deck":["AscendersBane","Strike_G","Strike_G","Strike_G","Defend_G","Defend_G","Defend_G","Survivor","Neutralize+1","Envenom+1","Backstab","Blur","Bane","Catalyst","Cloak And Dagger","Blade Dance+1","Accuracy","Burst","Blade Dance+1","Flash of Steel"],"relics":["Ring of the Snake","Vajra","Empty Cage","Regal Pillow","Happy Flower"],"acts_visited":["Exordium","TheCity"],"potions_floor_usage":[27],"damage_taken":[{"damage":4.0,"enemies":"2 Louse","floor":1.0,"turns":3.0},{"damage":0.0,"enemies":"Cultist","floor":3.0,"turns":5.0},{"damage":0.0,"enemies":"Jaw Worm","floor":4.0,"turns":6.0},{"damage":0.0,"enemies":"Large Slime","floor":5.0,"turns":6.0},{"damage":0.0,"enemies":"Exordium Wildlife","floor":7.0,"turns":4.0},{"damage":9.0,"enemies":"Looter","floor":8.0,"turns":3.0},{"damage":1.0,"enemies":"Large Slime","floor":11.0,"turns":7.0},{"damage":3.0,"enemies":"3 Sentries","floor":12.0,"turns":8.0},{"damage":0.0,"enemies":"Blue Slaver","floor":14.0,"turns":3.0},{"damage":29.0,"enemies":"Slime Boss","floor":16.0,"turns":12.0},{"damage":10.0,"enemies":"Shell Parasite","floor":18.0,"turns":4.0},{"damage":16.0,"enemies":"2 Thieves","floor":19.0,"turns":4.0},{"damage":3,"enemies":"Gremlin Leader","floor":23,"turns":6},{"damage":7,"enemies":"3 Cultists","floor":25,"turns":5},{"damage":18,"enemies":"Book of Stabbing","floor":27,"turns":3}],"seed_played":"-6916372933023715543","potions_obtained":[{"floor":1.0,"key":"Energy Potion"},{"floor":7.0,"key":"Fire Potion"},{"floor":8.0,"key":"EssenceOfSteel"},{"floor":25,"key":"Energy Potion"}],"is_trial":false,"path_per_floor":["M","?","M","M","M","R","M","M","T","$","M","E","R","M","R","B",null,"M","M","?","?","$","E","R","M","T","E"],"character_chosen":"THE_SILENT","items_purchased":["Flash of Steel"],"campfire_rested":0,"item_purchase_floors":[22],"current_hp_per_floor":[55,51,51,51,51,51,51,42,42,42,41,38,38,38,38,9,52,42,26,26,26,26,23,23,16,16,0,0],"gold":150,"neow_bonus":"ONE_RANDOM_RARE_CARD","is_daily":false,"chose_seed":false,"campfire_upgraded":4,"win_rate":0.0,"timestamp":1608434108,"path_taken":["M","?","M","M","M","R","M","M","T","?","M","E","R","M","R","BOSS","M","M","?","?","?","E","R","M","T","E"],"items_purchased_type":["Card"],"build_version":"2020-12-13","purchased_purges":2,"victory":false,"max_hp_per_floor":[66,66,66,66,66,66,66,66,66,66,66,66,66,66,66,66,66,66,66,66,66,66,66,66,66,66,66,66],"card_choices":[{"not_picked":["Flechettes","Backflip"],"picked":"Backstab","floor":1.0},{"not_picked":["Eviscerate","Dagger Throw"],"picked":"Blur","floor":3.0},{"not_picked":["Quick Slash","Dodge and Roll","Flying Knee"],"picked":"SKIP","floor":4.0},{"not_picked":["Flying Knee","Outmaneuver"],"picked":"Bane","floor":5.0},{"not_picked":["Underhanded Strike","Quick Slash"],"picked":"Catalyst","floor":7.0},{"not_picked":["Endless Agony","Malaise"],"picked":"Cloak And Dagger","floor":8.0},{"not_picked":["Leg Sweep","Eviscerate"],"picked":"Blade Dance","floor":11.0},{"not_picked":["Blade Dance","Eviscerate","Grand Finale"],"picked":"SKIP","floor":12.0},{"not_picked":["Flechettes","Deflect"],"picked":"Accuracy","floor":14.0},{"not_picked":["Unload","Envenom"],"picked":"Burst","floor":16.0},{"not_picked":["Prepared","Blade Dance","Slice"],"picked":"SKIP","floor":18.0},{"not_picked":["Poisoned Stab","Crippling Poison"],"picked":"Blade Dance","floor":19.0},{"not_picked":["Dagger Throw","Deadly Poison","Crippling Poison"],"picked":"SKIP","floor":23},{"not_picked":["Deflect","Quick Slash+1","All Out Attack+1"],"picked":"SKIP","floor":25}],"player_experience":1335723,"relics_obtained":[{"floor":9.0,"key":"Vajra"},{"floor":23,"key":"Regal Pillow"},{"floor":26,"key":"Happy Flower"}],"event_choices":[{"damage_healed":0.0,"max_hp_gain":0.0,"max_hp_loss":0.0,"gold_gain":0.0,"event_name":"The Woman in Blue","player_choice":"Bought 0 Potions","floor":2.0,"gold_loss":0.0,"damage_taken":0.0},{"damage_healed":0.0,"max_hp_gain":0.0,"max_hp_loss":0.0,"gold_gain":0.0,"event_name":"Vampires","player_choice":"Ignored","floor":20.0,"gold_loss":0.0,"damage_taken":0.0},{"damage_healed":0.0,"max_hp_gain":0.0,"max_hp_loss":0.0,"gold_gain":0.0,"event_name":"Ghosts","player_choice":"Ignored","floor":21.0,"gold_loss":0.0,"damage_taken":0.0}],"is_beta":false,"boss_relics":[{"not_picked":["Pandora\u0027s Box","Ectoplasm"],"picked":"Empty Cage"}],"items_purged_floors":[10,22],"is_endless":false,"potions_floor_spawned":[1,7,8,11,25],"killed_by":"Book of Stabbing","ascension_level":16}}