{"host":"d8d3jqle49sogkjv","time":1608480926,"event":{"mods":["BaseMod","Colored Map","Colored Powertips","Minty Spire (QoL Compilation)","StSLib"],"gold_per_floor":[109,129,79,79,90,90,116,134,159,159,187,200,220,145,145,246,246,246,246,201,201,26,26,26,26,26,26,26,26,26,26,26,26,26,26,26,26,26,26,26,26,26,26,26,26,26,26,26,26,26,26],"floor_reached":50,"playtime":3071,"items_purged":["Strike_G","Strike_G"],"score":774,"play_id":"4c7566ae-1205-41af-be3a-fd01f3be2a9d","local_time":"20201220171526","is_ascension_mode":true,"campfire_choices":[{"data":"Neutralize","floor":6,"key":"SMITH"},{"floor":10,"key":"REST"},{"data":"Blade Dance","floor":15,"key":"SMITH"},{"floor":29,"key":"REST"},{"floor":32,"key":"REST"},{"floor":42,"key":"RECALL"},{"data":"Burst","floor":44,"key":"SMITH"},{"data":"Accuracy","floor":47,"key":"SMITH"},{"floor":49,"key":"REST"}],"circlet_count":0,"master_deck":["Defend_G","Defend_G","Survivor","Neutralize+1","Backstab","Blade Dance+1","Prepared","Escape Plan","Envenom","Accuracy+1","Accuracy","Backflip+1","Backflip","Die Die Die","Accuracy","Prepared+1","Blur","Burst+1","Storm of Steel+1","Catalyst+1","Glass Knife+1","Blade Dance","Blur+1","Infinite Blades+1","Prepared"],"relics":["Ring of the Snake","TungstenRod","Centennial Puzzle","Happy Flower","MealTicket","PreservedInsect","Ectoplasm","Red Mask","InkBottle","Bronze Scales","Torii","Astrolabe","HornCleat","Blue Candle","Omamori"],"acts_visited":["Exordium","TheCity","TheBeyond"],"potions_floor_usage":[7,8,13,20,23,23,33,50],"damage_taken":[{"damage":0,"enemies":"Small Slimes","floor":1,"turns":5},{"damage":0,"enemies":"2 Louse","floor":2,"turns":3},{"damage":10,"enemies":"Jaw Worm","floor":5,"turns":4},{"damage":18,"enemies":"Lagavulin","floor":7,"turns":9},{"damage":0,"enemies":"Exordium Thugs","floor":8,"turns":3},{"damage":19,"enemies":"Gremlin Nob","floor":11,"turns":4},{"damage":0,"enemies":"Exordium Wildlife","floor":12,"turns":3},{"damage":0,"enemies":"3 Louse","floor":13,"turns":2},{"damage":37,"enemies":"The Guardian","floor":16,"turns":18},{"damage":0,"enemies":"3 Byrds","floor":18,"turns":4},{"damage":26,"enemies":"Masked Bandits","floor":19,"turns":6},{"damage":2,"enemies":"2 Thieves","floor":20,"turns":4},{"damage":1,"enemies":"Gremlin Leader","floor":23,"turns":5},{"damage":17,"enemies":"Book of Stabbing","floor":25,"turns":4},{"damage":7,"enemies":"Slavers","floor":27,"turns":3},{"damage":0,"enemies":"Shelled Parasite and Fungi","floor":30,"turns":3},{"damage":0,"enemies":"3 Cultists","floor":31,"turns":3},{"damage":14,"enemies":"Collector","floor":33,"turns":6},{"damage":0,"enemies":"3 Shapes","floor":35,"turns":3},{"damage":8,"enemies":"3 Darklings","floor":37,"turns":3},{"damage":0,"enemies":"Giant Head","floor":40,"turns":4},{"damage":10,"enemies":"Transient","floor":41,"turns":5},{"damage":0,"enemies":"4 Shapes","floor":45,"turns":5},{"damage":11,"enemies":"Reptomancer","floor":46,"turns":4},{"damage":0,"enemies":"Spire Growth","floor":48,"turns":4},{"damage":91,"enemies":"Time Eater","floor":50,"turns":11}],"seed_played":"2595493810032110421","potions_obtained":[{"floor":1,"key":"CunningPotion"},{"floor":7,"key":"BlessingOfTheForge"},{"floor":11,"key":"FairyPotion"},{"floor":12,"key":"DistilledChaos"},{"floor":16,"key":"LiquidMemories"},{"floor":19,"key":"ColorlessPotion"},{"floor":20,"key":"Poison Potion"},{"floor":30,"key":"ColorlessPotion"},{"floor":33,"key":"AttackPotion"},{"floor":37,"key":"SmokeBomb"},{"floor":39,"key":"FearPotion"},{"floor":40,"key":"BlessingOfTheForge"}],"is_trial":false,"path_per_floor":["M","M","?","?","M","R","E","M","T","R","E","M","M","$","R","B",null,"M","?","M","?","$","E","$","E","T","E","?","R","M","M","R","B",null,"M","$","M","?","?","E","M","R","T","R","M","E","R","M","R","B"],"character_chosen":"THE_SILENT","items_purchased":["Accuracy"],"campfire_rested":4,"item_purchase_floors":[22],"current_hp_per_floor":[63,63,63,58,48,48,30,30,30,48,29,29,29,44,44,7,49,49,23,21,11,26,25,40,23,23,16,16,36,36,36,56,42,62,62,68,60,60,60,60,50,50,50,50,50,39,39,39,58,0,0],"gold":26,"neow_bonus":"ONE_RARE_RELIC","is_daily":false,"chose_seed":false,"campfire_upgraded":4,"win_rate":0.0,"timestamp":1608480926,"path_taken":["M","M","?","?","M","R","E","?","T","R","E","M","M","$","R","BOSS","M","?","M","?","$","E","?","E","T","E","?","R","?","M","R","BOSS","M","$","M","?","?","E","M","R","T","R","M","E","R","M","R","BOSS"],"items_purchased_type":["Card"],"build_version":"2020-12-13","purchased_purges":2,"victory":false,"max_hp_per_floor":[63,63,63,63,63,63,63,63,63,63,63,63,63,63,63,63,63,63,63,63,68,68,68,68,68,68,68,68,68,68,68,68,68,68,68,68,68,65,65,65,65,65,65,65,65,65,65,65,65,65,65],"card_choices":[{"not_picked":["Eviscerate","Backflip"],"picked":"Backstab","floor":1},{"not_picked":["Sucker Punch","Slice","Riddle With Holes"],"picked":"SKIP","floor":2},{"not_picked":["Outmaneuver","PiercingWail","Distraction"],"picked":"SKIP","floor":5},{"not_picked":["Escape Plan","Bouncing Flask"],"picked":"Blade Dance","floor":7},{"not_picked":["Flechettes","Dodge and Roll"],"picked":"Prepared","floor":8},{"not_picked":["Bullet Time","Dash"],"picked":"Escape Plan","floor":11},{"not_picked":["Caltrops","Reflex","Masterful Stab"],"picked":"SKIP","floor":12},{"not_picked":["Deflect","Sucker Punch","Quick Slash"],"picked":"SKIP","floor":13},{"not_picked":["Glass Knife","Phantasmal Killer"],"picked":"Envenom","floor":16},{"not_picked":["Flying Knee+1","Quick Slash","Masterful Stab"],"picked":"SKIP","floor":18},{"not_picked":["Finisher+1","Dagger Throw+1","Concentrate"],"picked":"SKIP","floor":20},{"not_picked":["Noxious Fumes","Quick Slash+1"],"picked":"Accuracy","floor":23},{"not_picked":["Bane","Setup"],"picked":"Backflip+1","floor":25},{"not_picked":["PiercingWail+1","Deflect"],"picked":"Backflip","floor":27},{"not_picked":["Slice","Flying Knee"],"picked":"Prepared+1","floor":30},{"not_picked":["Well Laid Plans","Outmaneuver"],"picked":"Blur","floor":31},{"not_picked":["Bullet Time","Adrenaline"],"picked":"Burst","floor":33},{"not_picked":["Distraction+1","Calculated Gamble","Slice"],"picked":"SKIP","floor":35},{"not_picked":["Distraction","PiercingWail+1","Calculated Gamble+1"],"picked":"SKIP","floor":37},{"not_picked":["Tools of the Trade","Concentrate+1"],"picked":"Blade Dance","floor":40},{"not_picked":["Deadly Poison+1","Underhanded Strike"],"picked":"Blur+1","floor":41},{"not_picked":["Dagger Throw+1","Skewer"],"picked":"Infinite Blades+1","floor":45},{"not_picked":["Dagger Throw+1","Night Terror"],"picked":"Prepared","floor":46},{"not_picked":["Deadly Poison+1","Crippling Poison","Bane"],"picked":"SKIP","floor":48}],"player_experience":316688,"relics_obtained":[{"floor":7,"key":"Happy Flower"},{"floor":9,"key":"MealTicket"},{"floor":11,"key":"PreservedInsect"},{"floor":19,"key":"Red Mask"},{"floor":23,"key":"InkBottle"},{"floor":25,"key":"Bronze Scales"},{"floor":27,"key":"Torii"},{"floor":40,"key":"HornCleat"},{"floor":43,"key":"Blue Candle"},{"floor":46,"key":"Omamori"}],"event_choices":[{"cards_removed":["Defend_G"],"damage_healed":0,"gold_gain":0,"player_choice":"Card Removal","damage_taken":0,"max_hp_gain":0,"max_hp_loss":0,"event_name":"The Cleric","floor":3,"gold_loss":50},{"damage_healed":0,"gold_gain":0,"player_choice":"Success","damage_taken":7,"relics_obtained":["Centennial Puzzle"],"max_hp_gain":0,"max_hp_loss":0,"event_name":"Scrap Ooze","floor":4,"gold_loss":0},{"damage_healed":0,"gold_gain":0,"player_choice":"Fought Bandits","damage_taken":0,"max_hp_gain":0,"max_hp_loss":0,"event_name":"Masked Bandits","floor":19,"gold_loss":0},{"damage_healed":0,"gold_gain":0,"player_choice":"Shed Blood","damage_taken":16,"max_hp_gain":5,"max_hp_loss":0,"event_name":"Forgotten Altar","floor":21,"gold_loss":0},{"damage_healed":0,"gold_gain":0,"cards_transformed":["Strike_G","Strike_G"],"player_choice":"Became Test Subject","damage_taken":0,"max_hp_gain":0,"max_hp_loss":0,"event_name":"Drug Dealer","floor":28,"gold_loss":0,"cards_obtained":["Die Die Die","Accuracy"]},{"damage_healed":0,"gold_gain":0,"player_choice":"Max HP","damage_taken":0,"max_hp_gain":0,"max_hp_loss":3,"event_name":"Winding Halls","floor":38,"gold_loss":0},{"damage_healed":0,"gold_gain":0,"player_choice":"Got Potions","damage_taken":0,"max_hp_gain":0,"max_hp_loss":0,"event_name":"Lab","floor":39,"gold_loss":0}],"is_beta":false,"boss_relics":[{"not_picked":["Tiny House","Sozu"],"picked":"Ectoplasm"},{"not_picked":["Velvet Choker","Snecko Eye"],"picked":"Astrolabe"}],"items_purged_floors":[14,22],"is_endless":false,"potions_floor_spawned":[1,7,11,12,16,19,20,30,33,37,40,46],"killed_by":"Time Eater","ascension_level":6}}