{"host":"fne7yx97fnz7kq05","time":1608424676,"event":{"mods":["BaseMod","Colored Map","Colored Powertips","Highlight Path","Minty Spire (QoL Compilation)","Relic Stats"],"gold_per_floor":[119,119,119,129,147,173,173,173,226,258,258,291,52,70,70,165,165,176,101,117,67,87,87,113,113,138,168,187,187,200,211,211,211,211],"floor_reached":33,"playtime":1271,"items_purged":[],"score":473,"play_id":"9b05d158-4943-4156-89c0-0b44fb54a4e8","local_time":"20201219183756","is_ascension_mode":true,"campfire_choices":[{"data":"Shrug It Off","floor":7,"key":"SMITH"},{"data":"Bash","floor":11,"key":"SMITH"},{"data":"Discovery","floor":15,"key":"SMITH"},{"data":"Pommel Strike","floor":23,"key":"SMITH"},{"data":"Shrug It Off","floor":25,"key":"SMITH"},{"floor":32,"key":"REST"}],"circlet_count":0,"master_deck":["AscendersBane","Strike_R+1","Strike_R+1","Strike_R+1","Strike_R","Defend_R","Defend_R","Defend_R","Defend_R","Bash+1","Bludgeon+1","Shrug It Off+1","Pommel Strike+1","Disarm","Pommel Strike+1","Discovery+1","Shrug It Off+1","Whirlwind+1","Decay","Pommel Strike+1"],"relics":["Burning Blood","Potion Belt","Lantern","Meat on the Bone","Nunchaku","Whetstone","SlaversCollar","Bag of Preparation","Centennial Puzzle","Strawberry"],"acts_visited":["Exordium","TheCity"],"potions_floor_usage":[6,12,27,30,32,33],"damage_taken":[{"damage":12,"enemies":"Jaw Worm","floor":1,"turns":3},{"damage":2,"enemies":"Small Slimes","floor":4,"turns":2},{"damage":0,"enemies":"Cultist","floor":5,"turns":2},{"damage":10,"enemies":"Gremlin Nob","floor":6,"turns":3},{"damage":15,"enemies":"Lagavulin","floor":10,"turns":5},{"damage":5,"enemies":"3 Sentries","floor":12,"turns":6},{"damage":0,"enemies":"Blue Slaver","floor":14,"turns":1},{"damage":30,"enemies":"The Guardian","floor":16,"turns":11},{"damage":29,"enemies":"Shell Parasite","floor":18,"turns":3},{"damage":19,"enemies":"3 Byrds","floor":20,"turns":6},{"damage":12,"enemies":"Snake Plant","floor":22,"turns":3},{"damage":33,"enemies":"Book of Stabbing","floor":24,"turns":6},{"damage":8,"enemies":"Slavers","floor":27,"turns":7},{"damage":15,"enemies":"3 Cultists","floor":28,"turns":5},{"damage":11,"enemies":"Sentry and Sphere","floor":30,"turns":3},{"damage":44,"enemies":"Shelled Parasite and Fungi","floor":31,"turns":5},{"damage":62,"enemies":"Automaton","floor":33,"turns":6}],"seed_played":"8624359850550175390","potions_obtained":[{"floor":3,"key":"BloodPotion"},{"floor":3,"key":"AttackPotion"},{"floor":6,"key":"Explosive Potion"},{"floor":12,"key":"Energy Potion"},{"floor":14,"key":"GamblersBrew"},{"floor":18,"key":"FearPotion"},{"floor":27,"key":"SteroidPotion"}],"is_trial":false,"path_per_floor":["M","?","?","M","M","E","R","?","T","E","R","E","$","M","R","B",null,"M","?","M","?","M","R","E","R","T","E","M","?","M","M","R","B"],"character_chosen":"IRONCLAD","items_purchased":["Discovery","Whetstone"],"campfire_rested":1,"item_purchase_floors":[13,13],"current_hp_per_floor":[66,52,52,56,62,58,58,58,58,49,49,50,50,56,56,44,65,54,54,53,53,47,47,32,32,32,49,52,52,47,21,59,0,0],"gold":211,"neow_bonus":"THREE_RARE_CARDS","is_daily":false,"chose_seed":false,"campfire_upgraded":5,"win_rate":0.0,"timestamp":1608424676,"path_taken":["M","?","?","?","M","E","R","?","T","E","R","E","?","M","R","BOSS","M","?","M","?","?","R","E","R","T","E","M","?","M","M","R","BOSS"],"items_purchased_type":["Card","Relic"],"build_version":"2020-12-13","purchased_purges":0,"victory":false,"max_hp_per_floor":[72,72,72,72,72,72,72,72,72,72,72,72,72,72,72,72,72,72,72,72,72,72,72,72,72,72,79,79,79,79,79,79,79,79],"relic_stats":{"Nunchaku":[9],"Centennial Puzzle":[15],"counters":[17,77],"Bag of Preparation":[10],"Whetstone":["Strike_R","Strike_R"],"obtain_stats":[{"Potion Belt":6,"SlaversCollar":17,"Lantern":9,"Nunchaku":12,"Centennial Puzzle":26,"Strawberry":27,"Bag of Preparation":24,"Whetstone":13,"Burning Blood":0,"Meat on the Bone":10},{"Potion Belt":4,"SlaversCollar":8,"Lantern":4,"Nunchaku":6,"Centennial Puzzle":12,"Strawberry":13,"Bag of Preparation":12,"Whetstone":6,"Burning Blood":0,"Meat on the Bone":5},{"Potion Belt":10,"SlaversCollar":33,"Lantern":10,"Nunchaku":21,"Centennial Puzzle":51,"Strawberry":58,"Bag of Preparation":51,"Whetstone":21,"Burning Blood":0,"Meat on the Bone":15}],"Burning Blood":96,"Meat on the Bone":84},"card_choices":[{"not_picked":["Juggernaut","Limit Break"],"picked":"Bludgeon","floor":0},{"not_picked":["Thunderclap","Heavy Blade"],"picked":"Shrug It Off","floor":1},{"not_picked":["Dropkick","Metallicize"],"picked":"Pommel Strike","floor":4},{"not_picked":["Body Slam","Power Through","Sentinel"],"picked":"SKIP","floor":5},{"not_picked":["Corruption","Reckless Charge"],"picked":"Disarm","floor":6},{"not_picked":["Pummel","Thunderclap"],"picked":"Pommel Strike","floor":10},{"not_picked":["Havoc","Iron Wave","Pummel"],"picked":"SKIP","floor":12},{"not_picked":["Seeing Red","Blood for Blood","Inflame"],"picked":"SKIP","floor":14},{"not_picked":["Body Slam+1","Bloodletting","Evolve"],"picked":"SKIP","floor":18},{"not_picked":["Thunderclap+1","Dark Embrace"],"picked":"Shrug It Off","floor":20},{"not_picked":["Rupture","Rage","Seeing Red+1"],"picked":"SKIP","floor":22},{"not_picked":["Rupture","Rage","Seeing Red+1"],"picked":"SKIP","floor":22},{"not_picked":["Body Slam+1","Wild Strike+1","Pommel Strike"],"picked":"SKIP","floor":24},{"not_picked":["True Grit+1","Cleave"],"picked":"Whirlwind+1","floor":27},{"not_picked":["Thunderclap","Flex","Cleave"],"picked":"SKIP","floor":28},{"not_picked":["Inflame","Headbutt","Bludgeon"],"picked":"SKIP","floor":30},{"not_picked":["Shrug It Off","Sentinel"],"picked":"Pommel Strike+1","floor":31}],"player_experience":52183,"relics_obtained":[{"floor":6,"key":"Potion Belt"},{"floor":9,"key":"Lantern"},{"floor":10,"key":"Meat on the Bone"},{"floor":12,"key":"Nunchaku"},{"floor":24,"key":"Bag of Preparation"},{"floor":26,"key":"Centennial Puzzle"},{"floor":27,"key":"Strawberry"}],"event_choices":[{"damage_healed":0,"gold_gain":0,"player_choice":"Entered Light","damage_taken":14,"max_hp_gain":0,"max_hp_loss":0,"event_name":"Shining Light","floor":2,"gold_loss":0,"cards_upgraded":["Strike_R","Bludgeon"]},{"damage_healed":0,"gold_gain":0,"player_choice":"Got Potions","damage_taken":0,"max_hp_gain":0,"max_hp_loss":0,"event_name":"Lab","floor":3,"gold_loss":0},{"damage_healed":0,"gold_gain":0,"player_choice":"Grow","damage_taken":0,"max_hp_gain":0,"max_hp_loss":0,"event_name":"Living Wall","floor":8,"gold_loss":0,"cards_upgraded":["Pommel Strike"]},{"cards_removed":["Strike_R"],"damage_healed":0,"gold_gain":0,"player_choice":"Gave Gold","damage_taken":0,"max_hp_gain":0,"max_hp_loss":0,"event_name":"Beggar","floor":19,"gold_loss":75},{"damage_healed":0,"gold_gain":0,"player_choice":"Bet on Owner","damage_taken":0,"max_hp_gain":0,"max_hp_loss":0,"event_name":"The Joust","floor":21,"gold_loss":50},{"damage_healed":0,"gold_gain":0,"player_choice":"Cursed","damage_taken":0,"max_hp_gain":0,"max_hp_loss":0,"event_name":"Wheel of Change","floor":29,"gold_loss":0,"cards_obtained":["Decay"]}],"is_beta":false,"boss_relics":[{"not_picked":["Busted Crown","Black Blood"],"picked":"SlaversCollar"}],"items_purged_floors":[],"is_endless":false,"potions_floor_spawned":[5,6,12,14,18,27],"killed_by":"Automaton","ascension_level":11}}