{"host":"qwttrqaysb380yri","time":1608448971,"event":{"mods":["BaseMod","Custom Start","Minty Spire (QoL Compilation)","Permanent Neow","Puzzle Mod","Relic Stats","StSLib","The Cursed","The Hierophant"],"gold_per_floor":[11,26,26,44,61,93,93,120,169,169,194,194,194,194,194,271,271,291,307,77,77,92,125,125,153,153,163,163,188,188,10,10,88,88,106,119,134,146,146,174,174,174,174,192,205,205,205,240,240,240],"floor_reached":51,"playtime":2032,"items_purged":["Strike_B","Strike_B"],"score":1341,"play_id":"5f6321d9-0f50-4cae-a997-dc627f2a3d4e","local_time":"20201220082251","is_ascension_mode":true,"campfire_choices":[{"data":"Beam Cell","floor":7,"key":"SMITH"},{"floor":10,"key":"REST"},{"floor":12,"key":"REST"},{"data":"Dualcast","floor":15,"key":"SMITH"},{"floor":24,"key":"REST"},{"floor":30,"key":"REST"},{"data":"Defragment","floor":32,"key":"SMITH"},{"floor":46,"key":"REST"},{"floor":49,"key":"REST"}],"circlet_count":0,"master_deck":["AscendersBane","Strike_B","Defend_B","Defend_B","Defend_B","Defend_B+1","Zap","Dualcast+1","Electrodynamics+1","Rip and Tear","Beam Cell+1","Glacier+1","FTL","FTL+1","Conserve Battery+1","Beam Cell","Creative AI","Cold Snap+1","Leap","Lockon+1","Coolheaded+1","Biased Cognition","Defragment+1","Core Surge+1","Conserve Battery+1","Hologram+1","Darkness+1","Turbo+1"],"relics":["Cracked Core","Dream Catcher","InkBottle","Akabeko","Boot","Molten Egg 2","Cursed Key","Toolbox","MutagenicStrength","Bottled Tornado","Toxic Egg 2","Shovel","Spirit Poop","Pantograph","Sozu","War Paint","Shuriken"],"acts_visited":["Exordium","TheCity","TheBeyond"],"potions_floor_usage":[6,22,23,25,35,50],"damage_taken":[{"damage":7,"enemies":"Jaw Worm","floor":1,"turns":2},{"damage":0,"enemies":"Small Slimes","floor":2,"turns":2},{"damage":6,"enemies":"Cultist","floor":4,"turns":3},{"damage":0,"enemies":"Large Slime","floor":5,"turns":2},{"damage":0,"enemies":"3 Sentries","floor":6,"turns":2},{"damage":24,"enemies":"Lagavulin","floor":8,"turns":5},{"damage":8,"enemies":"Gremlin Nob","floor":11,"turns":3},{"damage":15,"enemies":"The Guardian","floor":16,"turns":10},{"damage":2,"enemies":"Spheric Guardian","floor":18,"turns":3},{"damage":0,"enemies":"Chosen","floor":19,"turns":4},{"damage":6,"enemies":"Snecko","floor":22,"turns":6},{"damage":33,"enemies":"Book of Stabbing","floor":23,"turns":5},{"damage":5,"enemies":"Slavers","floor":25,"turns":2},{"damage":0,"enemies":"Sentry and Sphere","floor":27,"turns":3},{"damage":34,"enemies":"Book of Stabbing","floor":29,"turns":4},{"damage":16,"enemies":"Automaton","floor":33,"turns":12},{"damage":3,"enemies":"Orb Walker","floor":35,"turns":2},{"damage":0,"enemies":"3 Darklings","floor":36,"turns":3},{"damage":26,"enemies":"Spire Growth","floor":37,"turns":4},{"damage":0,"enemies":"Transient","floor":38,"turns":5},{"damage":28,"enemies":"Nemesis","floor":40,"turns":7},{"damage":0,"enemies":"4 Shapes","floor":44,"turns":2},{"damage":0,"enemies":"Jaw Worm Horde","floor":45,"turns":2},{"damage":21,"enemies":"Reptomancer","floor":48,"turns":7},{"damage":3,"enemies":"Awakened One","floor":50,"turns":10}],"seed_played":"-6685637988175577633","potions_obtained":[{"floor":1,"key":"DistilledChaos"},{"floor":8,"key":"Explosive Potion"},{"floor":11,"key":"Block Potion"},{"floor":23,"key":"Fire Potion"},{"floor":29,"key":"SpeedPotion"},{"floor":33,"key":"Regen Potion"}],"is_trial":false,"path_per_floor":["M","M","?","M","M","E","R","E","T","R","E","R","?","T","R","B",null,"M","M","$","?","M","E","R","E","T","M","?","E","R","$","R","B",null,"M","M","M","M","?","E","?","?","T","M","M","R","?","E","R","B",null],"character_chosen":"DEFECT","items_purchased":["Toolbox","Defragment"],"campfire_rested":6,"item_purchase_floors":[20,31],"current_hp_per_floor":[61,61,61,55,55,55,55,31,31,53,45,67,52,52,52,37,66,64,64,64,64,58,25,47,42,42,42,42,8,30,30,30,39,66,68,68,42,42,42,14,14,14,14,14,14,36,36,15,37,59],"gold":240,"neow_bonus":"THREE_RARE_CARDS","is_daily":false,"chose_seed":false,"campfire_upgraded":3,"win_rate":0.0,"timestamp":1608448971,"path_taken":["M","M","?","M","M","E","R","E","T","R","E","R","?","?","R","BOSS","M","M","$","?","M","E","R","E","T","M","?","E","R","$","R","BOSS","M","M","M","M","?","E","?","?","T","?","M","R","?","E","R","BOSS"],"items_purchased_type":["Relic","Card"],"build_version":"2020-12-13","purchased_purges":2,"victory":true,"max_hp_per_floor":[75,75,75,75,75,75,75,75,75,75,75,75,75,75,75,75,75,75,75,75,75,75,75,75,75,75,75,75,75,75,75,75,75,75,75,75,75,75,75,75,75,75,75,75,75,75,75,75,75,75],"relic_stats":{"Sozu":6,"Dream Catcher":6,"Shovel":0,"counters":[25,109],"Shuriken":[1],"Pantograph":50,"War Paint":["Conserve Battery","Defend_B"],"Boot":[63],"Cursed Key":1,"obtain_stats":[{"Spirit Poop":28,"Bottled Tornado":23,"War Paint":40,"Boot":11,"Cursed Key":17,"Akabeko":9,"Sozu":34,"Dream Catcher":6,"Shovel":26,"Shuriken":48,"MutagenicStrength":21,"Pantograph":29,"Toolbox":20,"Molten Egg 2":14,"Toxic Egg 2":25,"Cracked Core":0,"InkBottle":8},{"Spirit Poop":14,"Bottled Tornado":12,"War Paint":21,"Boot":7,"Cursed Key":8,"Akabeko":6,"Sozu":16,"Dream Catcher":5,"Shovel":13,"Shuriken":24,"MutagenicStrength":10,"Pantograph":15,"Toolbox":10,"Molten Egg 2":7,"Toxic Egg 2":13,"Cracked Core":0,"InkBottle":6},{"Spirit Poop":52,"Bottled Tornado":47,"War Paint":88,"Boot":19,"Cursed Key":29,"Akabeko":16,"Sozu":67,"Dream Catcher":11,"Shovel":49,"Shuriken":99,"MutagenicStrength":36,"Pantograph":56,"Toolbox":36,"Molten Egg 2":19,"Toxic Egg 2":49,"Cracked Core":0,"InkBottle":16}],"InkBottle":[40]},"card_choices":[{"not_picked":["Amplify","Core Surge"],"picked":"Electrodynamics","floor":0},{"not_picked":["FTL","Coolheaded"],"picked":"Rip and Tear","floor":1},{"not_picked":["Redo","Streamline"],"picked":"Beam Cell","floor":2},{"not_picked":["Redo","Reprogram","Undo"],"picked":"SKIP","floor":4},{"not_picked":["Redo","Scrape"],"picked":"Glacier","floor":5},{"not_picked":["Lockon","Ball Lightning"],"picked":"FTL","floor":6},{"not_picked":["Conserve Battery","Buffer"],"picked":"FTL","floor":8},{"not_picked":["Darkness","Redo"],"picked":"Conserve Battery","floor":10},{"not_picked":["Streamline","Reprogram"],"picked":"Beam Cell","floor":11},{"not_picked":["Hyperbeam+1","Meteor Strike+1"],"picked":"Creative AI","floor":16},{"not_picked":["Redo","Gash+1","Streamline+1"],"picked":"SKIP","floor":18},{"not_picked":["Rebound+1","Streamline+1"],"picked":"Cold Snap+1","floor":19},{"not_picked":["Coolheaded","Gash+1","Compile Driver+1"],"picked":"SKIP","floor":22},{"not_picked":["Streamline+1","Beam Cell+1"],"picked":"Leap","floor":23},{"not_picked":["Beam Cell+1","Redo"],"picked":"Lockon+1","floor":24},{"not_picked":["Go for the Eyes+1","Turbo+1"],"picked":"Coolheaded+1","floor":25},{"not_picked":["Chaos+1","Thunder Strike+1","Recycle+1"],"picked":"SKIP","floor":27},{"not_picked":["Barrage+1","Hello World"],"picked":"Biased Cognition","floor":29},{"not_picked":["Buffer","Electrodynamics"],"picked":"Core Surge+1","floor":33},{"not_picked":["Sweeping Beam+1","Steam+1"],"picked":"Conserve Battery+1","floor":35},{"not_picked":["Defragment","Compile Driver+1","Rebound+1"],"picked":"SKIP","floor":36},{"not_picked":["Beam Cell+1","Cold Snap+1","Skim+1"],"picked":"SKIP","floor":37},{"not_picked":["Ball Lightning+1","Cold Snap+1","Meteor Strike+1"],"picked":"SKIP","floor":38},{"not_picked":["Reinforced Body+1","Barrage+1","Rebound+1"],"picked":"SKIP","floor":40},{"not_picked":["Beam Cell+1","Doom and Gloom+1"],"picked":"Hologram+1","floor":44},{"not_picked":["Aggregate+1","Conserve Battery+1"],"picked":"Darkness+1","floor":45},{"not_picked":["Rebound+1","Redo+1","Leap+1"],"picked":"SKIP","floor":48},{"not_picked":["Ball Lightning+1","Rebound+1"],"picked":"Turbo+1","floor":49}],"player_experience":1900202,"relics_obtained":[{"floor":6,"key":"Dream Catcher"},{"floor":8,"key":"InkBottle"},{"floor":9,"key":"Akabeko"},{"floor":11,"key":"Boot"},{"floor":14,"key":"Molten Egg 2"},{"floor":23,"key":"Bottled Tornado"},{"floor":25,"key":"Toxic Egg 2"},{"floor":26,"key":"Shovel"},{"floor":29,"key":"Pantograph"},{"floor":40,"key":"War Paint"},{"floor":48,"key":"Shuriken"}],"event_choices":[{"damage_healed":0,"gold_gain":0,"player_choice":"Grow","damage_taken":0,"max_hp_gain":0,"max_hp_loss":0,"event_name":"Living Wall","floor":3,"gold_loss":0,"cards_upgraded":["Electrodynamics"]},{"damage_healed":0,"gold_gain":0,"player_choice":"Entered Light","damage_taken":15,"max_hp_gain":0,"max_hp_loss":0,"event_name":"Shining Light","floor":13,"gold_loss":0,"cards_upgraded":["FTL","Glacier"]},{"damage_healed":0,"gold_gain":0,"player_choice":"Inject Mutagens","damage_taken":0,"relics_obtained":["MutagenicStrength"],"max_hp_gain":0,"max_hp_loss":0,"event_name":"Drug Dealer","floor":21,"gold_loss":0},{"cards_removed":["Normality"],"damage_healed":0,"gold_gain":0,"player_choice":"Offered Curse","damage_taken":0,"relics_obtained":["Spirit Poop"],"max_hp_gain":0,"max_hp_loss":0,"event_name":"Bonfire Elementals","floor":28,"gold_loss":0},{"damage_healed":0,"gold_gain":0,"player_choice":"Ignored","damage_taken":0,"max_hp_gain":0,"max_hp_loss":0,"event_name":"Mysterious Sphere","floor":39,"gold_loss":0},{"cards_removed":["Strike_B"],"damage_healed":0,"gold_gain":0,"player_choice":"Removed Attack","damage_taken":0,"max_hp_gain":0,"max_hp_loss":0,"event_name":"Falling","floor":41,"gold_loss":0},{"damage_healed":0,"gold_gain":0,"player_choice":"Ignored","damage_taken":0,"max_hp_gain":0,"max_hp_loss":0,"event_name":"Tomb of Lord Red Mask","floor":42,"gold_loss":0},{"damage_healed":0,"gold_gain":0,"player_choice":"Got Potions","damage_taken":0,"max_hp_gain":0,"max_hp_loss":0,"event_name":"Lab","floor":47,"gold_loss":0}],"is_beta":false,"boss_relics":[{"not_picked":["Coffee Dripper","Ectoplasm"],"picked":"Cursed Key"},{"not_picked":["FrozenCore","Pandora\u0027s Box"],"picked":"Sozu"}],"items_purged_floors":[20,31],"is_endless":false,"potions_floor_spawned":[1,8,11,19,23,29,33,36,38,44],"ascension_level":13}}