{"host":"quagnxip3u93mzqy","time":1608426977,"event":{"mods":["AchievementEnabler","BaseMod","Colored Powertips","Minty Spire (QoL Compilation)","Quick Restart","SuperFastMode"],"gold_per_floor":[118,78,3,3,19,19,19,51,77,77,0,11,21,39,39,140,140,154,171,171,187,199,199,227,49,101,133,133,133,143,143,143,244,244,261,261,281,281,293,325,339,339,409,122,122,177,177,196,196,196,196,196,39,65,65],"floor_reached":56,"playtime":3925,"items_purged":["Strike_G","Dagger Spray"],"score":1638,"play_id":"626581fd-fff4-4ffd-b340-ac29d32674a0","local_time":"20201220011617","is_ascension_mode":true,"campfire_choices":[{"data":"Neutralize","floor":6,"key":"SMITH"},{"data":"Infinite Blades","floor":15,"key":"SMITH"},{"floor":23,"key":"REST"},{"floor":32,"key":"REST"},{"floor":42,"key":"REST"},{"floor":45,"key":"RECALL"},{"floor":49,"key":"REST"},{"floor":52,"key":"REST"}],"circlet_count":0,"master_deck":["Survivor","Neutralize+1","Leg Sweep","Bouncing Flask","Wraith Form v2","Quick Slash","Die Die Die","Infinite Blades+1","Adrenaline","Bane","Bullet Time","Backflip","Finisher","Riddle With Holes","Caltrops","Bouncing Flask","Bouncing Flask","Riddle With Holes+1","Footwork","Leg Sweep+1","Phantasmal Killer","Cloak And Dagger","Blade Dance","PiercingWail","Corpse Explosion","Dash","Dagger Spray+1","Deadly Poison","Crippling Poison","Calculated Gamble","Quick Slash","Apotheosis","Storm of Steel","Prepared+1","Well Laid Plans+1","Acrobatics","Bullet Time","Predator"],"relics":["Ring of the Snake","NeowsBlessing","Boot","Lizard Tail","Omamori","WarpedTongs","Pandora\u0027s Box","Enchiridion","Dream Catcher","Strawberry","Centennial Puzzle","Juzu Bracelet","Philosopher\u0027s Stone","Bird Faced Urn","Pocketwatch","Gremlin Horn"],"acts_visited":["Exordium","TheCity","TheBeyond","TheEnding"],"potions_floor_usage":[13,14,19,21,24,40,41,55,55,55,55],"damage_taken":[{"damage":0,"enemies":"2 Louse","floor":1,"turns":1},{"damage":0,"enemies":"Cultist","floor":5,"turns":1},{"damage":0,"enemies":"Gremlin Nob","floor":8,"turns":1},{"damage":2,"enemies":"Small Slimes","floor":12,"turns":4},{"damage":1,"enemies":"Exordium Thugs","floor":13,"turns":4},{"damage":0,"enemies":"Large Slime","floor":14,"turns":5},{"damage":30,"enemies":"Slime Boss","floor":16,"turns":8},{"damage":3,"enemies":"2 Thieves","floor":18,"turns":2},{"damage":0,"enemies":"Spheric Guardian","floor":19,"turns":2},{"damage":1,"enemies":"Centurion and Healer","floor":21,"turns":4},{"damage":17,"enemies":"Shelled Parasite and Fungi","floor":22,"turns":6},{"damage":22,"enemies":"Slavers","floor":24,"turns":6},{"damage":5,"enemies":"Gremlin Leader","floor":27,"turns":3},{"damage":3,"enemies":"Cultist and Chosen","floor":30,"turns":4},{"damage":18,"enemies":"Automaton","floor":33,"turns":7},{"damage":4,"enemies":"3 Shapes","floor":35,"turns":3},{"damage":3,"enemies":"3 Darklings","floor":37,"turns":3},{"damage":10,"enemies":"Jaw Worm Horde","floor":39,"turns":3},{"damage":11,"enemies":"Reptomancer","floor":40,"turns":6},{"damage":35,"enemies":"Transient","floor":41,"turns":5},{"damage":8,"enemies":"2 Orb Walkers","floor":46,"turns":4},{"damage":0,"enemies":"3 Darklings","floor":48,"turns":3},{"damage":43,"enemies":"Donu and Deca","floor":50,"turns":7},{"damage":44,"enemies":"Shield and Spear","floor":54,"turns":5},{"damage":125,"enemies":"The Heart","floor":55,"turns":9}],"seed_played":"-7835553373657556474","potions_obtained":[{"floor":2,"key":"Explosive Potion"},{"floor":2,"key":"SneckoOil"},{"floor":2,"key":"DistilledChaos"},{"floor":5,"key":"Fire Potion"},{"floor":14,"key":"Energy Potion"},{"floor":16,"key":"GamblersBrew"},{"floor":27,"key":"Strength Potion"},{"floor":30,"key":"Dexterity Potion"},{"floor":33,"key":"SmokeBomb"},{"floor":39,"key":"Weak Potion"},{"floor":46,"key":"EntropicBrew"}],"is_trial":false,"path_per_floor":["M","?","$","?","M","R","$","E","T","?","$","M","M","M","R","B",null,"M","M","?","M","M","R","E","$","T","E","?","?","M","?","R","B",null,"M","?","M","?","M","E","M","R","T","$","R","?","?","M","R","B",null,"R","$","E","B",null],"character_chosen":"THE_SILENT","items_purchased":["Wraith Form v2","Cloak And Dagger","Strawberry","Apotheosis","Bullet Time","Predator"],"campfire_rested":5,"item_purchase_floors":[11,25,25,44,53,53],"current_hp_per_floor":[63,63,63,60,60,60,60,60,60,60,60,58,57,57,57,27,59,56,56,40,39,22,43,21,28,28,23,9,36,33,33,57,39,71,67,67,64,64,54,43,10,34,34,34,34,34,34,38,62,31,69,82,82,40,12],"gold":65,"neow_bonus":"THREE_ENEMY_KILL","is_daily":false,"chose_seed":false,"campfire_upgraded":2,"win_rate":0.0,"timestamp":1608426977,"path_taken":["M","?","?","?","M","R","$","E","T","?","$","M","M","M","R","BOSS","M","M","?","M","M","R","E","$","T","E","?","?","M","?","R","BOSS","M","?","M","?","M","E","M","R","T","$","R","?","?","M","R","BOSS","R","$","E","BOSS"],"items_purchased_type":["Card","Card","Relic","Card","Card","Card"],"build_version":"2020-12-13","purchased_purges":2,"victory":true,"max_hp_per_floor":[70,70,70,70,70,70,70,70,70,70,70,70,70,70,70,70,70,70,70,70,70,70,70,70,77,77,77,82,82,82,82,82,82,82,82,82,82,82,82,82,82,82,82,82,82,82,82,82,82,82,82,82,82,82,82],"card_choices":[{"not_picked":["Acrobatics","Caltrops"],"picked":"Dagger Spray","floor":1},{"not_picked":["Flying Knee","Dodge and Roll"],"picked":"Leg Sweep","floor":5},{"not_picked":["Infinite Blades","Predator"],"picked":"Bouncing Flask","floor":8},{"not_picked":["Bane","Endless Agony"],"picked":"Quick Slash","floor":12},{"not_picked":["Tactician","Acrobatics"],"picked":"Die Die Die","floor":13},{"not_picked":["Blade Dance","Escape Plan"],"picked":"Infinite Blades","floor":14},{"not_picked":["Glass Knife","Phantasmal Killer"],"picked":"Adrenaline","floor":16},{"not_picked":["Outmaneuver","Slice+1"],"picked":"Riddle With Holes+1","floor":18},{"not_picked":["Flying Knee","Underhanded Strike"],"picked":"Footwork","floor":19},{"not_picked":["Distraction","Finisher+1"],"picked":"Leg Sweep+1","floor":21},{"not_picked":["Dagger Spray","Slice"],"picked":"Choke","floor":22},{"not_picked":["Distraction","PiercingWail"],"picked":"Phantasmal Killer","floor":24},{"not_picked":["Night Terror","Terror"],"picked":"Blade Dance","floor":27},{"not_picked":["Bane","Distraction+1"],"picked":"Dagger Throw","floor":30},{"not_picked":["Underhanded Strike","Finisher"],"picked":"PiercingWail","floor":32},{"not_picked":["Doppelganger","Glass Knife"],"picked":"Corpse Explosion","floor":33},{"not_picked":["Poisoned Stab+1","Bane+1"],"picked":"Dash","floor":35},{"not_picked":["Concentrate+1","Dagger Throw+1"],"picked":"Dagger Spray+1","floor":37},{"not_picked":["All Out Attack+1","Dagger Spray+1","Deflect+1"],"picked":"SKIP","floor":39},{"not_picked":["Bane","Slice"],"picked":"Crippling Poison","floor":40},{"not_picked":["Deflect+1","Endless Agony+1"],"picked":"Calculated Gamble","floor":41},{"not_picked":["Poisoned Stab+1","All Out Attack"],"picked":"Quick Slash","floor":42},{"not_picked":["Prepared","Dodge and Roll"],"picked":"Storm of Steel","floor":46},{"not_picked":["Dagger Throw+1","Concentrate+1"],"picked":"Prepared+1","floor":48},{"not_picked":["Concentrate+1","PiercingWail"],"picked":"Well Laid Plans+1","floor":49},{"not_picked":["Crippling Poison","Dagger Throw"],"picked":"Acrobatics","floor":52},{"not_picked":["Concentrate","Flechettes","Endless Agony"],"picked":"SKIP","floor":54}],"player_experience":413580,"relics_obtained":[{"floor":8,"key":"Lizard Tail"},{"floor":9,"key":"Omamori"},{"floor":20,"key":"Enchiridion"},{"floor":24,"key":"Dream Catcher"},{"floor":26,"key":"Centennial Puzzle"},{"floor":27,"key":"Juzu Bracelet"},{"floor":40,"key":"Bird Faced Urn"},{"floor":46,"key":"Pocketwatch"},{"floor":54,"key":"Gremlin Horn"}],"event_choices":[{"damage_healed":0,"gold_gain":0,"player_choice":"Bought 3 Potions","damage_taken":0,"max_hp_gain":0,"max_hp_loss":0,"event_name":"The Woman in Blue","floor":2,"gold_loss":0},{"damage_healed":0,"gold_gain":0,"player_choice":"Success","damage_taken":3,"relics_obtained":["Boot"],"max_hp_gain":0,"max_hp_loss":0,"event_name":"Scrap Ooze","floor":4,"gold_loss":0},{"damage_healed":0,"gold_gain":0,"player_choice":"Rummage","damage_taken":0,"relics_obtained":["WarpedTongs"],"max_hp_gain":0,"max_hp_loss":0,"event_name":"Accursed Blacksmith","floor":10,"gold_loss":0,"cards_obtained":["Pain"]},{"damage_healed":0,"gold_gain":0,"player_choice":"Obtained Book","damage_taken":16,"max_hp_gain":0,"max_hp_loss":0,"event_name":"Cursed Tome","floor":20,"gold_loss":0},{"damage_healed":0,"gold_gain":0,"player_choice":"Shed Blood","damage_taken":19,"max_hp_gain":5,"max_hp_loss":0,"event_name":"Forgotten Altar","floor":28,"gold_loss":0},{"damage_healed":27,"gold_gain":0,"player_choice":"Heal","damage_taken":0,"max_hp_gain":0,"max_hp_loss":0,"event_name":"The Library","floor":29,"gold_loss":0},{"cards_removed":["Choke"],"damage_healed":0,"gold_gain":0,"player_choice":"Purged","damage_taken":0,"max_hp_gain":0,"max_hp_loss":0,"event_name":"Purifier","floor":31,"gold_loss":0},{"cards_removed":["Dagger Throw"],"damage_healed":0,"gold_gain":0,"player_choice":"Removed Attack","damage_taken":0,"max_hp_gain":0,"max_hp_loss":0,"event_name":"Falling","floor":36,"gold_loss":0},{"damage_healed":0,"gold_gain":0,"cards_transformed":["Night Terror"],"player_choice":"Transformed","damage_taken":0,"max_hp_gain":0,"max_hp_loss":0,"event_name":"Transmorgrifier","floor":38,"gold_loss":0,"cards_obtained":["Deadly Poison"]},{"damage_healed":0,"gold_gain":0,"player_choice":"Fight","damage_taken":0,"max_hp_gain":0,"max_hp_loss":0,"event_name":"Mysterious Sphere","floor":46,"gold_loss":0},{"damage_healed":0,"gold_gain":0,"player_choice":"Ignored","damage_taken":0,"max_hp_gain":0,"max_hp_loss":0,"event_name":"Tomb of Lord Red Mask","floor":47,"gold_loss":0}],"is_beta":false,"boss_relics":[{"not_picked":["Runic Dome","HoveringKite"],"picked":"Pandora\u0027s Box"},{"not_picked":["WristBlade","Velvet Choker"],"picked":"Philosopher\u0027s Stone"}],"items_purged_floors":[3,44],"is_endless":false,"potions_floor_spawned":[5,12,14,16,18,27,30,33,39,46],"ascension_level":9}}