{"host":"684z1xpuwaoqmmh1","time":1608454516,"event":{"mods":["BaseMod","Downfall","Hermit","Jorbs\u0027s Wanderer Trilogy","Marisa????????","Minty Spire (QoL Compilation)","StSLib","The Hierophant","The Mystic"],"gold_per_floor":[367,383,395,70,85,85,113,113,184,184,198,216,216,227,227,330,330,341,391,404,404,14,14,45,63,63,96,96,107,107,117,117,212,212,223,16,29,29,43,43,63,79,79,97,97,97,132,150,150,150,150,150,26,54,54],"floor_reached":56,"playtime":2609,"items_purged":["hermit:Strike_Hermit","hermit:Strike_Hermit","hermit:Defend_Hermit"],"score":1655,"play_id":"5c86d3fd-ec02-4aaa-b987-a431c329c64b","local_time":"20201220105516","is_ascension_mode":true,"campfire_choices":[{"data":"hermit:FlashPowder","floor":6,"key":"SMITH"},{"data":"1","floor":8,"key":"LIFT"},{"data":"2","floor":10,"key":"LIFT"},{"data":"3","floor":15,"key":"LIFT"},{"floor":23,"key":"REST"},{"data":"hermit:ShadowCloak","floor":28,"key":"SMITH"},{"data":"hermit:FromBeyond","floor":30,"key":"SMITH"},{"data":"hermit:HeroicBravado","floor":32,"key":"SMITH"},{"floor":40,"key":"REST"},{"floor":46,"key":"RECALL"},{"floor":49,"key":"REST"},{"data":"hermit:Dissolve","floor":52,"key":"SMITH"}],"circlet_count":0,"master_deck":["hermit:Strike_Hermit","hermit:Strike_Hermit","hermit:Defend_Hermit","hermit:Defend_Hermit","hermit:Snapshot","hermit:Covet","Parasite","hermit:FlashPowder+1","hermit:WideOpen","hermit:CalledShot","hermit:CursedWeapon","hermit:Headshot","hermit:BodyArmor","hermit:Cheat","hermit:FromBeyond+1","hermit:HoleUp+1","hermit:Quickdraw+1","Pain","hermit:ShadowCloak+1","hermit:RoundhouseKick","hermit:Misfire","hermit:HeroicBravado+1","hermit:FatalDesire","CurseOfTheBell","hermit:Brawl","hermit:Quickdraw+1","hermit:CalledShot+1","hermit:Gestalt+1","hermit:Dissolve+1","hermit:FlashPowder","hermit:BigShot","hermit:Brawl+1"],"relics":["hermit:Momento","Matryoshka","Girya","Smiling Mask","White Beast Statue","hermit:DentedPlate","Art of War","Bag of Preparation","WarpedTongs","Torii","Ancient Tea Set","Mercury Hourglass","Calipers","Calling Bell","Regal Pillow","Pear","hermit:CharredGlove","Guardian:PocketSentry","Guardian:GemstoneGun","Kunai"],"acts_visited":["Exordium","TheCity","TheBeyond","TheEnding"],"potions_floor_usage":[12,16,18,18,24,27,29,33,35,37,42,47,50,54,55,55,55],"damage_taken":[{"damage":0,"enemies":"Cultist","floor":1,"turns":4},{"damage":0,"enemies":"2 Louse","floor":2,"turns":2},{"damage":5,"enemies":"Small Slimes","floor":3,"turns":3},{"damage":3,"enemies":"Gremlin Gang","floor":5,"turns":6},{"damage":16,"enemies":"Gremlin Nob","floor":7,"turns":4},{"damage":5,"enemies":"Exordium Thugs","floor":11,"turns":4},{"damage":2,"enemies":"Lots of Slimes","floor":12,"turns":3},{"damage":6,"enemies":"3 Louse","floor":14,"turns":3},{"damage":22,"enemies":"Slime Boss","floor":16,"turns":8},{"damage":17,"enemies":"3 Byrds","floor":18,"turns":7},{"damage":3,"enemies":"Chosen","floor":20,"turns":2},{"damage":5,"enemies":"Book of Stabbing","floor":24,"turns":4},{"damage":2,"enemies":"Centurion and Healer","floor":25,"turns":5},{"damage":2,"enemies":"Gremlin Leader","floor":27,"turns":5},{"damage":2,"enemies":"Chosen and Byrds","floor":29,"turns":3},{"damage":2,"enemies":"Shelled Parasite and Fungi","floor":31,"turns":3},{"damage":42,"enemies":"Champ","floor":33,"turns":9},{"damage":2,"enemies":"Orb Walker","floor":35,"turns":1},{"damage":3,"enemies":"3 Shapes","floor":37,"turns":4},{"damage":3,"enemies":"Maw","floor":39,"turns":6},{"damage":2,"enemies":"Jaw Worm Horde","floor":41,"turns":3},{"damage":11,"enemies":"Writhing Mass","floor":42,"turns":5},{"damage":3,"enemies":"Transient","floor":44,"turns":5},{"damage":3,"enemies":"Nemesis","floor":47,"turns":3},{"damage":4,"enemies":"Jaw Worm Horde","floor":48,"turns":3},{"damage":10,"enemies":"Awakened One","floor":50,"turns":11},{"damage":5,"enemies":"Shield and Spear","floor":54,"turns":5},{"damage":64,"enemies":"The Heart","floor":55,"turns":12}],"seed_played":"5598032021491134422","potions_obtained":[{"floor":1,"key":"sneckomod:MuddlingPotion"},{"floor":2,"key":"Weak Potion"},{"floor":11,"key":"SneckoOil"},{"floor":12,"key":"hermit:Eclipse"},{"floor":16,"key":"hermit:BlackBile"},{"floor":18,"key":"Strength Potion"},{"floor":20,"key":"FearPotion"},{"floor":24,"key":"DuplicationPotion"},{"floor":25,"key":"AttackPotion"},{"floor":27,"key":"Regen Potion"},{"floor":29,"key":"Dexterity Potion"},{"floor":33,"key":"Swift Potion"},{"floor":35,"key":"Weak Potion"},{"floor":37,"key":"ColorlessPotion"},{"floor":42,"key":"Weak Potion"},{"floor":44,"key":"ColorlessPotion"},{"floor":47,"key":"AttackPotion"},{"floor":54,"key":"champ:CounterPotion"}],"is_trial":false,"path_per_floor":["M","M","M","$","M","R","E","R","T","R","M","M","?","M","R","B",null,"M","T","M","?","$","R","E","M","T","E","R","M","R","M","R","B",null,"M","$","M","$","M","R","M","M","T","M","?","R","E","M","R","B",null,"R","$","E","B",null],"character_chosen":"HERMIT","items_purchased":["Matryoshka","hermit:ShadowCloak","Torii","Guardian:PocketSentry","hermit:BigShot","Block Potion"],"campfire_rested":3,"item_purchase_floors":[4,22,22,36,53,53],"current_hp_per_floor":[68,68,63,63,60,60,44,44,44,44,39,37,37,31,31,9,41,24,24,21,21,21,53,48,46,46,44,44,51,51,49,49,7,17,15,15,12,12,9,59,57,46,46,43,43,43,40,36,86,76,76,76,76,71,7],"gold":54,"neow_bonus":"TWO_FIFTY_GOLD","is_daily":false,"chose_seed":false,"campfire_upgraded":5,"win_rate":0.0,"timestamp":1608454516,"path_taken":["M","M","M","?","M","R","E","R","T","R","M","M","?","M","R","BOSS","M","?","M","?","$","R","E","M","T","E","R","M","R","M","R","BOSS","M","$","M","$","M","R","M","?","T","M","?","R","E","M","R","BOSS","R","$","E","BOSS"],"items_purchased_type":["Relic","Card","Relic","Relic","Card","Potion"],"build_version":"2020-12-13","purchased_purges":3,"victory":true,"max_hp_per_floor":[75,75,75,75,75,75,75,75,75,75,75,75,75,75,75,75,107,107,107,107,107,107,107,107,107,107,107,107,107,107,107,107,107,117,117,117,117,117,117,117,117,117,117,117,117,117,117,117,117,117,117,117,117,117,117],"card_choices":[{"not_picked":["hermit:HighCaliber","hermit:Manifest"],"picked":"hermit:FlashPowder","floor":1},{"not_picked":["hermit:LowProfile","hermit:FullyLoaded"],"picked":"hermit:WideOpen","floor":2},{"not_picked":["hermit:Vantage","hermit:HoleUp"],"picked":"hermit:CalledShot","floor":3},{"not_picked":["hermit:Glare","hermit:Desperado"],"picked":"hermit:CursedWeapon","floor":5},{"not_picked":["hermit:TakeCover","hermit:Feint"],"picked":"hermit:Headshot","floor":7},{"not_picked":["hermit:CalledShot","hermit:Malice","hermit:Virtue"],"picked":"SKIP","floor":11},{"not_picked":["hermit:Glare","hermit:TakeAim"],"picked":"hermit:BodyArmor","floor":12},{"not_picked":["hermit:ItchyTrigger","hermit:Misfire"],"picked":"hermit:Cheat","floor":14},{"not_picked":["hermit:RoundhouseKick","hermit:FinalCanter"],"picked":"hermit:FromBeyond","floor":16},{"not_picked":["hermit:Desperado","hermit:TrackingShot+1"],"picked":"hermit:HoleUp+1","floor":18},{"not_picked":["hermit:LuckOfTheDraw","hermit:HighCaliber+1"],"picked":"hermit:Quickdraw+1","floor":20},{"not_picked":["hermit:Brawl","hermit:Grudge+1"],"picked":"hermit:RoundhouseKick","floor":24},{"not_picked":["hermit:HighCaliber","hermit:PistolWhip","hermit:LowProfile"],"picked":"SKIP","floor":25},{"not_picked":["hermit:TakeCover","hermit:Snipe+1","hermit:CursedWeapon"],"picked":"SKIP","floor":27},{"not_picked":["hermit:Determination","hermit:TrackingShot"],"picked":"hermit:Misfire","floor":29},{"not_picked":["hermit:PistolWhip","hermit:Misfire+1"],"picked":"hermit:HeroicBravado","floor":31},{"not_picked":["hermit:RoundhouseKick","hermit:Magnum"],"picked":"hermit:FatalDesire","floor":33},{"not_picked":["hermit:BigShot","hermit:HighCaliber+1"],"picked":"hermit:Brawl","floor":35},{"not_picked":["hermit:HoleUp","hermit:Snipe","hermit:Desperado"],"picked":"SKIP","floor":37},{"not_picked":["hermit:CalledShot","hermit:HighCaliber","hermit:HoleUp+1"],"picked":"SKIP","floor":39},{"not_picked":["hermit:Vantage+1","hermit:FullyLoaded"],"picked":"hermit:Quickdraw+1","floor":41},{"not_picked":["hermit:Glare","hermit:Dive"],"picked":"hermit:CalledShot+1","floor":42},{"not_picked":["hermit:TakeAim","hermit:FullyLoaded+1"],"picked":"hermit:Gestalt+1","floor":44},{"not_picked":["hermit:CalledShot+1","hermit:GoldenBullet+1"],"picked":"hermit:Dissolve","floor":47},{"not_picked":["hermit:TrackingShot+1","hermit:Glare"],"picked":"hermit:FlashPowder","floor":48},{"not_picked":["hermit:Headshot+1","hermit:CalledShot"],"picked":"hermit:Brawl+1","floor":54}],"player_experience":2348363,"relics_obtained":[{"floor":7,"key":"Girya"},{"floor":9,"key":"Smiling Mask"},{"floor":9,"key":"White Beast Statue"},{"floor":19,"key":"Art of War"},{"floor":19,"key":"Bag of Preparation"},{"floor":24,"key":"Ancient Tea Set"},{"floor":26,"key":"Mercury Hourglass"},{"floor":27,"key":"Calipers"},{"floor":34,"key":"Regal Pillow"},{"floor":34,"key":"Pear"},{"floor":34,"key":"hermit:CharredGlove"},{"floor":47,"key":"Guardian:GemstoneGun"},{"floor":54,"key":"Kunai"}],"event_choices":[{"cards_removed":["hermit:Defend_Hermit"],"damage_healed":0,"gold_gain":0,"player_choice":"Purged","damage_taken":0,"max_hp_gain":0,"max_hp_loss":0,"event_name":"Purifier","floor":13,"gold_loss":0},{"damage_healed":0,"gold_gain":0,"player_choice":"Rummage","damage_taken":0,"relics_obtained":["WarpedTongs"],"max_hp_gain":0,"max_hp_loss":0,"event_name":"Accursed Blacksmith","floor":21,"gold_loss":0,"cards_obtained":["Pain"]},{"damage_healed":0,"gold_gain":0,"player_choice":"0 cards matched","damage_taken":0,"max_hp_gain":0,"max_hp_loss":0,"event_name":"Match and Keep!","floor":45,"gold_loss":0,"cards_obtained":[]}],"is_beta":false,"boss_relics":[{"not_picked":["Runic Pyramid","Fusion Hammer"],"picked":"hermit:DentedPlate"},{"not_picked":["Astrolabe","SlaversCollar"],"picked":"Calling Bell"}],"items_purged_floors":[4,22,36],"is_endless":false,"potions_floor_spawned":[1,2,11,12,14,16,18,20,24,25,27,29,31,33,35,37,39,41,42,44,47,48,54],"ascension_level":7}}