{"host":"ci7ivtocgfxh0ueo","time":1608444844,"event":{"mods":["BaseMod","GifTheSpireLib","Minty Spire (QoL Compilation)","StSLib"],"gold_per_floor":[119,194,194,26,39,69,14,14,39,39,4,60,70,84,84,158,158,174,62,0,0],"floor_reached":20,"playtime":543,"items_purged":[],"score":361,"play_id":"93017591-2181-498d-8124-d5e8354a2031","local_time":"20201220141404","is_ascension_mode":true,"campfire_choices":[{"floor":8,"key":"REST"},{"data":"Neutralize","floor":10,"key":"SMITH"},{"data":"Footwork","floor":15,"key":"SMITH"}],"circlet_count":0,"master_deck":["AscendersBane","Survivor","Neutralize+1","Riddle With Holes+1","Underhanded Strike","Footwork+1","Crippling Poison","Backstab","A Thousand Cuts","Predator","Caltrops","A Thousand Cuts","Infinite Blades","Choke","Masterful Stab","Doppelganger","Doppelganger","Noxious Fumes","Storm of Steel","Deflect"],"relics":["Ring of the Snake","NeowsBlessing","Whetstone","Anchor","Ancient Tea Set","Vajra","Pandora\u0027s Box"],"acts_visited":["Exordium","TheCity"],"potions_floor_usage":[12,16,16,20,20,20,20],"damage_taken":[{"damage":0,"enemies":"Jaw Worm","floor":1,"turns":1},{"damage":0,"enemies":"Small Slimes","floor":5,"turns":1},{"damage":0,"enemies":"Gremlin Nob","floor":6,"turns":1},{"damage":15,"enemies":"Gremlin Nob","floor":12,"turns":4},{"damage":0,"enemies":"2 Louse","floor":13,"turns":3},{"damage":14,"enemies":"Lots of Slimes","floor":14,"turns":4},{"damage":22,"enemies":"The Guardian","floor":16,"turns":14},{"damage":33,"enemies":"Spheric Guardian","floor":18,"turns":4},{"damage":29,"enemies":"2 Thieves","floor":20,"turns":3}],"seed_played":"-7414751443393724620","potions_obtained":[{"floor":6,"key":"DuplicationPotion"},{"floor":12,"key":"Weak Potion"},{"floor":16,"key":"FearPotion"},{"floor":18,"key":"PowerPotion"}],"is_trial":false,"path_per_floor":["M","?","?","$","M","E","$","R","T","R","?","?","M","M","R","B",null,"M","$","M"],"character_chosen":"THE_SILENT","items_purchased":["Whetstone","FearPotion","EntropicBrew"],"campfire_rested":1,"item_purchase_floors":[4,7,19],"current_hp_per_floor":[59,48,28,28,28,28,28,47,47,47,63,48,48,34,34,12,53,20,20,0,0],"gold":0,"neow_bonus":"THREE_ENEMY_KILL","is_daily":false,"chose_seed":false,"campfire_upgraded":2,"win_rate":0.0,"timestamp":1608444844,"path_taken":["M","?","?","?","M","E","$","R","T","R","?","?","?","M","R","BOSS","M","$","?"],"items_purchased_type":["Relic","Potion","Potion"],"build_version":"2020-12-13","purchased_purges":0,"victory":false,"max_hp_per_floor":[66,66,66,66,66,66,66,66,66,66,66,66,66,66,66,66,66,66,66,66,66],"card_choices":[{"not_picked":["Flying Knee","Quick Slash"],"picked":"Riddle With Holes","floor":1},{"not_picked":["Prepared","Catalyst"],"picked":"Underhanded Strike","floor":5},{"not_picked":["Sucker Punch","Expertise"],"picked":"Footwork","floor":6},{"not_picked":["Bane","Poisoned Stab"],"picked":"Crippling Poison","floor":12},{"not_picked":["Predator","Bane","Quick Slash"],"picked":"SKIP","floor":13},{"not_picked":["Bane","Underhanded Strike"],"picked":"Backstab","floor":14},{"not_picked":["Night Terror","Envenom"],"picked":"A Thousand Cuts","floor":16},{"not_picked":["Prepared","PiercingWail"],"picked":"Deflect","floor":18}],"player_experience":1273633,"relics_obtained":[{"floor":6,"key":"Anchor"},{"floor":9,"key":"Ancient Tea Set"},{"floor":12,"key":"Vajra"}],"event_choices":[{"damage_healed":0,"gold_gain":75,"player_choice":"Gather Gold","damage_taken":11,"max_hp_gain":0,"max_hp_loss":0,"event_name":"World of Goop","floor":2,"gold_loss":0},{"damage_healed":0,"gold_gain":0,"player_choice":"Entered Light","damage_taken":20,"max_hp_gain":0,"max_hp_loss":0,"event_name":"Shining Light","floor":3,"gold_loss":0,"cards_upgraded":["Strike_G","Defend_G"]},{"damage_healed":16,"gold_gain":0,"player_choice":"Healed","damage_taken":0,"max_hp_gain":0,"max_hp_loss":0,"event_name":"The Cleric","floor":11,"gold_loss":35},{"damage_healed":0,"gold_gain":0,"player_choice":"Searched \u00271\u0027 times","damage_taken":0,"max_hp_gain":0,"max_hp_loss":0,"event_name":"Dead Adventurer","floor":12,"gold_loss":0}],"is_beta":false,"boss_relics":[{"not_picked":["SlaversCollar","Fusion Hammer"],"picked":"Pandora\u0027s Box"}],"items_purged_floors":[],"is_endless":false,"potions_floor_spawned":[6,12,16,18],"killed_by":"2 Thieves","ascension_level":17}}