{"host":"ss2ocoam53r2lno0","time":1608424890,"event":{"mods":["Act Like it!","BaseMod","ChefMod","Colored Powertips","Displayed Cursed Tome","Downfall","Googly Eyes","Hallownest","Highlight Path","Minty Spire (QoL Compilation)","Rare Cards Sparkle","Robot Space Explorer","Shade Mod","Shop Mod","Spicy Shops","StSLib"],"gold_per_floor":[112,112,131,159,170,203,223,255,308,328,328,328,357,372,372,470,470,488,120,134,146,162,162,189,189,189,216,236,249,262,24,24,120,120,130,145,158,168,186,186,217,227,273,273,304,319,330,109,109,213],"floor_reached":51,"playtime":2463,"items_purged":["RobotSpaceExplorer:Strike","Decay"],"score":937,"play_id":"7970e27b-1754-4727-8e7d-64e44defe4ce","local_time":"20201220014130","is_ascension_mode":false,"campfire_choices":[{"data":"RobotSpaceExplorer:PowerCollector","floor":11,"key":"SMITH"},{"floor":15,"key":"REST"},{"data":"RobotSpaceExplorer:PowerCollector","floor":23,"key":"SMITH"},{"data":"RobotSpaceExplorer:DroneSwarm","floor":25,"key":"SMITH"},{"data":"RobotSpaceExplorer:PowerCollector","floor":32,"key":"SMITH"},{"data":"RobotSpaceExplorer:Fix","floor":40,"key":"SMITH"},{"floor":44,"key":"REST"},{"data":"RobotSpaceExplorer:MiniLasers","floor":49,"key":"SMITH"}],"circlet_count":0,"master_deck":["RobotSpaceExplorer:Strike","RobotSpaceExplorer:Strike","RobotSpaceExplorer:Strike","RobotSpaceExplorer:Scan","RobotSpaceExplorer:MiniLasers+1","RobotSpaceExplorer:IronShell","RobotSpaceExplorer:MiniDrones","Dramatic Entrance","RobotSpaceExplorer:FreezeRay","RobotSpaceExplorer:MiniDrones","RobotSpaceExplorer:MiniBoosters","RobotSpaceExplorer:PowerCollector+1","RobotSpaceExplorer:Autoloader","RobotSpaceExplorer:Discharger","Hallownest:skillSlugHide","Hallownest:skillSlugHide","Hallownest:skillSlugHide","Hallownest:skillSlugHide","Hallownest:skillSlugHide","RobotSpaceExplorer:StarLightning+1","RobotSpaceExplorer:ExhaustFan","RobotSpaceExplorer:DroneSwarm+1","RobotSpaceExplorer:Fix+1","RobotSpaceExplorer:PowerCollector+1","RobotSpaceExplorer:MiniBoosters","RobotSpaceExplorer:DualCore","RobotSpaceExplorer:PowerCollector+1","RobotSpaceExplorer:DualCore","RobotSpaceExplorer:Accelerator","RobotSpaceExplorer:DualCore","RobotSpaceExplorer:MiniBoosters","RobotSpaceExplorer:ExhaustFan","RobotSpaceExplorer:Exploration"],"relics":["RobotSpaceExplorer:RoboCore","NeowsBlessing","Pen Nib","Turnip","Molten Egg 2","Art of War","Bronze Scales","Sozu","Kunai","Guardian:BottledAnomaly","Anchor","RobotSpaceExplorer:PlasmaHourglass","Blood Vial","HandDrill","RobotSpaceExplorer:SearchSpecs","Ornamental Fan","Toy Ornithopter","Mummified Hand","Centennial Puzzle"],"acts_visited":["Hallownest:Greenpath","Hallownest:CityofTears","Hallownest:KingdomsEdge"],"potions_floor_usage":[50,50,50],"damage_taken":[{"damage":0,"enemies":"Hallownest:2_Tiktiks_and_1_Crawlid","floor":1,"turns":1},{"damage":0,"enemies":"Hallownest:monsterHuskWarrior","floor":3,"turns":1},{"damage":0,"enemies":"Hallownest:eliteCrystalGuardian","floor":4,"turns":1},{"damage":0,"enemies":"2_ Uuma","floor":5,"turns":4},{"damage":7,"enemies":"Hallownest:eliteMossKnight","floor":6,"turns":18},{"damage":0,"enemies":"Hallownest:monsterMossCharger","floor":7,"turns":5},{"damage":37,"enemies":"Hallownest:eliteCrystalGuardian","floor":8,"turns":7},{"damage":1,"enemies":"Hallownest:monsterAspidMother","floor":10,"turns":3},{"damage":0,"enemies":"Hallownest:eliteVengeflyKing","floor":13,"turns":4},{"damage":7,"enemies":"Hallownest:Wandering_and_Horned","floor":14,"turns":2},{"damage":16,"enemies":"Hallownest:BossBrokenVessel","floor":16,"turns":8},{"damage":7,"enemies":"Hallownest:Guard_and_Sentry","floor":18,"turns":4},{"damage":3,"enemies":"Hallownest:3_Youths","floor":20,"turns":4},{"damage":0,"enemies":"Hallownest:monsterShrumalOgre","floor":21,"turns":4},{"damage":19,"enemies":"Hallownest:2_Flukemon","floor":22,"turns":5},{"damage":0,"enemies":"Hallownest:Nosk","floor":24,"turns":4},{"damage":0,"enemies":"Hallownest:eliteWatcherKnight","floor":27,"turns":7},{"damage":4,"enemies":"Hallownest:2_Husk_Sentries","floor":28,"turns":4},{"damage":0,"enemies":"Hallownest:Warrior_and_Youth","floor":29,"turns":3},{"damage":15,"enemies":"Hallownest:3_Mistakes","floor":30,"turns":3},{"damage":29,"enemies":"Hallownest:BossSoulMaster","floor":33,"turns":5},{"damage":3,"enemies":"Hallownest:3_Siblings","floor":35,"turns":4},{"damage":32,"enemies":"Hallownest:2_Littles","floor":36,"turns":4},{"damage":5,"enemies":"Hallownest:Shield_Sturdy","floor":37,"turns":4},{"damage":3,"enemies":"Hallownest:Xero_Hu_Marmu","floor":38,"turns":4},{"damage":17,"enemies":"Hallownest:Slobbering_and_Violent","floor":39,"turns":4},{"damage":10,"enemies":"Hallownest:eliteHiveKnight","floor":41,"turns":4},{"damage":11,"enemies":"Hallownest:Shield_Sturdy","floor":42,"turns":4},{"damage":0,"enemies":"Hallownest:eliteCollector","floor":45,"turns":5},{"damage":0,"enemies":"Hallownest:2_Great","floor":46,"turns":2},{"damage":3,"enemies":"Hallownest:2_Soldiers_and_1_Guardian","floor":47,"turns":2},{"damage":7,"enemies":"Hallownest:Radiance","floor":50,"turns":5}],"seed_played":"2347488872284951149","potions_obtained":[{"floor":3,"key":"champ:CounterPotion"},{"floor":4,"key":"Ancient Potion"},{"floor":6,"key":"Strength Potion"}],"is_trial":false,"path_per_floor":["M","?","M","?","M","E","M","E","T","M","R","?","E","M","R","B",null,"M","$","M","M","M","R","E","R","T","E","M","M","M","$","R","B",null,"M","M","M","M","M","R","E","M","T","R","E","M","M","$","R","B",null],"character_chosen":"RobotSpaceExplorer","items_purchased":["RobotSpaceExplorer:PowerCollector","Kunai","Guardian:BottledAnomaly","RobotSpaceExplorer:DualCore","HandDrill","RobotSpaceExplorer:ExhaustFan","Centennial Puzzle"],"campfire_rested":2,"item_purchase_floors":[19,19,19,31,31,48,48],"current_hp_per_floor":[75,75,75,75,75,68,68,31,31,30,30,30,30,23,45,29,75,68,68,65,65,50,50,50,50,50,54,56,62,53,53,53,26,75,72,46,47,50,39,39,31,28,28,50,58,60,59,59,59,70],"gold":213,"neow_bonus":"THREE_ENEMY_KILL","is_daily":false,"chose_seed":false,"campfire_upgraded":6,"win_rate":0.0,"timestamp":1608424890,"path_taken":["M","?","M","?","M","E","M","E","T","M","R","?","E","M","R","BOSS","M","$","M","M","M","R","E","R","T","E","M","M","M","$","R","BOSS","M","M","M","M","M","R","E","M","T","R","E","M","M","$","R","BOSS"],"items_purchased_type":["Card","Relic","Relic","Card","Relic","Card","Relic"],"build_version":"2020-12-13","purchased_purges":2,"victory":true,"max_hp_per_floor":[75,75,75,75,75,75,75,75,75,75,75,75,75,75,75,75,75,75,75,75,75,75,75,75,75,75,75,75,75,75,75,75,75,75,75,75,75,75,75,75,75,75,75,75,75,75,75,75,75,75],"card_choices":[{"not_picked":["RobotSpaceExplorer:SurgingStrike","RobotSpaceExplorer:Counterblock"],"picked":"RobotSpaceExplorer:IronShell","floor":1},{"not_picked":["RobotSpaceExplorer:Probe","RobotSpaceExplorer:Counterblock"],"picked":"RobotSpaceExplorer:MiniDrones","floor":2},{"not_picked":["Panacea","Chrysalis"],"picked":"Dramatic Entrance","floor":2},{"not_picked":["RobotSpaceExplorer:Ammunition","RobotSpaceExplorer:SlimeMissile"],"picked":"RobotSpaceExplorer:FreezeRay","floor":3},{"not_picked":["RobotSpaceExplorer:SlimeMissile","RobotSpaceExplorer:ImprovisedAttack"],"picked":"RobotSpaceExplorer:MiniDrones","floor":4},{"not_picked":["RobotSpaceExplorer:FreezingShield","RobotSpaceExplorer:Counterblock","RobotSpaceExplorer:Ammunition"],"picked":"SKIP","floor":5},{"not_picked":["RobotSpaceExplorer:Counterblock","RobotSpaceExplorer:GearShield"],"picked":"RobotSpaceExplorer:MiniBoosters","floor":6},{"not_picked":["RobotSpaceExplorer:IronShell","RobotSpaceExplorer:SlimeMissile"],"picked":"RobotSpaceExplorer:PowerCollector","floor":7},{"not_picked":["RobotSpaceExplorer:GearShield","RobotSpaceExplorer:GlueSpray"],"picked":"RobotSpaceExplorer:Autoloader","floor":8},{"not_picked":["RobotSpaceExplorer:SlimeMissile+1","RobotSpaceExplorer:FrostMissile+1"],"picked":"RobotSpaceExplorer:Discharger","floor":10},{"not_picked":["RobotSpaceExplorer:FrostMissile+1","RobotSpaceExplorer:GlueSpray"],"picked":"RobotSpaceExplorer:StarLightning+1","floor":13},{"not_picked":["RobotSpaceExplorer:Counterblock","RobotSpaceExplorer:Probe+1"],"picked":"RobotSpaceExplorer:ExhaustFan","floor":14},{"not_picked":["RobotSpaceExplorer:Blaster+1","RobotSpaceExplorer:ShockMissile+1"],"picked":"RobotSpaceExplorer:DroneSwarm","floor":16},{"not_picked":["RobotSpaceExplorer:ImprovisedAttack+1","RobotSpaceExplorer:SurgingStrike+1"],"picked":"RobotSpaceExplorer:Fix","floor":18},{"not_picked":["RobotSpaceExplorer:MetalStrike+1","RobotSpaceExplorer:SurgingStrike+1","RobotSpaceExplorer:Counterblock"],"picked":"SKIP","floor":20},{"not_picked":["RobotSpaceExplorer:Electroshield","RobotSpaceExplorer:PlasmaMissile+1","RobotSpaceExplorer:StunGrenade+1"],"picked":"SKIP","floor":21},{"not_picked":["RobotSpaceExplorer:GlueShot","RobotSpaceExplorer:ShovelStrike+1"],"picked":"RobotSpaceExplorer:MiniBoosters","floor":22},{"not_picked":["RobotSpaceExplorer:SurgingShield+1","RobotSpaceExplorer:BlastShield"],"picked":"RobotSpaceExplorer:DualCore","floor":24},{"not_picked":["RobotSpaceExplorer:SwiftStep","RobotSpaceExplorer:DoubleFind+1","RobotSpaceExplorer:StunGrenade+1"],"picked":"SKIP","floor":27},{"not_picked":["RobotSpaceExplorer:Smokescreen+1","RobotSpaceExplorer:Electroshield+1","RobotSpaceExplorer:Ammunition"],"picked":"SKIP","floor":28},{"not_picked":["RobotSpaceExplorer:ShockKick+1","RobotSpaceExplorer:Ammunition+1","RobotSpaceExplorer:SlimeMissile+1"],"picked":"SKIP","floor":29},{"not_picked":["RobotSpaceExplorer:PlasmaMissile+1","RobotSpaceExplorer:StunGrenade+1"],"picked":"RobotSpaceExplorer:PowerCollector","floor":30},{"not_picked":["RobotSpaceExplorer:DroneSwarm","RobotSpaceExplorer:Explosion+1"],"picked":"RobotSpaceExplorer:Accelerator","floor":33},{"not_picked":["RobotSpaceExplorer:ImprovisedAttack+1","RobotSpaceExplorer:ShockKick+1","RobotSpaceExplorer:JunkDive"],"picked":"SKIP","floor":35},{"not_picked":["RobotSpaceExplorer:Counterblock","RobotSpaceExplorer:DoubleFind+1","RobotSpaceExplorer:Ammunition"],"picked":"SKIP","floor":36},{"not_picked":["RobotSpaceExplorer:GlueShot+1","RobotSpaceExplorer:IronShell","RobotSpaceExplorer:DoubleBlock"],"picked":"SKIP","floor":37},{"not_picked":["RobotSpaceExplorer:Probe+1","RobotSpaceExplorer:ShockKick+1","RobotSpaceExplorer:SwiftStep"],"picked":"SKIP","floor":38},{"not_picked":["RobotSpaceExplorer:StarLightning+1","RobotSpaceExplorer:DoubleFind+1"],"picked":"RobotSpaceExplorer:DualCore","floor":39},{"not_picked":["RobotSpaceExplorer:Asteroid+1","RobotSpaceExplorer:IronShell+1","RobotSpaceExplorer:Pulsar"],"picked":"SKIP","floor":41},{"not_picked":["RobotSpaceExplorer:StunGrenade+1","RobotSpaceExplorer:FrostMissile+1","RobotSpaceExplorer:ShockKick+1"],"picked":"SKIP","floor":42},{"not_picked":["RobotSpaceExplorer:StarLightning+1","RobotSpaceExplorer:FranticSearch+1","RobotSpaceExplorer:StunGrenade+1"],"picked":"SKIP","floor":45},{"not_picked":["RobotSpaceExplorer:ShockKick+1","RobotSpaceExplorer:SurgingStrike+1"],"picked":"RobotSpaceExplorer:MiniBoosters","floor":46},{"not_picked":["RobotSpaceExplorer:FranticSearch+1","RobotSpaceExplorer:MakeshiftVolley+1","RobotSpaceExplorer:Pulsar"],"picked":"SKIP","floor":47},{"not_picked":["RobotSpaceExplorer:Comet","RobotSpaceExplorer:ShockMissile+1"],"picked":"RobotSpaceExplorer:Exploration","floor":50}],"player_experience":576244,"relics_obtained":[{"floor":4,"key":"Pen Nib"},{"floor":6,"key":"Turnip"},{"floor":8,"key":"Molten Egg 2"},{"floor":9,"key":"Art of War"},{"floor":13,"key":"Bronze Scales"},{"floor":24,"key":"Anchor"},{"floor":26,"key":"RobotSpaceExplorer:PlasmaHourglass"},{"floor":27,"key":"Blood Vial"},{"floor":41,"key":"Ornamental Fan"},{"floor":43,"key":"Toy Ornithopter"},{"floor":45,"key":"Mummified Hand"}],"event_choices":[],"is_beta":false,"boss_relics":[{"not_picked":["Coffee Dripper","Runic Pyramid"],"picked":"Sozu"},{"not_picked":["Velvet Choker","expansioncontent:StudyCardRelic"],"picked":"RobotSpaceExplorer:SearchSpecs"}],"items_purged_floors":[19,31],"is_endless":false,"potions_floor_spawned":[3,4,6,14,16,18,24,27,28,33,35,37,45,47,50],"ascension_level":0}}