{"host":"3jjxuhjpio8e4zkv","time":1608426109,"event":{"mods":["BaseMod","Colored Map","Highlight Path","Minty Spire (QoL Compilation)","Permanent Neow","StSLib"],"gold_per_floor":[19,19,69,89,106,132,142,157,157,188,188,199,199,199],"floor_reached":13,"playtime":579,"items_purged":[],"score":194,"play_id":"ff0d018f-02f2-4b49-9245-cf21251c11b3","local_time":"20201219200149","is_ascension_mode":true,"campfire_choices":[{"data":"Malaise","floor":11,"key":"SMITH"}],"circlet_count":0,"master_deck":["AscendersBane","Strike_G","Strike_G","Strike_G","Strike_G","Strike_G","Defend_G","Defend_G","Defend_G","Defend_G","Defend_G","Survivor","Neutralize","Unload+1","Dagger Spray","Malaise+1","Backstab","Dash","Noxious Fumes"],"relics":["Ring of the Snake","Sundial","Incense Burner","The Courier"],"acts_visited":["Exordium"],"potions_floor_usage":[6,10],"damage_taken":[{"damage":4,"enemies":"Jaw Worm","floor":1,"turns":5},{"damage":0,"enemies":"2 Louse","floor":4,"turns":3},{"damage":1,"enemies":"Cultist","floor":5,"turns":3},{"damage":24,"enemies":"Gremlin Nob","floor":6,"turns":4},{"damage":6,"enemies":"Large Slime","floor":7,"turns":7},{"damage":12,"enemies":"Exordium Wildlife","floor":8,"turns":4},{"damage":1,"enemies":"3 Sentries","floor":10,"turns":8},{"damage":0,"enemies":"2 Fungi Beasts","floor":12,"turns":6},{"damage":17,"enemies":"Lagavulin","floor":13,"turns":8}],"seed_played":"-8485077458875858995","potions_obtained":[{"floor":1,"key":"DistilledChaos"},{"floor":5,"key":"SpeedPotion"}],"is_trial":false,"path_per_floor":["M","?","?","M","M","E","M","M","T","E","R","M","E"],"character_chosen":"THE_SILENT","items_purchased":[],"campfire_rested":0,"item_purchase_floors":[],"current_hp_per_floor":[55,55,55,55,54,30,24,12,12,11,11,11,0,0],"gold":199,"neow_bonus":"THREE_RARE_CARDS","is_daily":false,"chose_seed":false,"campfire_upgraded":1,"win_rate":0.0,"timestamp":1608426109,"path_taken":["M","?","?","M","M","E","M","?","T","E","R","M","E"],"items_purchased_type":[],"build_version":"2020-12-13","purchased_purges":0,"victory":false,"max_hp_per_floor":[66,66,66,66,66,66,66,66,66,66,66,66,66,66],"card_choices":[{"not_picked":["Night Terror","Tools of the Trade"],"picked":"Unload","floor":0},{"not_picked":["Riddle With Holes","Dodge and Roll","Choke"],"picked":"SKIP","floor":1},{"not_picked":["Poisoned Stab","Deflect"],"picked":"Dagger Spray","floor":4},{"not_picked":["Dodge and Roll","Dagger Throw"],"picked":"Malaise","floor":5},{"not_picked":["Deadly Poison","All Out Attack","Masterful Stab"],"picked":"SKIP","floor":6},{"not_picked":["Expertise","Dagger Throw"],"picked":"Backstab","floor":7},{"not_picked":["Dagger Throw","Underhanded Strike"],"picked":"Dash","floor":8},{"not_picked":["Flying Knee","Blade Dance","Prepared"],"picked":"SKIP","floor":10},{"not_picked":["Slice","Poisoned Stab"],"picked":"Noxious Fumes","floor":12}],"player_experience":1058094,"relics_obtained":[{"floor":6,"key":"Sundial"},{"floor":9,"key":"Incense Burner"},{"floor":10,"key":"The Courier"}],"event_choices":[{"damage_healed":0,"gold_gain":0,"player_choice":"Grow","damage_taken":0,"max_hp_gain":0,"max_hp_loss":0,"event_name":"Living Wall","floor":2,"gold_loss":0,"cards_upgraded":["Unload"]},{"damage_healed":0,"gold_gain":50,"player_choice":"Pray","damage_taken":0,"max_hp_gain":0,"max_hp_loss":0,"event_name":"Golden Shrine","floor":3,"gold_loss":0}],"is_beta":false,"boss_relics":[],"items_purged_floors":[],"is_endless":false,"potions_floor_spawned":[1,5],"killed_by":"Lagavulin","ascension_level":20}}