{"host":"x7uw0zl1hulx3jrn","time":1608507654,"event":{"mods":["BaseMod","BetterRewards","Card Filter","Colored Powertips","Highlight Path","KOR Keyword Fix","Minty Spire (QoL Compilation)","Shop Mod","StSLib","SuperFastMode","Td1madao Mod"],"gold_per_floor":[111,124,143,143,143,177,187,217,217,228,260,260,12,12,12,111,111,130,130,153,153,14,14,49,49,49,85,105,139,158,198,210,315,327,352,378,390,402,445,457,494,60,60,76,76,12,12,33,33,33,33,33,33,0,41,41],"floor_reached":57,"playtime":3136,"items_purged":["Strike_C","Strike_C","Defend_C","Defend_C","Strike_C","Rupture","Defend_C"],"score":3621,"play_id":"a857ba33-b929-427d-971e-7bdd2ea2758c","local_time":"20201221084054","is_ascension_mode":true,"campfire_choices":[{"data":"Machining","floor":12.0,"key":"SMITH"},{"data":"Load Balancing","floor":15.0,"key":"SMITH"},{"data":"Fire Up","floor":23.0,"key":"SMITH"},{"data":"Chip","floor":25,"key":"SMITH"},{"data":"Break Into","floor":32,"key":"SMITH"},{"data":"Defend_C","floor":40,"key":"PURGE"},{"floor":45,"key":"RECALL"},{"data":"Preloading","floor":49,"key":"PURGE"},{"data":"Shockwave Tdmadao+1","floor":53,"key":"PURGE"}],"circlet_count":0,"master_deck":["AscendersBane","Knight Kick+1","Chip+1","Load Balancing+1","Fire Up+1","Resistance+1","Here Defend Chip+1","Machining+1","Injury","Im Angry+1","Cursed Blade+1","Awareness+1","Flash of Steel","Ruin Defend","Break Into+1","Overclocking","CurseOfTheBell","Here Defend Chip+1","Fire Up+1","E MP+1","Ruin Defend","Parasite","Furious+1","Preparedness+1"],"relics":["Apod","Darkstone Periapt","Medical Kit","MerchantsRug","Matryoshka","Meat on the Bone","Sling","Potion Belt","Letter Opener","Membership Card","Frozen Egg 2","Gambling Chip","Chemical X","PreservedInsect","Art of War","The Courier","Ornamental Fan","Bag of Marbles","Pen Nib","Lantern","Peace Pipe","Whetstone","Girl Clothes","Golden Idol","Black Star","StrikeDummy","White Beast Statue","Gremlin Horn","Kunai","Bag of Preparation","Mb Ring","Blue Candle","Vajra","MawBank","Bronze Scales","Calling Bell","Juzu Bracelet","Pantograph","Calipers","StoneCalendar","DollysMirror","HornCleat","Lsj Skin","InkBottle","Shuriken","Bottled Lightning"],"acts_visited":["Exordium","TheCity","TheBeyond","TheEnding"],"potions_floor_usage":[24,29,29,33,41,44,51,56,56,56],"damage_taken":[{"damage":12.0,"enemies":"Small Slimes","floor":1.0,"turns":4.0},{"damage":4.0,"enemies":"Jaw Worm","floor":2.0,"turns":5.0},{"damage":3.0,"enemies":"2 Louse","floor":3.0,"turns":3.0},{"damage":14.0,"enemies":"3 Sentries","floor":6.0,"turns":9.0},{"damage":9.0,"enemies":"Exordium Wildlife","floor":7.0,"turns":5.0},{"damage":8.0,"enemies":"Lagavulin","floor":8.0,"turns":6.0},{"damage":13.0,"enemies":"Large Slime","floor":10.0,"turns":5.0},{"damage":1.0,"enemies":"Gremlin Nob","floor":11.0,"turns":3.0},{"damage":33.0,"enemies":"Slime Boss","floor":16.0,"turns":10.0},{"damage":27.0,"enemies":"Shell Parasite","floor":18.0,"turns":5.0},{"damage":10.0,"enemies":"2 Thieves","floor":20.0,"turns":4.0},{"damage":20,"enemies":"Slavers","floor":24,"turns":4},{"damage":32,"enemies":"Gremlin Leader","floor":27,"turns":3},{"damage":0,"enemies":"Cultist and Chosen","floor":28,"turns":11},{"damage":18,"enemies":"Book of Stabbing","floor":29,"turns":5},{"damage":19,"enemies":"Snake Plant","floor":30,"turns":4},{"damage":0,"enemies":"Slavers","floor":31,"turns":4},{"damage":0,"enemies":"Collector","floor":33,"turns":6},{"damage":0,"enemies":"Orb Walker","floor":35,"turns":2},{"damage":0,"enemies":"3 Darklings","floor":36,"turns":4},{"damage":0,"enemies":"Mind Bloom Boss Battle","floor":39,"turns":5},{"damage":0,"enemies":"Transient","floor":41,"turns":6},{"damage":3,"enemies":"Writhing Mass","floor":44,"turns":7},{"damage":10,"enemies":"Sphere and 2 Shapes","floor":48,"turns":4},{"damage":1,"enemies":"Time Eater","floor":50,"turns":7},{"damage":43,"enemies":"Awakened One","floor":51,"turns":11},{"damage":8,"enemies":"Shield and Spear","floor":55,"turns":6},{"damage":29,"enemies":"The Heart","floor":56,"turns":8}],"seed_played":"2707562453707892075","potions_obtained":[{"floor":2.0,"key":"GamblersBrew"},{"floor":8.0,"key":"SneckoOil"},{"floor":10.0,"key":"AttackPotion"},{"floor":16.0,"key":"Strength Potion"},{"floor":20.0,"key":"Block Potion"},{"floor":24,"key":"SneckoOil"},{"floor":27,"key":"AttackPotion"},{"floor":28,"key":"AttackPotion"},{"floor":29,"key":"LiquidMemories"},{"floor":30,"key":"Fire Potion"},{"floor":33,"key":"FairyPotion"},{"floor":41,"key":"Fruit Juice"},{"floor":44,"key":"DuplicationPotion"},{"floor":48,"key":"Dexterity Potion"},{"floor":55,"key":"CultistPotion"}],"is_trial":false,"path_per_floor":["M","M","M","?","?","E","M","E","T","M","E","R","$","?","R","B",null,"M","?","M","?","$","R","E","R","T","E","M","E","M","E","R","B",null,"M","M","?","?","?","R","M","$","T","M","R","$","?","M","R","B","B",null,"R","$","E","B",null],"character_chosen":"TD1MADAO_CLASS","items_purchased":["Darkstone Periapt","Medical Kit","MerchantsRug","Matryoshka","Meat on the Bone","Load Balancing","Sling","Potion Belt","Letter Opener","Membership Card","Frozen Egg 2","Gambling Chip","Fire Up","Chemical X","Lantern","Peace Pipe","Whetstone","Girl Clothes","Flash of Steel","DollysMirror","HornCleat","Lsj Skin","InkBottle","Furious+1","LiquidMemories"],"campfire_rested":0,"item_purchase_floors":[0,0,0,0,0,0,0,0,0,0,0,0,0,0,13,13,13,13,22,42,42,42,42,46,54],"current_hp_per_floor":[48,44,41,41,30,28,31,35,35,34,45,45,45,51,51,30,62,47,47,37,37,37,37,32,32,32,16,43,42,41,46,46,59,76,77,79,79,79,79,79,84,84,84,90,90,90,90,90,90,90,86,89,89,89,90,84],"gold":41,"neow_bonus":"","is_daily":false,"chose_seed":false,"campfire_upgraded":5,"win_rate":0.0,"timestamp":1608507654,"path_taken":["M","M","M","?","?","E","M","E","T","M","E","R","$","?","R","BOSS","M","?","M","?","$","R","E","R","T","E","?","E","M","E","R","BOSS","M","M","?","?","?","R","M","$","T","M","R","$","?","M","R","BOSS","BOSS","R","$","E","BOSS"],"items_purchased_type":["Relic","Relic","Relic","Relic","Relic","Card","Relic","Relic","Relic","Relic","Relic","Relic","Card","Relic","Relic","Relic","Relic","Relic","Card","Relic","Relic","Relic","Relic","Card","Potion"],"build_version":"2020-12-13","purchased_purges":7,"victory":true,"max_hp_per_floor":[67,67,67,67,67,67,67,67,67,67,67,67,67,73,73,73,73,73,73,73,73,73,73,73,73,73,73,73,73,73,73,73,73,79,79,79,79,79,79,79,84,84,84,90,90,90,90,90,90,90,90,90,90,90,90,90],"card_choices":[{"not_picked":["Fixing","Fire Blade"],"picked":"Resistance","floor":1.0},{"not_picked":["Lore","Sudden Beat"],"picked":"Here Defend Chip+1","floor":2.0},{"not_picked":["Oblique Hack","Light Attack","Three Hit"],"picked":"SKIP","floor":3.0},{"not_picked":["Provocative","Rupture","White Contract"],"picked":"SKIP","floor":6.0},{"not_picked":["Weapon Shift","Black Execution"],"picked":"Machining","floor":7.0},{"not_picked":["Trader","Black Shadow"],"picked":"Shockwave Tdmadao+1","floor":8.0},{"not_picked":["Resistance","White Contract","Machining"],"picked":"SKIP","floor":10.0},{"not_picked":["Machining","Judgment"],"picked":"Rupture","floor":11.0},{"not_picked":["Chip Synthesis","Bursts"],"picked":"Im Angry+1","floor":16.0},{"not_picked":["Floating Swing Kick","Energy Supply"],"picked":"Cursed Blade","floor":18.0},{"not_picked":["Here Defend Chip+1","New Defend Magic","Fire Blade"],"picked":"SKIP","floor":20.0},{"not_picked":["Black Dance","Black Execution","Fire Blade"],"picked":"SKIP","floor":24},{"not_picked":["Thunder Jump","Rupture"],"picked":"Preloading","floor":27},{"not_picked":["Here Defend Chip+1","Perfect Defend+1","Three Hit"],"picked":"SKIP","floor":28},{"not_picked":["Revenge+1","Lunge"],"picked":"Ruin Defend","floor":29},{"not_picked":["Trader","Cursed Blade","Twin Teeth"],"picked":"SKIP","floor":30},{"not_picked":["Afterwards","Here Defend Chip+1"],"picked":"Break Into","floor":31},{"not_picked":["Moon Tear","Memory Alloy"],"picked":"Overclocking","floor":33},{"not_picked":["Lore","Here Defend Chip+1","Cursed Blade"],"picked":"SKIP","floor":35},{"not_picked":["Bugfix","Break Into+1"],"picked":"Here Defend Chip+1","floor":36},{"not_picked":["Winding Magic","Resistance"],"picked":"E MP+1","floor":39},{"not_picked":["Sudden Beat","Fire Up","Rupture"],"picked":"SKIP","floor":41},{"not_picked":["Oblique Hack+1","Resistance","Black Execution"],"picked":"SKIP","floor":44},{"not_picked":["Cursed Blade","Cooling Song","Trader+1"],"picked":"SKIP","floor":48},{"not_picked":["Coercion+1","Paralysis"],"picked":"Preparedness+1","floor":55}],"player_experience":468143,"relics_obtained":[{"floor":6.0,"key":"Art of War"},{"floor":8.0,"key":"The Courier"},{"floor":9.0,"key":"Ornamental Fan"},{"floor":9.0,"key":"Bag of Marbles"},{"floor":11.0,"key":"Pen Nib"},{"floor":24,"key":"StrikeDummy"},{"floor":24,"key":"White Beast Statue"},{"floor":26,"key":"Gremlin Horn"},{"floor":26,"key":"Kunai"},{"floor":27,"key":"Bag of Preparation"},{"floor":27,"key":"Mb Ring"},{"floor":29,"key":"Blue Candle"},{"floor":29,"key":"Vajra"},{"floor":31,"key":"MawBank"},{"floor":31,"key":"Bronze Scales"},{"floor":34,"key":"Juzu Bracelet"},{"floor":34,"key":"Pantograph"},{"floor":34,"key":"Calipers"},{"floor":39,"key":"StoneCalendar"},{"floor":55,"key":"Shuriken"},{"floor":55,"key":"Bottled Lightning"}],"event_choices":[{"cards_removed":["Strike_C"],"damage_healed":0.0,"max_hp_gain":0.0,"max_hp_loss":0.0,"gold_gain":0.0,"event_name":"Living Wall","player_choice":"Forget","floor":4.0,"gold_loss":0.0,"damage_taken":0.0},{"damage_healed":0.0,"max_hp_gain":0.0,"max_hp_loss":0.0,"gold_gain":0.0,"event_name":"Scrap Ooze","player_choice":"Success","floor":5.0,"gold_loss":0.0,"damage_taken":11.0,"relics_obtained":["PreservedInsect"]},{"damage_healed":0.0,"max_hp_gain":0.0,"max_hp_loss":0.0,"gold_gain":0.0,"event_name":"Golden Idol","player_choice":"Take Wound","floor":14.0,"gold_loss":0.0,"damage_taken":0.0,"relics_obtained":["Golden Idol"],"cards_obtained":["Injury"]},{"damage_healed":0.0,"max_hp_gain":0.0,"max_hp_loss":0.0,"gold_gain":0.0,"event_name":"Vampires","player_choice":"Ignored","floor":19.0,"gold_loss":0.0,"damage_taken":0.0},{"damage_healed":0.0,"max_hp_gain":0.0,"max_hp_loss":0.0,"gold_gain":0.0,"event_name":"Accursed Blacksmith","player_choice":"Forge","floor":21.0,"gold_loss":0.0,"damage_taken":0.0,"cards_upgraded":["Cursed Blade"]},{"damage_healed":0,"gold_gain":0,"player_choice":"Copied","damage_taken":0,"max_hp_gain":0,"max_hp_loss":0,"event_name":"Duplicator","floor":37,"gold_loss":0,"cards_obtained":["Fire Up"]},{"damage_healed":0,"gold_gain":0,"player_choice":"Ignored","damage_taken":0,"max_hp_gain":0,"max_hp_loss":0,"event_name":"Tomb of Lord Red Mask","floor":38,"gold_loss":0},{"damage_healed":0,"gold_gain":0,"player_choice":"Fight","damage_taken":0,"max_hp_gain":0,"max_hp_loss":0,"event_name":"MindBloom","floor":39,"gold_loss":0},{"damage_healed":0,"gold_gain":0,"player_choice":"Ignored","damage_taken":0,"max_hp_gain":0,"max_hp_loss":0,"event_name":"The Moai Head","floor":47,"gold_loss":0}],"is_beta":false,"boss_relics":[{"not_picked":["Runic Pyramid","Sozu"],"picked":"Black Star"},{"not_picked":["Cursed Key","Snecko Eye"],"picked":"Calling Bell"}],"items_purged_floors":[0,0,0,0,0,22,42],"is_endless":false,"potions_floor_spawned":[2,8,10,16,20,24,27,28,29,30,31,33,35,36,39,41,44,48,55],"ascension_level":20}}