{"host":"08sn1703g14rasc1","time":1608494432,"event":{"mods":["AchievementEnabler","BaseMod","Colored Map","Colored Powertips","Hermit","Minty Spire (QoL Compilation)","StSLib"],"gold_per_floor":[111,111,36,36,36,36,60,22,22,36,36,36,57,96,96,244,244,264,224,245,264,7,51,51,69,95,95,115,15,15,15],"floor_reached":30,"playtime":742,"items_purged":["Defend_B","Strike_B"],"score":360,"play_id":"01eb50fd-a8ad-4503-8e9b-79e26140c794","local_time":"20201220120032","is_ascension_mode":true,"campfire_choices":[{"data":"Zap","floor":6.0,"key":"SMITH"},{"data":"Scrape","floor":11.0,"key":"SMITH"},{"floor":15.0,"key":"REST"},{"floor":24,"key":"REST"},{"floor":27,"key":"REST"}],"circlet_count":0,"master_deck":["Strike_B","Defend_B","Defend_B","Defend_B","Zap+1","Dualcast","Gash","Gash","Scrape+1","Conserve Battery","Beam Cell","Electrodynamics","Go for the Eyes","Consume","Gash+1","Gash","BootSequence+1","Sweeping Beam","Chaos+1"],"relics":["Cracked Core","Potion Belt","Golden Idol","GremlinMask","Pen Nib","Lizard Tail","Empty Cage","Juzu Bracelet","Toy Ornithopter","PreservedInsect"],"acts_visited":["Exordium","TheCity"],"potions_floor_usage":[23,23,30],"damage_taken":[{"damage":0.0,"enemies":"Cultist","floor":1.0,"turns":3.0},{"damage":3.0,"enemies":"2 Louse","floor":7.0,"turns":3.0},{"damage":0.0,"enemies":"Small Slimes","floor":10.0,"turns":2.0},{"damage":23.0,"enemies":"Red Slaver","floor":13.0,"turns":4.0},{"damage":28.0,"enemies":"Gremlin Nob","floor":14.0,"turns":4.0},{"damage":8.0,"enemies":"Slime Boss","floor":16.0,"turns":8.0},{"damage":28.0,"enemies":"2 Thieves","floor":18.0,"turns":3.0},{"damage":1.0,"enemies":"Spheric Guardian","floor":20.0,"turns":3.0},{"damage":33.0,"enemies":"Centurion and Healer","floor":21.0,"turns":4.0},{"damage":23,"enemies":"Gremlin Leader","floor":23,"turns":6},{"damage":0,"enemies":"Chosen and Byrds","floor":25,"turns":4},{"damage":19,"enemies":"3 Cultists","floor":28,"turns":4},{"damage":53,"enemies":"Snecko","floor":30,"turns":5}],"seed_played":"-3513421782556033239","potions_obtained":[{"floor":7.0,"key":"ColorlessPotion"},{"floor":16.0,"key":"SpeedPotion"},{"floor":19.0,"key":"LiquidMemories"},{"floor":19.0,"key":"Ancient Potion"},{"floor":19.0,"key":"DuplicationPotion"},{"floor":25,"key":"Dexterity Potion"},{"floor":28,"key":"GamblersBrew"}],"is_trial":false,"path_per_floor":["M","?","$","?","?","R","M","$","T","M","R","?","M","E","R","B",null,"M","?","M","M","$","E","R","M","T","R","M","$","M"],"character_chosen":"DEFECT","items_purchased":["Scrape","Gash","Juzu Bracelet","SkillPotion"],"campfire_rested":3,"item_purchase_floors":[8,22,22,22],"current_hp_per_floor":[68,68,68,68,68,68,65,65,65,65,65,65,42,14,36,28,63,35,35,34,1,1,17,39,39,39,61,42,42,0,0],"gold":15,"neow_bonus":"RANDOM_COMMON_RELIC","is_daily":false,"chose_seed":false,"campfire_upgraded":2,"win_rate":0.0,"timestamp":1608494432,"path_taken":["M","?","?","?","?","R","?","$","T","M","R","?","M","E","R","BOSS","M","?","?","?","?","E","R","M","T","R","M","?","M"],"items_purchased_type":["Card","Card","Relic","Potion"],"build_version":"2020-12-13","purchased_purges":2,"victory":false,"max_hp_per_floor":[75,75,75,75,75,75,75,75,75,75,75,75,75,75,75,75,75,75,75,75,75,75,75,75,75,75,75,75,75,75,75],"card_choices":[{"not_picked":["Blizzard","Double Energy"],"picked":"Gash","floor":1.0},{"not_picked":["Sweeping Beam","Reinforced Body"],"picked":"Gash","floor":7.0},{"not_picked":["Aggregate","Doom and Gloom","Tempest"],"picked":"SKIP","floor":10.0},{"not_picked":["Barrage","Rebound"],"picked":"Conserve Battery","floor":13.0},{"not_picked":["Capacitor","Steam Power"],"picked":"Beam Cell","floor":14.0},{"not_picked":["Seek","Hyperbeam"],"picked":"Electrodynamics","floor":16.0},{"not_picked":["Force Field+1","Darkness"],"picked":"Go for the Eyes","floor":18.0},{"not_picked":["Aggregate","Go for the Eyes"],"picked":"Consume","floor":20.0},{"not_picked":["Coolheaded","Recycle"],"picked":"Gash+1","floor":21.0},{"not_picked":["Rebound","Compile Driver"],"picked":"BootSequence+1","floor":23},{"not_picked":["Lockon","Barrage+1"],"picked":"Sweeping Beam","floor":25},{"not_picked":["Rebound+1","Tempest"],"picked":"Chaos+1","floor":28}],"player_experience":412858,"relics_obtained":[{"floor":9.0,"key":"Pen Nib"},{"floor":14.0,"key":"Lizard Tail"},{"floor":23,"key":"Toy Ornithopter"},{"floor":26,"key":"PreservedInsect"}],"event_choices":[{"cards_removed":["Strike_B"],"damage_healed":0.0,"max_hp_gain":0.0,"max_hp_loss":0.0,"gold_gain":0.0,"event_name":"Purifier","player_choice":"Purged","floor":2.0,"gold_loss":0.0,"damage_taken":0.0},{"damage_healed":0.0,"max_hp_gain":0.0,"max_hp_loss":0.0,"gold_gain":0.0,"event_name":"Golden Idol","player_choice":"Take Wound","floor":4.0,"gold_loss":0.0,"damage_taken":0.0,"relics_obtained":["Golden Idol"],"cards_obtained":["Injury"]},{"damage_healed":0.0,"max_hp_gain":0.0,"max_hp_loss":0.0,"gold_gain":0.0,"event_name":"FaceTrader","player_choice":"Trade","floor":5.0,"gold_loss":0.0,"damage_taken":0.0,"relics_obtained":["GremlinMask"]},{"damage_healed":0.0,"max_hp_gain":0.0,"max_hp_loss":0.0,"gold_gain":0.0,"event_name":"Liars Game","player_choice":"Ignored","floor":12.0,"gold_loss":0.0,"damage_taken":0.0},{"damage_healed":0.0,"max_hp_gain":0.0,"max_hp_loss":0.0,"gold_gain":0.0,"event_name":"The Woman in Blue","player_choice":"Bought 3 Potions","floor":19.0,"gold_loss":0.0,"damage_taken":0.0}],"is_beta":false,"boss_relics":[{"not_picked":["Runic Pyramid","SlaversCollar"],"picked":"Empty Cage"}],"items_purged_floors":[3,29],"is_endless":false,"potions_floor_spawned":[7,16,25,28],"killed_by":"Snecko","ascension_level":7}}