{"host":"51dweoxrcspgw6ri","time":1608469543,"event":{"mods":["BaseMod","Colored Map","Colored Powertips","Minty Spire (QoL Compilation)","Rare Cards Sparkle","Relic Stats","StSLib","SuperFastMode","The Bug Knight"],"gold_per_floor":[110,110,124,37,56,56,85,85,111,111,127,160,198,216,216,313,313,323,338,0,15,290,290,306,334,409,409,334,366,385,17,17,120,120,134,134,152,152,77,77,106,106,106,106,121,152,152,166,166,166,166,166,12,41,41,41],"floor_reached":55,"playtime":3297,"items_purged":["HollowMod:DashSlash","HollowMod:LuriensSpire+1"],"score":891,"play_id":"2c7f4b74-0d14-4592-bfb9-7c18b6f52ff9","local_time":"20201220140543","is_ascension_mode":true,"campfire_choices":[{"data":"HollowMod:InfectedAttack","floor":6.0,"key":"SMITH"},{"data":"HollowMod:GreatSlash","floor":8.0,"key":"SMITH"},{"data":"HollowMod:FocusHealStart","floor":10.0,"key":"SMITH"},{"data":"HollowMod:PerfectDash","floor":15,"key":"SMITH"},{"data":"HollowMod:SlysStrikes","floor":23,"key":"SMITH"},{"data":"Mayhem","floor":27,"key":"SMITH"},{"data":"Mayhem","floor":32,"key":"SMITH"},{"floor":40,"key":"RECALL"},{"data":"HollowMod:AwokenDreamNail","floor":42,"key":"SMITH"},{"data":"HollowMod:SiblingsSouls","floor":49,"key":"SMITH"},{"data":"HollowMod:PerfectDash","floor":52,"key":"SMITH"}],"circlet_count":0,"master_deck":["HollowMod:NailStrikeStart","HollowMod:NailStrikeStart","HollowMod:NailStrikeStart","HollowMod:NailStrikeStart","HollowMod:QuickDashStart","HollowMod:QuickDashStart","HollowMod:PogoStrike","HollowMod:PerfectDash+1","HollowMod:InfectedAttack+1","Dark Shackles","HollowMod:GreatSlash+1","HollowMod:PerfectDash+1","HollowMod:CloakDash","HollowMod:MantisMark","HollowMod:SlysStrikes+1","HollowMod:ZotesMagnificence","Mayhem+1","HollowMod:PerfectDash+1","HollowMod:ChannelNail","HollowMod:CycloneSlash+1","Mayhem+1","HollowMod:AwokenDreamNail+1","HollowMod:PureNailStrike+1","HollowMod:RecoilStrike+1","HollowMod:CloakDash","HollowMod:MothsMistake","HollowMod:SiblingsSouls+1","HollowMod:MantisMark+1","HollowMod:SoulVessel+1","Dark Shackles"],"relics":["HollowMod:VesselMask","NeowsBlessing","Smiling Mask","Orichalcum","HollowMod:PaleOreRelic","Sozu","HollowMod:JonisBlessing","Juzu Bracelet","Mercury Hourglass","Strawberry","Oddly Smooth Stone","Astrolabe","Omamori","Frozen Egg 2","Kunai"],"acts_visited":["Exordium","TheCity","TheBeyond","TheEnding"],"potions_floor_usage":[13,19],"damage_taken":[{"damage":0.0,"enemies":"2 Louse","floor":1.0,"turns":1.0},{"damage":0.0,"enemies":"Cultist","floor":3.0,"turns":1.0},{"damage":0.0,"enemies":"Small Slimes","floor":5.0,"turns":1.0},{"damage":0.0,"enemies":"Gremlin Nob","floor":7.0,"turns":4.0},{"damage":0.0,"enemies":"Exordium Wildlife","floor":11.0,"turns":4.0},{"damage":13,"enemies":"3 Sentries","floor":12,"turns":5},{"damage":0,"enemies":"Large Slime","floor":13,"turns":3},{"damage":0,"enemies":"2 Fungi Beasts","floor":14,"turns":2},{"damage":48,"enemies":"The Guardian","floor":16,"turns":14},{"damage":0,"enemies":"Chosen","floor":18,"turns":5},{"damage":0,"enemies":"HollowMod:HuskSentry","floor":19,"turns":4},{"damage":0,"enemies":"Centurion and Healer","floor":21,"turns":4},{"damage":0,"enemies":"Snake Plant","floor":24,"turns":4},{"damage":4,"enemies":"HollowMod:Nosk","floor":25,"turns":8},{"damage":0,"enemies":"Slavers","floor":29,"turns":5},{"damage":0,"enemies":"Shelled Parasite and Fungi","floor":30,"turns":5},{"damage":0,"enemies":"Champ","floor":33,"turns":9},{"damage":0,"enemies":"Orb Walker","floor":35,"turns":3},{"damage":0,"enemies":"3 Shapes","floor":37,"turns":3},{"damage":11,"enemies":"Giant Head","floor":41,"turns":6},{"damage":0,"enemies":"Jaw Worm Horde","floor":45,"turns":3},{"damage":34,"enemies":"Nemesis","floor":46,"turns":7},{"damage":0,"enemies":"Spire Growth","floor":48,"turns":5},{"damage":65,"enemies":"Donu and Deca","floor":50,"turns":8},{"damage":61,"enemies":"Shield and Spear","floor":54,"turns":7},{"damage":43,"enemies":"The Heart","floor":55,"turns":9}],"seed_played":"-1431181962538827645","potions_obtained":[{"floor":5.0,"key":"ColorlessPotion"},{"floor":7.0,"key":"SmokeBomb"},{"floor":12,"key":"ColorlessPotion"},{"floor":16,"key":"Strength Potion"}],"is_trial":false,"path_per_floor":["M","?","M","$","M","R","E","R","T","R","M","E","M","M","R","B",null,"M","M","$","M","?","R","M","E","T","R","?","E","M","$","R","B",null,"M","?","M","?","$","R","E","R","T","?","M","E","?","M","R","B",null,"R","$","E","B"],"character_chosen":"THE_BUGKNIGHT","items_purchased":["Dark Shackles","HollowMod:JonisBlessing","Mayhem","Mayhem","Oddly Smooth Stone","HollowMod:SiblingsSouls","HollowMod:SoulVessel+1","Dark Shackles"],"campfire_rested":0,"item_purchase_floors":[4,20,20,31,31,39,53,53],"current_hp_per_floor":[75,75,75,75,75,75,75,75,75,75,75,68,68,68,68,32,75,75,75,75,75,75,75,75,71,71,71,71,78,78,78,78,78,82,82,78,78,78,78,78,67,67,67,67,67,33,78,78,78,13,78,78,78,17,0,0],"gold":41,"neow_bonus":"THREE_ENEMY_KILL","is_daily":false,"chose_seed":false,"campfire_upgraded":10,"win_rate":0.0,"timestamp":1608469543,"path_taken":["M","?","?","?","M","R","E","R","T","R","M","E","M","M","R","BOSS","M","M","$","M","?","R","M","E","T","R","?","E","M","$","R","BOSS","M","?","M","?","?","R","E","R","T","?","M","E","?","M","R","BOSS","R","$","E","BOSS"],"items_purchased_type":["Card","Relic","Card","Card","Relic","Card","Card","Card"],"build_version":"2020-12-13","purchased_purges":2,"victory":false,"max_hp_per_floor":[75,75,75,75,75,75,75,75,75,75,75,75,75,75,75,75,75,75,75,75,75,75,75,75,75,75,75,75,82,82,82,82,82,82,82,78,78,78,78,78,78,78,78,78,78,78,78,78,78,78,78,78,78,78,78,78],"relic_stats":{"Sozu":6,"counters":[26,130],"Astrolabe":["HollowMod:PureNailStrike","HollowMod:LuriensSpire","HollowMod:RecoilStrike"],"Juzu Bracelet":2,"Kunai":[4],"Orichalcum":[252],"Smiling Mask":75,"obtain_stats":[{"NeowsBlessing":0,"Astrolabe":34,"HollowMod:JonisBlessing":20,"Oddly Smooth Stone":31,"HollowMod:VesselMask":0,"Juzu Bracelet":25,"Omamori":41,"Orichalcum":9,"Frozen Egg 2":46,"Smiling Mask":7,"Mercury Hourglass":26,"Sozu":17,"Strawberry":29,"HollowMod:PaleOreRelic":12,"Kunai":54},{"NeowsBlessing":0,"Astrolabe":17,"HollowMod:JonisBlessing":11,"Oddly Smooth Stone":16,"HollowMod:VesselMask":0,"Juzu Bracelet":14,"Omamori":20,"Orichalcum":4,"Frozen Egg 2":22,"Smiling Mask":4,"Mercury Hourglass":14,"Sozu":9,"Strawberry":15,"HollowMod:PaleOreRelic":6,"Kunai":25},{"NeowsBlessing":0,"Astrolabe":79,"HollowMod:JonisBlessing":44,"Oddly Smooth Stone":70,"HollowMod:VesselMask":0,"Juzu Bracelet":60,"Omamori":91,"Orichalcum":7,"Frozen Egg 2":101,"Smiling Mask":7,"Mercury Hourglass":60,"Sozu":35,"Strawberry":65,"HollowMod:PaleOreRelic":16,"Kunai":121}],"Mercury Hourglass":[216]},"card_choices":[{"not_picked":["HollowMod:LifebloodCocoon","HollowMod:SoulVessel"],"picked":"HollowMod:PerfectDash","floor":1.0},{"not_picked":["HollowMod:BaldurShell","HollowMod:SharpenedNail"],"picked":"HollowMod:InfectedAttack","floor":3.0},{"not_picked":["HollowMod:DoubleDash","HollowMod:Grubsong"],"picked":"HollowMod:DashSlash","floor":5.0},{"not_picked":["HollowMod:InfectedAttack","HollowMod:ShapeofUnn"],"picked":"HollowMod:GreatSlash","floor":7.0},{"not_picked":["HollowMod:SiblingsShadow","HollowMod:InfectedAttack"],"picked":"HollowMod:PerfectDash","floor":11.0},{"not_picked":["HollowMod:LordofShades","HollowMod:BlackTendrils"],"picked":"HollowMod:CloakDash","floor":12},{"not_picked":["HollowMod:GrimmsGift","HollowMod:BaldurShell"],"picked":"HollowMod:NewLittleFool","floor":13},{"not_picked":["HollowMod:WraithStrike","HollowMod:InfectedAttack"],"picked":"HollowMod:MantisMark","floor":14},{"not_picked":["HollowMod:SoulMaster","HollowMod:PureVessel"],"picked":"HollowMod:SlysStrikes","floor":16},{"not_picked":["HollowMod:DashSlash+1","HollowMod:QuirrelsAssistance","HollowMod:TaintedHusks"],"picked":"SKIP","floor":18},{"not_picked":["HollowMod:TaintedHusks+1","HollowMod:BaldurShell"],"picked":"HollowMod:ZotesMagnificence","floor":19},{"not_picked":["HollowMod:InfectionAssault","HollowMod:BaldurShell"],"picked":"HollowMod:PerfectDash","floor":21},{"not_picked":["HollowMod:FastStrike","HollowMod:DesolateDive"],"picked":"HollowMod:ChannelNail","floor":24},{"not_picked":["HollowMod:NewJinnsSoul","HollowMod:MidwifesHunger","HollowMod:SoulShaman"],"picked":"SKIP","floor":25},{"not_picked":["HollowMod:ShadowDash","HollowMod:WraithStrike"],"picked":"HollowMod:CycloneSlash+1","floor":29},{"not_picked":["HollowMod:HeavyBlow+1","HollowMod:WraithStrike","HollowMod:ShapeofUnn+1"],"picked":"SKIP","floor":30},{"not_picked":["HollowMod:SoulMaster","HollowMod:HornetsHelp"],"picked":"HollowMod:AwokenDreamNail","floor":33},{"not_picked":["HollowMod:HeavyBlow","HollowMod:DescendingDark+1"],"picked":"HollowMod:CloakDash","floor":35},{"not_picked":["HollowMod:InfectedCysts+1","HollowMod:CloakDash"],"picked":"HollowMod:MothsMistake","floor":37},{"not_picked":["HollowMod:PureVessel","HollowMod:Grubsong+1","HollowMod:MonarchWings+1"],"picked":"SKIP","floor":41},{"not_picked":["HollowMod:NewLittleFool","HollowMod:VengefulSpirit","HollowMod:DungDefenderAura+1"],"picked":"SKIP","floor":45},{"not_picked":["HollowMod:HornetsHelp","HollowMod:CornifersMapStart"],"picked":"HollowMod:MantisMark+1","floor":46},{"not_picked":["HollowMod:HowlingWraiths","HollowMod:DashSlash","HollowMod:MonomonsArchive"],"picked":"SKIP","floor":48},{"not_picked":["HollowMod:VengefulVoid","HollowMod:SiblingsShadow+1","HollowMod:SharpenedNail"],"picked":"SKIP","floor":54}],"player_experience":536015,"relics_obtained":[{"floor":7.0,"key":"Smiling Mask"},{"floor":9.0,"key":"Orichalcum"},{"floor":12,"key":"HollowMod:PaleOreRelic"},{"floor":25,"key":"Juzu Bracelet"},{"floor":26,"key":"Mercury Hourglass"},{"floor":29,"key":"Strawberry"},{"floor":41,"key":"Omamori"},{"floor":46,"key":"Frozen Egg 2"},{"floor":54,"key":"Kunai"}],"event_choices":[{"damage_healed":0.0,"max_hp_gain":0.0,"max_hp_loss":0.0,"gold_gain":0.0,"event_name":"Upgrade Shrine","player_choice":"Upgraded","floor":2.0,"gold_loss":0.0,"damage_taken":0.0,"cards_upgraded":["HollowMod:PerfectDash"]},{"damage_healed":0,"gold_gain":275,"player_choice":"Desecrate","damage_taken":0,"max_hp_gain":0,"max_hp_loss":0,"event_name":"Golden Shrine","floor":22,"gold_loss":0,"cards_obtained":["Regret"]},{"cards_removed":["Regret"],"damage_healed":0,"gold_gain":0,"player_choice":"Gave Gold","damage_taken":0,"max_hp_gain":0,"max_hp_loss":0,"event_name":"Beggar","floor":28,"gold_loss":75},{"damage_healed":0,"gold_gain":0,"player_choice":"Max HP","damage_taken":0,"max_hp_gain":0,"max_hp_loss":4,"event_name":"Winding Halls","floor":36,"gold_loss":0},{"cards_removed":["HollowMod:FocusHealStart"],"damage_healed":0,"gold_gain":0,"player_choice":"Removed Skill","damage_taken":0,"max_hp_gain":0,"max_hp_loss":0,"event_name":"Falling","floor":38,"gold_loss":0},{"damage_healed":45,"gold_gain":0,"player_choice":"Heal","damage_taken":0,"max_hp_gain":0,"max_hp_loss":0,"event_name":"MindBloom","floor":47,"gold_loss":0,"cards_obtained":["Doubt"]}],"is_beta":false,"boss_relics":[{"not_picked":["SacredBark","Empty Cage"],"picked":"Sozu"},{"not_picked":["SlaversCollar","Fusion Hammer"],"picked":"Astrolabe"}],"items_purged_floors":[31,39],"is_endless":false,"potions_floor_spawned":[5,7,12,16,21,24,33,35,46,54],"killed_by":"The Heart","ascension_level":1}}