{"host":"j4nfyhit1dl35m08","time":1608504916,"event":{"mods":["BaseMod","Highlight Path","Minty Spire (QoL Compilation)","StSLib"],"gold_per_floor":[118,130,147,195,211,211,211,241,241,241,253,14,46,66,66,163,163,175,194,194,194,210,237,237,254,329,27,39,74,74,85,85,185,185,203,163,55,55,71,104,119,137,137,163,183,236,56,74,74,74],"floor_reached":51,"playtime":4673,"items_purged":["Defend_B","Strike_B"],"score":883,"play_id":"2871808d-6efc-4354-8453-a107e4d21259","local_time":"20201220165516","is_ascension_mode":true,"campfire_choices":[{"floor":6,"key":"REST"},{"floor":10,"key":"REST"},{"floor":15,"key":"REST"},{"data":"Sunder","floor":24,"key":"SMITH"},{"data":"Sunder","floor":30,"key":"SMITH"},{"data":"Chaos","floor":32,"key":"SMITH"},{"data":"Coolheaded","floor":49,"key":"SMITH"}],"circlet_count":0,"master_deck":["Strike_B","Defend_B","Defend_B","Defend_B","Zap","Dualcast","Fusion","Conserve Battery","Rebound+1","Cold Snap+1","Steam Power","Sunder+1","Chaos+1","Double Energy","Biased Cognition+1","Hologram+1","Coolheaded+1","Defragment+1","Self Repair+1","Sunder+1","Creative AI+1","Glacier+1","Defragment+1","Leap+1","Consume+1"],"relics":["Snecko Eye","Blood Vial","Mercury Hourglass","Darkstone Periapt","Frozen Egg 2","Whetstone","Busted Crown","Boot","Toxic Egg 2","OrangePellets","Bottled Flame","Inserter","Symbiotic Virus","Meat on the Bone","MealTicket","FossilizedHelix"],"acts_visited":["Exordium","TheCity","TheBeyond"],"potions_floor_usage":[8,14,16,16,23,23,44,46,50],"damage_taken":[{"damage":5,"enemies":"Cultist","floor":1,"turns":4},{"damage":10,"enemies":"Small Slimes","floor":2,"turns":4},{"damage":2,"enemies":"Jaw Worm","floor":3,"turns":3},{"damage":11,"enemies":"Red Slaver","floor":5,"turns":5},{"damage":59,"enemies":"Gremlin Nob","floor":8,"turns":6},{"damage":7,"enemies":"Blue Slaver","floor":11,"turns":3},{"damage":11,"enemies":"3 Sentries","floor":13,"turns":4},{"damage":17,"enemies":"Exordium Thugs","floor":14,"turns":3},{"damage":14,"enemies":"Slime Boss","floor":16,"turns":7},{"damage":1,"enemies":"Shell Parasite","floor":18,"turns":3},{"damage":3,"enemies":"Chosen","floor":19,"turns":3},{"damage":1,"enemies":"Snecko","floor":22,"turns":4},{"damage":23,"enemies":"Gremlin Leader","floor":23,"turns":6},{"damage":11,"enemies":"Chosen and Byrds","floor":25,"turns":4},{"damage":21,"enemies":"Snake Plant","floor":28,"turns":3},{"damage":20,"enemies":"Slavers","floor":29,"turns":4},{"damage":7,"enemies":"Cultist and Chosen","floor":31,"turns":3},{"damage":14,"enemies":"Automaton","floor":33,"turns":9},{"damage":16,"enemies":"3 Darklings","floor":35,"turns":3},{"damage":2,"enemies":"3 Shapes","floor":39,"turns":3},{"damage":0,"enemies":"Reptomancer","floor":40,"turns":7},{"damage":0,"enemies":"Maw","floor":41,"turns":8},{"damage":32,"enemies":"Writhing Mass","floor":42,"turns":6},{"damage":18,"enemies":"Nemesis","floor":44,"turns":5},{"damage":15,"enemies":"Spire Growth","floor":45,"turns":5},{"damage":30,"enemies":"2 Orb Walkers","floor":46,"turns":5},{"damage":0,"enemies":"Sphere and 2 Shapes","floor":48,"turns":4},{"damage":41,"enemies":"Time Eater","floor":50,"turns":8}],"seed_played":"-1380098062585044358","potions_obtained":[{"floor":3,"key":"Regen Potion"},{"floor":5,"key":"Swift Potion"},{"floor":8,"key":"SteroidPotion"},{"floor":13,"key":"AttackPotion"},{"floor":14,"key":"BlessingOfTheForge"},{"floor":18,"key":"Block Potion"},{"floor":19,"key":"BlessingOfTheForge"},{"floor":23,"key":"Weak Potion"},{"floor":31,"key":"FairyPotion"},{"floor":35,"key":"PotionOfCapacity"},{"floor":42,"key":"PowerPotion"},{"floor":44,"key":"Block Potion"},{"floor":46,"key":"BlessingOfTheForge"}],"is_trial":false,"path_per_floor":["M","M","M","T","M","R","?","E","T","R","M","$","E","M","R","B",null,"M","M","?","?","M","E","R","M","T","$","M","E","R","M","R","B",null,"M","?","$","$","M","E","M","M","T","E","M","?","$","M","R","B",null],"character_chosen":"DEFECT","items_purchased":["Frozen Egg 2","OrangePellets","Self Repair+1","Glacier+1","Defragment+1","Consume+1"],"campfire_rested":3,"item_purchase_floors":[12,27,27,37,37,47],"current_hp_per_floor":[70,60,58,58,49,71,71,14,14,36,31,31,22,7,29,32,75,74,72,72,72,73,52,52,43,43,43,34,26,26,31,31,19,75,59,59,59,59,69,75,75,53,53,69,66,48,63,75,75,56],"gold":74,"neow_bonus":"BOSS_RELIC","is_daily":false,"chose_seed":false,"campfire_upgraded":4,"win_rate":0.0,"timestamp":1608504916,"path_taken":["M","M","?","?","M","R","?","E","T","R","M","$","E","?","R","BOSS","M","M","?","?","M","E","R","?","T","$","M","E","R","M","R","BOSS","M","?","?","$","M","E","M","M","T","E","?","?","$","M","R","BOSS"],"items_purchased_type":["Relic","Relic","Card","Card","Card","Card"],"build_version":"2020-12-13","purchased_purges":2,"victory":true,"max_hp_per_floor":[75,75,75,75,75,75,75,75,75,75,75,75,75,75,75,75,75,75,75,75,75,75,75,75,75,75,75,75,75,75,75,75,75,75,75,75,75,75,75,75,75,75,75,75,75,75,75,75,75,75],"card_choices":[{"not_picked":["Streamline","Rip and Tear"],"picked":"Fusion","floor":1},{"not_picked":["Beam Cell","Force Field"],"picked":"Conserve Battery","floor":2},{"not_picked":["Beam Cell","Scrape"],"picked":"Rebound","floor":3},{"not_picked":["Sweeping Beam","Stack"],"picked":"Cold Snap","floor":5},{"not_picked":["Static Discharge","Conserve Battery"],"picked":"Sunder","floor":8},{"not_picked":["Cold Snap","Darkness"],"picked":"Chaos","floor":11},{"not_picked":["Streamline","Scrape","BootSequence"],"picked":"SKIP","floor":13},{"not_picked":["Force Field","Rebound"],"picked":"Double Energy","floor":14},{"not_picked":["Seek","Hyperbeam"],"picked":"Biased Cognition+1","floor":16},{"not_picked":[],"picked":"Hologram","floor":18},{"not_picked":[],"picked":"Coolheaded","floor":19},{"not_picked":["Stack"],"picked":"SKIP","floor":22},{"not_picked":["Beam Cell"],"picked":"SKIP","floor":23},{"not_picked":["Stack"],"picked":"SKIP","floor":25},{"not_picked":["Rebound"],"picked":"SKIP","floor":28},{"not_picked":[],"picked":"Sunder","floor":29},{"not_picked":["Go for the Eyes"],"picked":"SKIP","floor":31},{"not_picked":[],"picked":"Creative AI+1","floor":33},{"not_picked":["Barrage"],"picked":"SKIP","floor":35},{"not_picked":["Capacitor+1"],"picked":"SKIP","floor":39},{"not_picked":["Sweeping Beam+1"],"picked":"SKIP","floor":40},{"not_picked":["Gash"],"picked":"SKIP","floor":41},{"not_picked":["Rebound+1"],"picked":"SKIP","floor":42},{"not_picked":["Stack+1"],"picked":"SKIP","floor":44},{"not_picked":[],"picked":"Leap+1","floor":45},{"not_picked":["Blizzard+1"],"picked":"SKIP","floor":48}],"player_experience":308543,"relics_obtained":[{"floor":4,"key":"Blood Vial"},{"floor":8,"key":"Mercury Hourglass"},{"floor":9,"key":"Darkstone Periapt"},{"floor":13,"key":"Whetstone"},{"floor":23,"key":"Boot"},{"floor":26,"key":"Toxic Egg 2"},{"floor":29,"key":"Bottled Flame"},{"floor":40,"key":"Symbiotic Virus"},{"floor":43,"key":"Meat on the Bone"},{"floor":44,"key":"MealTicket"},{"floor":46,"key":"FossilizedHelix"}],"event_choices":[{"damage_healed":0,"gold_gain":0,"cards_transformed":["Strike_B"],"player_choice":"Transformed","damage_taken":0,"max_hp_gain":0,"max_hp_loss":0,"event_name":"Transmorgrifier","floor":7,"gold_loss":0,"cards_obtained":["Steam Power"]},{"damage_healed":0,"gold_gain":0,"player_choice":"Read","damage_taken":0,"max_hp_gain":0,"max_hp_loss":0,"event_name":"The Library","floor":20,"gold_loss":0,"cards_obtained":["Defragment"]},{"cards_removed":["Strike_B"],"damage_healed":0,"gold_gain":0,"player_choice":"Purged","damage_taken":0,"max_hp_gain":0,"max_hp_loss":0,"event_name":"Purifier","floor":21,"gold_loss":0},{"damage_healed":0,"gold_gain":0,"player_choice":"Upgrade","damage_taken":0,"max_hp_gain":0,"max_hp_loss":0,"event_name":"Designer","floor":36,"gold_loss":40,"cards_upgraded":["Hologram"]},{"damage_healed":0,"gold_gain":0,"player_choice":"Fight","damage_taken":0,"max_hp_gain":0,"max_hp_loss":0,"event_name":"Mysterious Sphere","floor":46,"gold_loss":0}],"is_beta":false,"boss_relics":[{"not_picked":["SacredBark","Runic Pyramid"],"picked":"Busted Crown"},{"not_picked":["Tiny House","Sozu"],"picked":"Inserter"}],"items_purged_floors":[27,47],"is_endless":false,"potions_floor_spawned":[3,5,8,13,14,18,19,23,31,35,42,44,46],"ascension_level":4}}