{"host":"baymyijz6sxaqj5s","time":1608448121,"event":{"mods":["AchievementEnabler","BaseMod","KOR Keyword Fix","Keyboard Shortcuts","Minty Spire (QoL Compilation)","StSLib"],"gold_per_floor":[118,128,128,142,161,161,161,161,187,199,145,172,172,184,184,281,281,295,308,308,308],"floor_reached":20,"playtime":633,"items_purged":[],"score":191,"play_id":"c5a56822-4c15-4c73-8ef6-ed979a585c29","local_time":"20201220160841","is_ascension_mode":false,"campfire_choices":[{"floor":6,"key":"REST"},{"data":"Heavy Blade","floor":8,"key":"SMITH"},{"data":"Body Slam","floor":15,"key":"SMITH"}],"circlet_count":0,"master_deck":["Strike_R","Strike_R","Strike_R","Strike_R","Strike_R","Defend_R","Defend_R","Defend_R","Defend_R","Bash","Shrug It Off","Heavy Blade+1","Inflame","Body Slam+1","Thunderclap","Reaper","Flame Barrier+1"],"relics":["Burning Blood","Bag of Preparation","Strawberry","Omamori","Black Star"],"acts_visited":["Exordium","TheCity"],"potions_floor_usage":[14,14,16,16,19,20],"damage_taken":[{"damage":1,"enemies":"Jaw Worm","floor":1,"turns":5},{"damage":6,"enemies":"Small Slimes","floor":2,"turns":4},{"damage":1,"enemies":"2 Louse","floor":4,"turns":3},{"damage":40,"enemies":"Exordium Thugs","floor":5,"turns":8},{"damage":7,"enemies":"Looter","floor":10,"turns":3},{"damage":2,"enemies":"Gremlin Gang","floor":14,"turns":5},{"damage":35,"enemies":"Slime Boss","floor":16,"turns":8},{"damage":67,"enemies":"Spheric Guardian","floor":18,"turns":8},{"damage":32,"enemies":"3 Byrds","floor":19,"turns":5},{"damage":19,"enemies":"Snake Plant","floor":20,"turns":6}],"seed_played":"-4850275277926871047","potions_obtained":[{"floor":2,"key":"DuplicationPotion"},{"floor":4,"key":"Dexterity Potion"},{"floor":10,"key":"EssenceOfSteel"},{"floor":14,"key":"Swift Potion"},{"floor":18,"key":"LiquidBronze"},{"floor":19,"key":"SpeedPotion"}],"is_trial":false,"path_per_floor":["M","M","?","M","M","R","?","R","T","M","$","T","?","M","R","B",null,"M","M","M"],"character_chosen":"IRONCLAD","items_purchased":["Body Slam"],"campfire_rested":1,"item_purchase_floors":[11],"current_hp_per_floor":[88,88,88,88,54,80,68,68,75,74,74,74,74,78,78,49,95,34,14,0,0],"gold":308,"neow_bonus":"TEN_PERCENT_HP_BONUS","is_daily":false,"chose_seed":false,"campfire_upgraded":2,"win_rate":0.0,"timestamp":1608448121,"path_taken":["M","M","?","M","M","R","?","R","T","M","?","?","?","M","R","BOSS","M","M","M"],"items_purchased_type":["Card"],"build_version":"2020-12-13","purchased_purges":0,"victory":false,"max_hp_per_floor":[88,88,88,88,88,88,88,88,95,95,95,95,95,95,95,95,95,95,95,95,95],"card_choices":[{"not_picked":["Perfected Strike","Searing Blow"],"picked":"Shrug It Off","floor":1},{"not_picked":["Whirlwind","Warcry","Flex"],"picked":"SKIP","floor":2},{"not_picked":["Pommel Strike","Cleave"],"picked":"Heavy Blade","floor":4},{"not_picked":["Wild Strike","Searing Blow","Sentinel"],"picked":"SKIP","floor":5},{"not_picked":["Pommel Strike","Reaper"],"picked":"Inflame","floor":10},{"not_picked":["Shrug It Off","Havoc"],"picked":"Thunderclap","floor":14},{"not_picked":["Corruption","Fiend Fire"],"picked":"Reaper","floor":16},{"not_picked":["Armaments","Perfected Strike","Flex"],"picked":"SKIP","floor":18},{"not_picked":["Warcry","Uppercut"],"picked":"Flame Barrier+1","floor":19}],"player_experience":143715,"relics_obtained":[{"floor":9,"key":"Strawberry"},{"floor":12,"key":"Omamori"}],"event_choices":[{"damage_healed":0,"gold_gain":0,"player_choice":"Ignored","damage_taken":0,"max_hp_gain":0,"max_hp_loss":0,"event_name":"Golden Idol","floor":3,"gold_loss":0},{"damage_healed":0,"gold_gain":0,"player_choice":"Success","damage_taken":12,"relics_obtained":["Bag of Preparation"],"max_hp_gain":0,"max_hp_loss":0,"event_name":"Scrap Ooze","floor":7,"gold_loss":0},{"damage_healed":0,"gold_gain":0,"player_choice":"Searched \u00270\u0027 times","damage_taken":0,"max_hp_gain":0,"max_hp_loss":0,"event_name":"Dead Adventurer","floor":13,"gold_loss":0}],"is_beta":false,"boss_relics":[{"not_picked":["Busted Crown","Ectoplasm"],"picked":"Black Star"}],"items_purged_floors":[],"is_endless":false,"potions_floor_spawned":[2,4,10,14,18,19],"killed_by":"Snake Plant","ascension_level":0}}