{"host":"kta213tp32cz47du","time":1608499266,"event":{"mods":["BaseMod","Better Altar","Better Match","Better Note","Better Sensory Stone","Better Skull","Better Third Choice","Better Vampires","Colored Map","Colored Powertips","Conspire","Curses Come First","Displayed Cursed Tome","Downfall","Hubris","Infinite Spire","Magitek Elite","Marisa????????","Minty Spire (QoL Compilation)","Permanent Neow","QueenMod","Quick Restart","Rare Cards Sparkle","Replay The Spire","Shade Mod","Shop Mod","Spikes Relics","StSLib","The Animator","The Blue Laboratory","The Bug Knight","The Cursed","The Servant 0.9.4","TheSwordswoman","TheWitcher","vexMod"],"gold_per_floor":[128,128,151,169,169,213,226,226,252,252,327,351,6,23,23,23,23],"floor_reached":16,"playtime":1224,"items_purged":[],"score":102,"play_id":"3d01b3b8-6d53-4b84-a92b-75fb2e2228eb","local_time":"20201220212106","is_ascension_mode":false,"campfire_choices":[{"floor":8,"key":"REST"},{"data":"SnafuTest:BountyHunt","floor":10,"key":"SMITH"}],"circlet_count":0,"master_deck":["SnafuTest:DefaultCommonAttack","SnafuTest:DefaultCommonAttack","SnafuTest:DefaultCommonAttack","SnafuTest:BountyHunt+1","SnafuTest:DefaultCommonSkill","SnafuTest:DefaultCommonSkill","SnafuTest:DefaultCommonSkill","SnafuTest:SignYrden","SnafuTest:WeddingDance","SnafuTest:SwordDance+1","SnafuTest:CareTaker","SnafuTest:ArmoredSortie","SnafuTest:LeadingCharge","Replay:SS_fish_2","Chrysalis","SnafuTest:SwordDance","SnafuTest:SwordDance","SnafuTest:BombDragonsDream","SnafuTest:CurseWeakArmy"],"relics":["SnafuTest:PlaceholderRelic","Ancient Tea Set","SnafuTest:IgniRelic","hubris:DisguiseKit"],"acts_visited":["Exordium"],"potions_floor_usage":[6,16,16,16],"damage_taken":[{"damage":4,"enemies":"Small Slimes","floor":1,"turns":5},{"damage":4,"enemies":"Cultist","floor":3,"turns":4},{"damage":6,"enemies":"2 Louse","floor":4,"turns":3},{"damage":35,"enemies":"3 Sentries","floor":6,"turns":10},{"damage":13,"enemies":"Blue Slaver","floor":7,"turns":3},{"damage":0,"enemies":"2 Fungi Beasts","floor":12,"turns":2},{"damage":8,"enemies":"Lots of Slimes","floor":14,"turns":2},{"damage":43,"enemies":"Hexaghost","floor":16,"turns":11}],"seed_played":"-5756356635297299431","potions_obtained":[{"floor":1,"key":"champ:CounterPotion"},{"floor":3,"key":"blueLaboratory:PyrophylliteBrew"},{"floor":4,"key":"PowerPotion"}],"is_trial":false,"path_per_floor":["M","?","M","M","?","E","M","R","T","R","?","M","$","M","R_BF","B"],"character_chosen":"THE_WITCHER","items_purchased":["Replay:SS_fish_2","Chrysalis","SnafuTest:SwordDance","blueLaboratory:FruitPunch"],"campfire_rested":1,"item_purchase_floors":[13,13,13,13],"current_hp_per_floor":[71,85,81,75,75,40,27,52,52,52,41,41,41,33,33,0,0],"gold":23,"neow_bonus":"ONE_RANDOM_RARE_CARD","is_daily":false,"chose_seed":false,"campfire_upgraded":1,"win_rate":0.0,"timestamp":1608499266,"path_taken":["M","?","?","M","?","E","M","R","T","R","?","M","$","M","R_BF","BOSS"],"items_purchased_type":["Card","Card","Card","Potion"],"build_version":"2020-12-13","purchased_purges":0,"victory":false,"max_hp_per_floor":[75,85,85,85,85,85,85,85,85,85,85,85,85,85,85,87,87],"card_choices":[{"not_picked":["SnafuTest:WorldMap","SnafuTest:PaySmithWorkshop"],"picked":"SnafuTest:WeddingDance","floor":1},{"not_picked":["SnafuTest:BombDimeritium","SnafuTest:Kick"],"picked":"SnafuTest:SwordDance","floor":3},{"not_picked":["SnafuTest:BombDimeritium","SnafuTest:ShoulderSlam","SnafuTest:NoPass"],"picked":"SKIP","floor":4},{"not_picked":["SnafuTest:PowerHangmenTree","SnafuTest:SpellButterflyIllusion"],"picked":"SnafuTest:CareTaker","floor":6},{"not_picked":["SnafuTest:BombDragonsDream","SnafuTest:SpellLivingArmor"],"picked":"SnafuTest:ArmoredSortie","floor":7},{"not_picked":["SnafuTest:ExcessiveLevies","SnafuTest:FlashingRaid"],"picked":"SnafuTest:LeadingCharge","floor":12},{"not_picked":["SnafuTest:SpellTortoise","SnafuTest:UndefeatedNarcissism"],"picked":"SnafuTest:BombDragonsDream","floor":14}],"player_experience":274381,"relics_obtained":[{"floor":6,"key":"Ancient Tea Set"},{"floor":9,"key":"SnafuTest:IgniRelic"}],"event_choices":[{"cards_removed":["SnafuTest:IndifferentImmortality"],"damage_healed":4,"gold_gain":0,"player_choice":"Offered Rare","damage_taken":0,"max_hp_gain":10,"max_hp_loss":0,"event_name":"Bonfire Elementals","floor":2,"gold_loss":0},{"damage_healed":0,"gold_gain":0,"player_choice":"Grow","damage_taken":0,"max_hp_gain":0,"max_hp_loss":0,"event_name":"Living Wall","floor":5,"gold_loss":0,"cards_upgraded":["SnafuTest:SwordDance"]},{"damage_healed":0,"gold_gain":75,"player_choice":"Gold","damage_taken":11,"max_hp_gain":0,"max_hp_loss":0,"event_name":"betterThird:BetterGoop","floor":11,"gold_loss":0}],"is_beta":false,"boss_relics":[],"items_purged_floors":[],"is_endless":false,"potions_floor_spawned":[1,3,4,14],"killed_by":"Hexaghost","ascension_level":0}}