{"host":"kw4o7b3ro2ktmmbe","time":1608448361,"event":{"mods":["BaseMod","Minty Spire (QoL Compilation)","StSLib","The Marked","Treasure Hunter"],"gold_per_floor":[111,111,111,111,36,36,66,66,90,90,90,100,112,128,128,227,227,241,260,260,279,20,49,49,49,73,101,114,124,124,134,134,238,238,258,258,277,291,291,291,291],"floor_reached":40,"playtime":4556,"items_purged":["theMarked:Strike"],"score":474,"play_id":"9af7fd8a-c16a-4c14-b028-fa8219e28e86","local_time":"20201220201241","is_ascension_mode":true,"campfire_choices":[{"data":"theMarked:SoldierOfQuellstein","floor":6.0,"key":"SMITH"},{"data":"theMarked:WardOff","floor":8.0,"key":"SMITH"},{"data":"TH:ElvenBoots","floor":10.0,"key":"SMITH"},{"data":"theMarked:HeritageOfTheMarked","floor":15.0,"key":"SMITH"},{"floor":25.0,"key":"REST"},{"floor":30.0,"key":"REST"},{"data":"theMarked:EternalStudent","floor":32.0,"key":"SMITH"}],"circlet_count":0,"master_deck":["theMarked:Strike","theMarked:Defend","theMarked:Defend","theMarked:Defend","theMarked:Defend","theMarked:SoldierOfQuellstein+1","theMarked:HeritageOfTheMarked+1","theMarked:WardOff+1","TH:CursedSword","theMarked:WardOff","TH:ElvenBoots+1","theMarked:EnhancedHearing","theMarked:ParalyzingBlade","TH:PixieDust","theMarked:EternalStudent+1","theMarked:EmpowerWeapon","theMarked:EmpowerWeapon","TH:PixieDust","theMarked:BanishingWave+1","TH:ElvenBoots","TH:DeckOfManyThings","theMarked:TurnInvisible+1","theMarked:WardOff+1","TH:CursedSword","theMarked:SuspiciousRaven+1","CurseOfTheBell","theMarked:StartUp+1","theMarked:RogueSparks+1"],"relics":["theMarked:ArtifactOfAir","NeowsBlessing","Regal Pillow","Art of War","Philosopher\u0027s Stone","Mummified Hand","PreservedInsect","StoneCalendar","Happy Flower","Toxic Egg 2","Calling Bell","Akabeko","Sundial","CaptainsWheel"],"acts_visited":["Exordium","TheCity","TheBeyond"],"potions_floor_usage":[],"damage_taken":[{"damage":0.0,"enemies":"Jaw Worm","floor":1.0,"turns":1.0},{"damage":0.0,"enemies":"Gremlin Nob","floor":7.0,"turns":1.0},{"damage":0.0,"enemies":"Small Slimes","floor":12.0,"turns":2.0},{"damage":1.0,"enemies":"Cultist","floor":13.0,"turns":4.0},{"damage":0.0,"enemies":"2 Fungi Beasts","floor":14.0,"turns":4.0},{"damage":42.0,"enemies":"Slime Boss","floor":16.0,"turns":7.0},{"damage":16.0,"enemies":"3 Byrds","floor":18.0,"turns":7.0},{"damage":4.0,"enemies":"Shell Parasite","floor":19.0,"turns":5.0},{"damage":13.0,"enemies":"Sentry and Sphere","floor":21.0,"turns":4.0},{"damage":14.0,"enemies":"Gremlin Leader","floor":23.0,"turns":7.0},{"damage":31.0,"enemies":"Slavers","floor":27.0,"turns":3.0},{"damage":0.0,"enemies":"Snecko","floor":28.0,"turns":5.0},{"damage":9.0,"enemies":"Centurion and Healer","floor":29.0,"turns":5.0},{"damage":19.0,"enemies":"Sentry and Sphere","floor":31.0,"turns":4.0},{"damage":25.0,"enemies":"Automaton","floor":33.0,"turns":9.0},{"damage":4.0,"enemies":"Orb Walker","floor":35.0,"turns":4.0},{"damage":42,"enemies":"3 Darklings","floor":37,"turns":5},{"damage":0,"enemies":"4 Shapes","floor":38,"turns":5},{"damage":24,"enemies":"Reptomancer","floor":40,"turns":4}],"seed_played":"-6550006291219049810","potions_obtained":[{"floor":7.0,"key":"Regen Potion"},{"floor":12.0,"key":"AttackPotion"},{"floor":14.0,"key":"Weak Potion"},{"floor":19.0,"key":"Strength Potion"},{"floor":20.0,"key":"Strength Potion"},{"floor":20.0,"key":"CultistPotion"},{"floor":21.0,"key":"Dexterity Potion"},{"floor":23.0,"key":"GamblersBrew"},{"floor":29.0,"key":"DistilledChaos"},{"floor":37,"key":"DuplicationPotion"}],"is_trial":false,"path_per_floor":["M","?","?","?","$","R","E","R","T","R","$","M","M","M","R","B",null,"M","M","?","M","$","E","?","R","T","E","M","M","R","M","R","B",null,"M","?","M","M","$","E"],"character_chosen":"THE_DEFAULT","items_purchased":["Mummified Hand"],"campfire_rested":2,"item_purchase_floors":[22],"current_hp_per_floor":[70,63,63,63,63,63,63,63,63,63,63,63,62,62,62,34,70,54,50,50,37,37,23,23,59,59,28,28,19,55,36,36,11,70,66,66,24,24,24,0,0],"gold":291,"neow_bonus":"THREE_ENEMY_KILL","is_daily":false,"chose_seed":false,"campfire_upgraded":5,"win_rate":0.0,"timestamp":1608448361,"path_taken":["M","?","?","?","?","R","E","R","T","R","$","M","?","M","R","BOSS","M","M","?","M","?","E","?","R","T","E","?","M","R","M","R","BOSS","M","?","M","?","?","E"],"items_purchased_type":["Relic"],"build_version":"2020-12-13","purchased_purges":1,"victory":false,"max_hp_per_floor":[70,70,70,70,70,70,70,70,70,70,70,70,70,70,70,70,70,70,70,70,70,70,70,70,70,70,70,70,70,70,70,70,70,70,70,70,70,70,70,70,70],"card_choices":[{"not_picked":["theMarked:SwordAndMagic","theMarked:TwofoldDefense"],"picked":"theMarked:HeritageOfTheMarked","floor":1.0},{"not_picked":["TH:Mimic"],"picked":"TH:CursedSword","floor":7.0},{"not_picked":["theMarked:Reabsorb","theMarked:Electrocute"],"picked":"theMarked:WardOff","floor":7.0},{"not_picked":["TH:Mimic"],"picked":"TH:ElvenBoots","floor":9.0},{"not_picked":["theMarked:SwordAndMagic","theMarked:HeightenedSenses","theMarked:WastefulAttack"],"picked":"SKIP","floor":12.0},{"not_picked":["theMarked:Parkour","theMarked:ShockingTouch"],"picked":"theMarked:EnhancedHearing","floor":13.0},{"not_picked":["theMarked:MysticalArsenal","theMarked:BanishingWave"],"picked":"theMarked:ParalyzingBlade","floor":14.0},{"not_picked":["TH:EnergyPotion"],"picked":"TH:PixieDust","floor":16.0},{"not_picked":["theMarked:DispelDoubt","theMarked:BindingBlade"],"picked":"theMarked:EternalStudent","floor":16.0},{"not_picked":["theMarked:StartUp","theMarked:ElectricStrings+1"],"picked":"theMarked:EmpowerWeapon","floor":18.0},{"not_picked":["theMarked:Aftermath","theMarked:Static"],"picked":"theMarked:EmpowerWeapon","floor":19.0},{"not_picked":["theMarked:Overcharge","theMarked:SelfDefenseTraining+1","theMarked:Static"],"picked":"SKIP","floor":21.0},{"not_picked":["TH:Mimic"],"picked":"TH:PixieDust","floor":23.0},{"not_picked":["theMarked:Electrocute","theMarked:Frustration"],"picked":"theMarked:BanishingWave+1","floor":23.0},{"not_picked":["TH:BikiniMail"],"picked":"TH:ElvenBoots","floor":26.0},{"not_picked":["TH:Mimic"],"picked":"TH:DeckOfManyThings","floor":27.0},{"not_picked":["theMarked:Convert+1","theMarked:Frustration+1","theMarked:LightningStrikesTwice"],"picked":"SKIP","floor":27.0},{"not_picked":["theMarked:Electrocute","theMarked:HeightenedSenses+1","theMarked:ReduceFriction+1"],"picked":"SKIP","floor":28.0},{"not_picked":["theMarked:BanishingWave","theMarked:EnhancedHearing"],"picked":"theMarked:TurnInvisible+1","floor":29.0},{"not_picked":["theMarked:Overcharge+1","theMarked:ResourceFulStrike"],"picked":"theMarked:WardOff+1","floor":31.0},{"not_picked":["TH:PixieDust"],"picked":"TH:CursedSword","floor":33.0},{"not_picked":["theMarked:ThrowWeapon","theMarked:UnarmedFury"],"picked":"theMarked:SuspiciousRaven+1","floor":33.0},{"not_picked":["theMarked:Electrocute","theMarked:ShockingTouch+1","theMarked:PowerFlow+1"],"picked":"SKIP","floor":35.0},{"not_picked":["theMarked:Overcharge+1","theMarked:ChainLightning"],"picked":"theMarked:StartUp+1","floor":37},{"not_picked":["theMarked:EnhancedHearing","theMarked:Static+1"],"picked":"theMarked:RogueSparks+1","floor":38}],"player_experience":1756299,"relics_obtained":[{"floor":7.0,"key":"Regal Pillow"},{"floor":9.0,"key":"Art of War"},{"floor":23.0,"key":"PreservedInsect"},{"floor":26.0,"key":"Happy Flower"},{"floor":27.0,"key":"Toxic Egg 2"},{"floor":34.0,"key":"Akabeko"},{"floor":34.0,"key":"Sundial"},{"floor":34.0,"key":"CaptainsWheel"}],"event_choices":[{"cards_removed":["theMarked:Strike"],"damage_healed":0.0,"max_hp_gain":0.0,"max_hp_loss":0.0,"gold_gain":0.0,"event_name":"Golden Wing","player_choice":"Card Removal","floor":2.0,"gold_loss":0.0,"damage_taken":7.0},{"damage_healed":0.0,"max_hp_gain":0.0,"max_hp_loss":0.0,"gold_gain":0.0,"cards_transformed":["theMarked:Strike"],"event_name":"Living Wall","player_choice":"Change","floor":3.0,"gold_loss":0.0,"damage_taken":0.0,"cards_obtained":["theMarked:WardOff"]},{"damage_healed":0.0,"max_hp_gain":0.0,"max_hp_loss":0.0,"gold_gain":0.0,"event_name":"Liars Game","player_choice":"Ignored","floor":4.0,"gold_loss":0.0,"damage_taken":0.0},{"damage_healed":0.0,"max_hp_gain":0.0,"max_hp_loss":0.0,"gold_gain":0.0,"event_name":"Lab","player_choice":"Got Potions","floor":20.0,"gold_loss":0.0,"damage_taken":0.0},{"damage_healed":0.0,"max_hp_gain":0.0,"max_hp_loss":0.0,"gold_gain":0.0,"event_name":"WeMeetAgain","player_choice":"Gave Potion","floor":24.0,"gold_loss":0.0,"damage_taken":0.0,"relics_obtained":["StoneCalendar"]},{"cards_removed":["theMarked:Strike"],"damage_healed":0.0,"max_hp_gain":0.0,"max_hp_loss":0.0,"gold_gain":0.0,"event_name":"Purifier","player_choice":"Purged","floor":36.0,"gold_loss":0.0,"damage_taken":0.0}],"is_beta":false,"boss_relics":[{"not_picked":["SacredBark","Snecko Eye"],"picked":"Philosopher\u0027s Stone"},{"not_picked":["Pandora\u0027s Box","Fusion Hammer"],"picked":"Calling Bell"}],"items_purged_floors":[5],"is_endless":false,"potions_floor_spawned":[7,12,14,19,21,23,29,37],"killed_by":"Reptomancer","ascension_level":1}}