{"host":"q89ui3xtee35wkxq","time":1608454417,"event":{"mods":["Act Like it!","BaseMod","BetterRewards","Colored Map","Colored Powertips","Custom Start","Minty Spire (QoL Compilation)","Rare Cards Sparkle","Shop Mod","Swap Starting Deck Mod"],"gold_per_floor":[118,131,151,151,170,195,205,233,233,252,278,278,243,255,255,359,359,370,370,236,236,248,248,248],"floor_reached":23,"playtime":3025,"items_purged":[],"score":383,"play_id":"91632535-d840-4a3e-98ce-c154899c2eea","local_time":"20201220115337","is_ascension_mode":true,"campfire_choices":[{"data":"Footwork","floor":15.0,"key":"SMITH"}],"circlet_count":0,"master_deck":["Quick Slash","Quick Slash","Quick Slash","Quick Slash","Quick Slash","Blur","Dodge and Roll","Dodge and Roll","Dodge and Roll","Dodge and Roll","Cloak And Dagger","Backflip","Dagger Spray","Dash","Tactician","Footwork+1","Prepared","Caltrops","Reflex","Acrobatics","Outmaneuver","Masterful Stab","After Image","Endless Agony","RitualDagger","Well Laid Plans","Cloak And Dagger","Accuracy"],"relics":["Ring of the Snake","MealTicket","Sundial","Prayer Wheel","Matryoshka","Philosopher\u0027s Stone","The Specimen"],"acts_visited":["Exordium","TheCity"],"potions_floor_usage":[18,23],"damage_taken":[{"damage":0.0,"enemies":"Small Slimes","floor":1.0,"turns":4.0},{"damage":0.0,"enemies":"Cultist","floor":2.0,"turns":3.0},{"damage":1.0,"enemies":"2 Louse","floor":3.0,"turns":4.0},{"damage":0.0,"enemies":"Looter","floor":5.0,"turns":5.0},{"damage":4.0,"enemies":"Gremlin Nob","floor":6.0,"turns":5.0},{"damage":7.0,"enemies":"3 Louse","floor":7.0,"turns":3.0},{"damage":16.0,"enemies":"Lagavulin","floor":8.0,"turns":11.0},{"damage":16.0,"enemies":"Gremlin Gang","floor":10.0,"turns":5.0},{"damage":0.0,"enemies":"3 Sentries","floor":11.0,"turns":6.0},{"damage":1.0,"enemies":"2 Fungi Beasts","floor":14.0,"turns":5.0},{"damage":20.0,"enemies":"Hexaghost","floor":16.0,"turns":12.0},{"damage":2,"enemies":"Chosen","floor":18,"turns":6},{"damage":2,"enemies":"3 Byrds","floor":22,"turns":6},{"damage":55,"enemies":"Slavers","floor":23,"turns":4}],"seed_played":"-3594263166979052982","potions_obtained":[{"floor":1.0,"key":"Swift Potion"},{"floor":3.0,"key":"Weak Potion"},{"floor":5.0,"key":"PowerPotion"},{"floor":10.0,"key":"BlessingOfTheForge"},{"floor":14.0,"key":"FearPotion"},{"floor":16.0,"key":"Swift Potion"},{"floor":22,"key":"AttackPotion"}],"is_trial":false,"path_per_floor":["M","M","M","?","M","E","M","E","T","M","E","?","?","M","R","B",null,"M","?","$","?","M","E"],"character_chosen":"THE_SILENT","items_purchased":["Well Laid Plans","Cloak And Dagger"],"campfire_rested":0,"item_purchase_floors":[20,20],"current_hp_per_floor":[53,53,52,52,52,48,41,25,25,9,9,26,39,38,38,18,44,42,36,51,51,49,0,0],"gold":248,"neow_bonus":"","is_daily":false,"chose_seed":false,"campfire_upgraded":1,"win_rate":0.0,"timestamp":1608454417,"path_taken":["M","M","M","?","?","E","M","E","T","M","E","?","?","M","R","BOSS","M","?","$","?","M","E"],"items_purchased_type":["Card","Card"],"build_version":"2020-12-13","purchased_purges":0,"victory":false,"max_hp_per_floor":[53,53,53,53,53,53,53,53,53,53,53,53,53,53,53,53,53,53,53,53,53,53,53,53],"card_choices":[{"not_picked":["Underhanded Strike","Deadly Poison","Dodge and Roll"],"picked":"SKIP","floor":1.0},{"not_picked":["Leg Sweep","Bane"],"picked":"Cloak And Dagger","floor":2.0},{"not_picked":["Bane","Quick Slash"],"picked":"Backflip","floor":3.0},{"not_picked":["Predator","Dagger Throw"],"picked":"Tactician","floor":5.0},{"not_picked":["Dodge and Roll","Calculated Gamble"],"picked":"Footwork","floor":6.0},{"not_picked":["Flying Knee","Skewer"],"picked":"Prepared","floor":7.0},{"not_picked":["Masterful Stab","Blur"],"picked":"Caltrops","floor":8.0},{"not_picked":["Outmaneuver","Quick Slash"],"picked":"Reflex","floor":10.0},{"not_picked":["Malaise","Dagger Spray"],"picked":"Acrobatics","floor":10.0},{"not_picked":["Acrobatics","Crippling Poison"],"picked":"Outmaneuver","floor":11.0},{"not_picked":["Flying Knee","Quick Slash"],"picked":"Masterful Stab","floor":14.0},{"not_picked":["Quick Slash","Dagger Spray","Leg Sweep"],"picked":"SKIP","floor":14.0},{"not_picked":["A Thousand Cuts","Wraith Form v2"],"picked":"After Image","floor":16.0},{"not_picked":["Reflex","PiercingWail"],"picked":"Endless Agony","floor":18},{"not_picked":["PiercingWail","Backstab+1","Deflect+1"],"picked":"SKIP","floor":18},{"not_picked":["Acrobatics","Well Laid Plans"],"picked":"Accuracy","floor":22},{"not_picked":["Backstab+1","Dagger Throw","Choke"],"picked":"SKIP","floor":22}],"player_experience":486767,"relics_obtained":[{"floor":6.0,"key":"MealTicket"},{"floor":8.0,"key":"Sundial"},{"floor":9.0,"key":"Prayer Wheel"},{"floor":11.0,"key":"Matryoshka"}],"event_choices":[{"damage_healed":0.0,"max_hp_gain":0.0,"max_hp_loss":0.0,"gold_gain":0.0,"event_name":"Match and Keep!","player_choice":"2 cards matched","floor":4.0,"gold_loss":0.0,"damage_taken":0.0,"cards_obtained":["Dagger Spray","Dash"]},{"damage_healed":17.0,"max_hp_gain":0.0,"max_hp_loss":0.0,"gold_gain":0.0,"event_name":"Big Fish","player_choice":"Banana","floor":12.0,"gold_loss":0.0,"damage_taken":0.0},{"damage_healed":13.0,"max_hp_gain":0.0,"max_hp_loss":0.0,"gold_gain":0.0,"event_name":"The Cleric","player_choice":"Healed","floor":13.0,"gold_loss":35.0,"damage_taken":0.0},{"damage_healed":0,"gold_gain":0,"player_choice":"Joined the Cult","damage_taken":6,"max_hp_gain":0,"max_hp_loss":0,"event_name":"Nest","floor":19,"gold_loss":0,"cards_obtained":["RitualDagger"]},{"damage_healed":0,"gold_gain":0,"player_choice":"Opened","damage_taken":0,"relics_obtained":["The Specimen"],"max_hp_gain":0,"max_hp_loss":0,"event_name":"The Mausoleum","floor":21,"gold_loss":0}],"is_beta":false,"boss_relics":[{"not_picked":["HoveringKite","Velvet Choker"],"picked":"Philosopher\u0027s Stone"}],"items_purged_floors":[],"is_endless":false,"potions_floor_spawned":[1,3,5,10,14,16,22],"killed_by":"Slavers","ascension_level":8}}