{"host":"pgqkv8mh62pnrbci","time":1608462431,"event":{"mods":["AchievementEnabler","BaseMod","Custom Start","Infinite Spire","Minty Spire (QoL Compilation)","Replay The Spire","StSLib","SuperFastMode","¡¼?Úª?ø«¡½REMEMod"],"gold_per_floor":[14,31,46,56,56,56,56,74,99,113,113,113,16,35,35,35,35],"floor_reached":16,"playtime":586,"items_purged":[],"score":203,"play_id":"9803853a-59bf-4ad2-9111-6b19502855ff","local_time":"20201220200711","is_ascension_mode":true,"campfire_choices":[{"data":"Neutralize","floor":6.0,"key":"SMITH"},{"data":"Infinite Blades","floor":15.0,"key":"SMITH"}],"circlet_count":0,"master_deck":["AscendersBane","Strike_G","Strike_G","Strike_G","Strike_G","Defend_G","Defend_G","Defend_G","Defend_G","Survivor","Neutralize+1","Echo Form","Dash","PiercingWail","Hidden Blade","Infinite Blades+1","Voices","ReplayTheSpireMod:Scrap Shanks","Blade Dance"],"relics":["Ring of the Snake","REME_ComplimentaryCards","Nunchaku","Golden Idol","Vajra","Ring of Hypnosis"],"acts_visited":["Exordium"],"potions_floor_usage":[16],"damage_taken":[{"damage":4.0,"enemies":"Cultist","floor":1.0,"turns":4.0},{"damage":0.0,"enemies":"Jaw Worm","floor":2.0,"turns":4.0},{"damage":0.0,"enemies":"Small Slimes","floor":3.0,"turns":4.0},{"damage":4.0,"enemies":"3 Louse","floor":4.0,"turns":4.0},{"damage":0.0,"enemies":"Looter","floor":8.0,"turns":5.0},{"damage":9.0,"enemies":"Gremlin Gang","floor":10.0,"turns":4.0},{"damage":0.0,"enemies":"Replay:BlueRogue","floor":12.0,"turns":1.0},{"damage":0.0,"enemies":"Red Slaver","floor":14.0,"turns":3.0},{"damage":20,"enemies":"Hexaghost","floor":16,"turns":9}],"seed_played":"-1418365728499844120","potions_obtained":[{"floor":2.0,"key":"SteroidPotion"},{"floor":3.0,"key":"Energy Potion"},{"floor":4.0,"key":"SmokeBomb"},{"floor":14.0,"key":"Block Potion"}],"is_trial":false,"path_per_floor":["M","M","M","M","?","R","?","M","T","M","?","E","$","M","R","B"],"character_chosen":"THE_SILENT","items_purchased":["ReplayTheSpireMod:Scrap Shanks","Blade Dance"],"campfire_rested":0,"item_purchase_floors":[13,13],"current_hp_per_floor":[55,55,55,51,51,51,28,28,28,19,19,19,19,19,19,0,0],"gold":35,"neow_bonus":"REMOVE_TWO","is_daily":false,"chose_seed":false,"campfire_upgraded":2,"win_rate":0.0,"timestamp":1608462431,"path_taken":["M","M","M","?","?","R","?","M","T","M","?","E","$","M","R","BOSS"],"items_purchased_type":["Card","Card"],"build_version":"2020-12-13","purchased_purges":0,"victory":false,"max_hp_per_floor":[66,66,66,66,66,66,66,66,66,66,66,66,66,66,66,66,66],"card_choices":[{"not_picked":["Outmaneuver","ReplayTheSpireMod:Exploit Weakness"],"picked":"Dash","floor":1.0},{"not_picked":["Poisoned Stab","Acrobatics"],"picked":"PiercingWail","floor":2.0},{"not_picked":["Underhanded Strike","Flying Knee","Deadly Poison"],"picked":"SKIP","floor":3.0},{"not_picked":["Sucker Punch","Setup","Quick Slash"],"picked":"SKIP","floor":4.0},{"not_picked":["Catalyst","Backflip"],"picked":"Hidden Blade","floor":8.0},{"not_picked":["Endless Agony","Backflip"],"picked":"Infinite Blades","floor":10.0},{"not_picked":["Dagger Throw","Outmaneuver","Deflect"],"picked":"SKIP","floor":14.0}],"player_experience":567347,"relics_obtained":[{"floor":5.0,"key":"Nunchaku"},{"floor":9.0,"key":"Vajra"},{"floor":11.0,"key":"Ring of Hypnosis"}],"event_choices":[{"damage_healed":0.0,"max_hp_gain":0.0,"max_hp_loss":0.0,"gold_gain":0.0,"event_name":"Golden Idol","player_choice":"Take Damage","floor":7.0,"gold_loss":0.0,"damage_taken":23.0,"relics_obtained":["Golden Idol"]}],"is_beta":false,"boss_relics":[],"items_purged_floors":[],"is_endless":false,"potions_floor_spawned":[2,3,4,14],"killed_by":"Hexaghost","ascension_level":19}}