{"host":"4id8injl4bo2b6ih","time":1608452703,"event":{"mods":["Act Like it!","BaseMod","Better Third Choice","Colored Map","Downfall","Friendly Minions","Highlight Path","Minty Spire (QoL Compilation)","Robot Space Explorer","Shop Mod","Spicy Shops","StSLib"],"gold_per_floor":[199,210,239,255,267,326,326,338,338,371,381,481,497,5,21,22,22],"floor_reached":16,"playtime":1294,"items_purged":[],"score":139,"play_id":"df580167-9269-4d27-b676-873f50b4425a","local_time":"20201220092503","is_ascension_mode":false,"campfire_choices":[{"data":"sneckomod:TailWhip","floor":1.0,"key":"SMITH"},{"floor":9,"key":"REST"}],"circlet_count":0,"master_deck":["sneckomod:Strike","sneckomod:Strike","sneckomod:Strike","sneckomod:Defend","sneckomod:Defend","sneckomod:Defend","sneckomod:TailWhip+1","sneckomod:SnekBite","sneckomod:Unknown","sneckomod:Unknown","sneckomod:UnknownUncommonSkill","sneckomod:SerpentIdol","sneckomod:UnknownColorless","sneckomod:UnknownClassBLUE","sneckomod:UnknownStrength","sneckomod:UnknownUncommonPower","sneckomod:UnknownUncommonSkill","sneckomod:GlitteringGambit","sneckomod:UnknownBlock+1","sneckomod:UnknownWeak+1"],"relics":["sneckomod:SneckoSoul","Dead Branch","CaptainsWheel","Turnip","Regal Pillow","Darkstone Periapt","sneckomod:UnknownEgg"],"acts_visited":["Exordium"],"potions_floor_usage":[],"damage_taken":[{"damage":4.0,"enemies":"2 Louse","floor":2.0,"turns":2.0},{"damage":26.0,"enemies":"Gremlin Nob","floor":3.0,"turns":5.0},{"damage":0.0,"enemies":"Small Slimes","floor":4.0,"turns":3.0},{"damage":8.0,"enemies":"Jaw Worm","floor":5.0,"turns":3.0},{"damage":40,"enemies":"3 Sentries","floor":6,"turns":10},{"damage":2,"enemies":"Blue Slaver","floor":8,"turns":3},{"damage":0,"enemies":"Lagavulin","floor":10,"turns":2},{"damage":0,"enemies":"Exordium Wildlife","floor":11,"turns":4},{"damage":14,"enemies":"Red Slaver","floor":13,"turns":2},{"damage":0,"enemies":"downfall:FleeingMerchant","floor":14,"turns":4},{"damage":0,"enemies":"3 Louse","floor":15,"turns":5},{"damage":48,"enemies":"downfall:Defect","floor":16,"turns":8}],"seed_played":"-8338669832860164888","potions_obtained":[{"floor":4.0,"key":"EssenceOfSteel"},{"floor":5.0,"key":"GamblersBrew"},{"floor":8,"key":"Block Potion"}],"is_trial":false,"path_per_floor":["R","M","E","M","M","?","T","M","R","E","M","?","M","$","M","B"],"character_chosen":"THE_SNECKO","items_purchased":["Darkstone Periapt","sneckomod:UnknownEgg","sneckomod:UnknownBlock+1"],"campfire_rested":1,"item_purchase_floors":[14,14,14],"current_hp_per_floor":[90,90,65,65,58,19,19,17,44,45,46,46,41,42,43,0,0],"gold":22,"neow_bonus":"HUNDRED_GOLD","is_daily":false,"chose_seed":false,"campfire_upgraded":1,"win_rate":0.0,"timestamp":1608452703,"path_taken":["R","M","E","M","M","?","T","M","R","E","M","?","M","?","M","BOSS"],"items_purchased_type":["Relic","Relic","Card"],"build_version":"2020-12-13","purchased_purges":0,"victory":false,"max_hp_per_floor":[90,90,91,91,92,93,93,93,93,94,95,95,96,97,98,98,98],"card_choices":[{"not_picked":["sneckomod:Rotation","sneckomod:Unknown1Cost","sneckomod:UnknownCommonAttack"],"picked":"SKIP","floor":2.0},{"not_picked":["sneckomod:SoulRoll","sneckomod:RainOfDice"],"picked":"sneckomod:UnknownUncommonSkill","floor":3.0},{"not_picked":["sneckomod:DiceBlock","sneckomod:SoulRoll"],"picked":"sneckomod:SerpentIdol","floor":4.0},{"not_picked":["sneckomod:SerpentIdol","sneckomod:DiceBlock"],"picked":"sneckomod:UnknownColorless","floor":5.0},{"not_picked":["sneckomod:DiceBlock","sneckomod:Unknown1Cost"],"picked":"sneckomod:UnknownClassBLUE","floor":6},{"not_picked":["sneckomod:RainOfDice","sneckomod:DiceCrush","sneckomod:UnknownCommonSkill"],"picked":"SKIP","floor":8},{"not_picked":["sneckomod:UnknownWeak","sneckomod:SoulDraw"],"picked":"sneckomod:UnknownStrength","floor":10},{"not_picked":["sneckomod:DiceBlock","sneckomod:IronFang"],"picked":"sneckomod:UnknownUncommonPower","floor":11},{"not_picked":["sneckomod:SoulDraw","sneckomod:IronFang"],"picked":"sneckomod:UnknownUncommonSkill","floor":13},{"not_picked":["sneckomod:QuickBite","sneckomod:UnknownBlock"],"picked":"sneckomod:GlitteringGambit","floor":14},{"not_picked":["sneckomod:QuickBite","sneckomod:WideSting"],"picked":"sneckomod:UnknownWeak+1","floor":15}],"player_experience":366793,"relics_obtained":[{"floor":3.0,"key":"Dead Branch"},{"floor":6,"key":"CaptainsWheel"},{"floor":7,"key":"Turnip"},{"floor":10,"key":"Regal Pillow"}],"event_choices":[],"is_beta":false,"boss_relics":[],"items_purged_floors":[],"is_endless":false,"potions_floor_spawned":[4,5,8,13],"killed_by":"downfall:Defect","ascension_level":0}}