{"host":"0lnx88jdgcrh6gmr","time":1608440016,"event":{"mods":["2.2 Compatiblity","AchievementEnabler","BaseMod","Beaked The Cultist","Better Note","Better Skull","Better Third Choice","Block Reminder","Colored Map","Displayed Cursed Tome","Glutton Mod","Googly Eyes","Hermit","Highlight Path","Minty Spire (QoL Compilation)","Rare Cards Sparkle","Relic Stats","Shade Mod","Spicy Shops","StSLib","The Construct","The Cursed","The Disciple","The Mystic","The Servant 0.9.4","Unceasing Turn Reminder","everything is the same but u backflip on backflip","slay the spire mod where everything is the same but ironclad has a cowboy hat"],"gold_per_floor":[119,119,138,138,154,154,168,168,168,182,195,270,288,315,315,410,410,426,27,27,27,40,40,40],"floor_reached":23,"playtime":1126,"items_purged":[],"score":183,"play_id":"0294d52c-8dc7-4fba-b103-ec4a2e85432b","local_time":"20201219215336","is_ascension_mode":false,"campfire_choices":[{"floor":6.0,"key":"REST"},{"floor":8.0,"key":"RECALL"},{"floor":15.0,"key":"REST"}],"circlet_count":0,"master_deck":["Strike_B","Strike_B","Defend_B","Defend_B","Defend_B","Defend_B","Dualcast","Redo","Melter","Streamline","Defragment","Self Repair","Sweeping Beam","Coolheaded","Coolheaded","Buffer","Coolheaded","FTL","Redo"],"relics":["Cracked Core","Odd Mushroom","Meat on the Bone","Oddly Smooth Stone"],"acts_visited":["Exordium","TheCity"],"potions_floor_usage":[],"damage_taken":[{"damage":5.0,"enemies":"Small Slimes","floor":1.0,"turns":3.0},{"damage":8.0,"enemies":"2 Louse","floor":3.0,"turns":2.0},{"damage":6.0,"enemies":"Jaw Worm","floor":5.0,"turns":2.0},{"damage":1.0,"enemies":"2 Fungi Beasts","floor":7.0,"turns":3.0},{"damage":6.0,"enemies":"3 Louse","floor":10.0,"turns":3.0},{"damage":10.0,"enemies":"Exordium Wildlife","floor":11.0,"turns":5.0},{"damage":33.0,"enemies":"Exordium Thugs","floor":13.0,"turns":4.0},{"damage":23.0,"enemies":"The Mushroom Lair","floor":14.0,"turns":5.0},{"damage":42.0,"enemies":"Slime Boss","floor":16.0,"turns":20.0},{"damage":18,"enemies":"Chosen","floor":18,"turns":9},{"damage":9,"enemies":"Spheric Guardian","floor":22,"turns":8},{"damage":80,"enemies":"Gremlin Leader","floor":23,"turns":4}],"seed_played":"4172018380801238947","potions_obtained":[{"floor":1.0,"key":"AttackPotion"},{"floor":5.0,"key":"construct:ShiftPotion"},{"floor":7.0,"key":"Explosive Potion"},{"floor":11.0,"key":"FocusPotion"},{"floor":18,"key":"SmokeBomb"}],"is_trial":false,"path_per_floor":["M","$","M","?","M","R","M","R","T","M","M","?","M","?","R","B",null,"M","$","?","?","M","E"],"character_chosen":"DEFECT","items_purchased":["Meat on the Bone","Oddly Smooth Stone"],"campfire_rested":2,"item_purchase_floors":[19,19],"current_hp_per_floor":[77,77,69,69,63,82,81,81,81,75,72,61,35,19,43,8,82,71,71,71,71,69,0,0],"gold":40,"neow_bonus":"TEN_PERCENT_HP_BONUS","is_daily":false,"chose_seed":false,"campfire_upgraded":0,"win_rate":0.0,"timestamp":1608440016,"path_taken":["M","$","M","?","M","R","M","R","T","M","M","?","M","?","R","BOSS","M","$","?","?","M","E"],"items_purchased_type":["Relic","Relic"],"build_version":"2020-12-13","purchased_purges":0,"victory":false,"max_hp_per_floor":[82,82,82,82,82,82,82,82,82,82,82,82,82,82,82,82,82,82,82,82,82,82,82,82],"relic_stats":{"counters":[12,68],"obtain_stats":[{"Oddly Smooth Stone":19,"Odd Mushroom":14,"Cracked Core":0,"Meat on the Bone":19},{"Oddly Smooth Stone":10,"Odd Mushroom":8,"Cracked Core":0,"Meat on the Bone":10},{"Oddly Smooth Stone":56,"Odd Mushroom":27,"Cracked Core":0,"Meat on the Bone":56}],"Meat on the Bone":0},"card_choices":[{"not_picked":["Rip and Tear","Hologram"],"picked":"Redo","floor":1.0},{"not_picked":["Stack","Loop"],"picked":"Melter","floor":3.0},{"not_picked":["Hologram","Conserve Battery"],"picked":"Streamline","floor":5.0},{"not_picked":["FTL","Redo"],"picked":"Defragment","floor":7.0},{"not_picked":["Leap","Amplify"],"picked":"Self Repair","floor":10.0},{"not_picked":["Stack","Rip and Tear"],"picked":"Sweeping Beam","floor":11.0},{"not_picked":["Reprogram","Sweeping Beam"],"picked":"Coolheaded","floor":13.0},{"not_picked":["Sweeping Beam","FTL"],"picked":"Coolheaded","floor":14.0},{"not_picked":["Electrodynamics","All For One"],"picked":"Buffer","floor":16.0},{"not_picked":["Sweeping Beam+1","Skim+1"],"picked":"Coolheaded","floor":18},{"not_picked":["Recycle","Streamline"],"picked":"Redo","floor":22}],"player_experience":196646,"relics_obtained":[{"floor":14.0,"key":"Odd Mushroom"}],"event_choices":[{"cards_removed":["Zap"],"damage_healed":0.0,"max_hp_gain":0.0,"max_hp_loss":0.0,"gold_gain":0.0,"event_name":"Living Wall","player_choice":"Forget","floor":4.0,"gold_loss":0.0,"damage_taken":0.0},{"damage_healed":0.0,"max_hp_gain":0.0,"max_hp_loss":0.0,"gold_gain":75.0,"event_name":"betterThird:BetterGoop","player_choice":"Gold","floor":12.0,"gold_loss":0.0,"damage_taken":11.0},{"damage_healed":0.0,"max_hp_gain":0.0,"max_hp_loss":0.0,"gold_gain":0.0,"event_name":"Mushrooms","player_choice":"Fought Mushrooms","floor":14.0,"gold_loss":0.0,"damage_taken":0.0},{"damage_healed":0,"gold_gain":0,"cards_transformed":["Strike_B"],"player_choice":"Transformed","damage_taken":0,"max_hp_gain":0,"max_hp_loss":0,"event_name":"Transmorgrifier","floor":20,"gold_loss":0,"cards_obtained":["FTL"]},{"cards_removed":["Strike_B"],"damage_healed":0,"gold_gain":0,"player_choice":"Purged","damage_taken":0,"max_hp_gain":0,"max_hp_loss":0,"event_name":"Purifier","floor":21,"gold_loss":0}],"is_beta":false,"boss_relics":[{"not_picked":["Pandora\u0027s Box","Ectoplasm","Runic Pyramid"]}],"items_purged_floors":[],"is_endless":false,"potions_floor_spawned":[1,5,7,11,18],"killed_by":"Gremlin Leader","ascension_level":0}}