{"host":"8fjsnt81u6xsmhji","time":1608444616,"event":{"mods":["BaseMod","Colored Powertips","Downfall","Glutton Mod","Minty Spire (QoL Compilation)","Quick Restart","Somnambulant","StSLib","The Bug Knight","The Construct","The Forsaken","The Hierophant","The Mystic"],"gold_per_floor":[99,99,118,28,59,59,59,78,90,101,101,121,139,314,324,254,254],"floor_reached":16,"playtime":853,"items_purged":["Pain"],"score":109,"play_id":"ec7aa5cd-36fe-4269-bcd9-5cff526b276f","local_time":"20201220001016","is_ascension_mode":true,"campfire_choices":[{"floor":1.0,"key":"RECALL"},{"floor":6.0,"key":"REST"}],"circlet_count":0,"master_deck":["construct:Strike_Gold","construct:Strike_Gold","construct:Strike_Gold","construct:Strike_Gold","construct:Defend_Gold","construct:Defend_Gold","construct:Defend_Gold","construct:Defend_Gold","construct:Defend_Gold","construct:AttackMode","construct:DefenseMode","construct:ShieldGenerator","construct:ClusterMines","construct:ScrapCannon","construct:Stasis","construct:ScrapCannon","construct:PowerUp","construct:Construct_Overclock","construct:BatteryCore","construct:Stasis","Doubt","construct:FocusedBeam"],"relics":["construct:Cogwheel","WarpedTongs","Vajra","theForsaken:ScaryMask"],"acts_visited":["Exordium"],"potions_floor_usage":[16,16,16],"damage_taken":[{"damage":15.0,"enemies":"Jaw Worm","floor":3.0,"turns":4.0},{"damage":3.0,"enemies":"downfall:FleeingMerchant","floor":4.0,"turns":4.0},{"damage":32.0,"enemies":"Gremlin Nob","floor":5.0,"turns":5.0},{"damage":0.0,"enemies":"Cultist","floor":8.0,"turns":5.0},{"damage":1.0,"enemies":"Small Slimes","floor":9.0,"turns":3.0},{"damage":5.0,"enemies":"Gremlin Gang","floor":10.0,"turns":5.0},{"damage":3.0,"enemies":"3 Louse","floor":12.0,"turns":3.0},{"damage":16.0,"enemies":"Large Slime","floor":13.0,"turns":4.0},{"damage":1.0,"enemies":"Blue Slaver","floor":15.0,"turns":3.0},{"damage":34,"enemies":"downfall:Silent","floor":16,"turns":6}],"seed_played":"2838031004213451479","potions_obtained":[{"floor":5.0,"key":"SkillPotion"},{"floor":8.0,"key":"Energy Potion"},{"floor":12.0,"key":"AttackPotion"},{"floor":13.0,"key":"LiquidBronze"}],"is_trial":false,"path_per_floor":["R","?","M","$","E","R","T","M","M","M","?","M","M","?","M","B"],"character_chosen":"THE_CONSTRUCT_MOD","items_purchased":[],"campfire_rested":1,"item_purchase_floors":[],"current_hp_per_floor":[85,85,70,67,35,60,60,60,59,54,54,51,35,35,34,0,0],"gold":254,"neow_bonus":"ONE_RANDOM_RARE_CARD","is_daily":false,"chose_seed":false,"campfire_upgraded":0,"win_rate":0.0,"timestamp":1608444616,"path_taken":["R","?","?","?","E","R","T","M","M","M","?","?","M","?","M","BOSS"],"items_purchased_type":[],"build_version":"2020-12-13","purchased_purges":1,"victory":false,"max_hp_per_floor":[85,85,85,85,85,85,85,85,85,85,85,85,85,85,85,85,85],"card_choices":[{"not_picked":["construct:FierceBash","construct:ModeShift"],"picked":"construct:ClusterMines","floor":3.0},{"not_picked":["construct:Backfire","construct:Versatility"],"picked":"construct:ScrapCannon","floor":4.0},{"not_picked":["construct:Overcharge","construct:ScrapCannon"],"picked":"construct:Stasis","floor":5.0},{"not_picked":["construct:Backfire","construct:SyphonStrike"],"picked":"construct:ScrapCannon","floor":8.0},{"not_picked":["construct:ShiftStrike","construct:ModeShift","construct:ElectricArmor"],"picked":"SKIP","floor":9.0},{"not_picked":["construct:HeavyBolt","construct:ClusterMines"],"picked":"construct:PowerUp","floor":10.0},{"not_picked":["construct:SuppressiveFire","construct:HeavyBolt"],"picked":"construct:BatteryCore","floor":12.0},{"not_picked":["construct:Analyze","construct:ModeShift"],"picked":"construct:Stasis","floor":13.0},{"not_picked":["construct:Autoturret","construct:Anticipate"],"picked":"construct:FocusedBeam","floor":15.0}],"player_experience":592719,"relics_obtained":[{"floor":5.0,"key":"Vajra"},{"floor":7.0,"key":"theForsaken:ScaryMask"}],"event_choices":[{"damage_healed":0.0,"max_hp_gain":0.0,"max_hp_loss":0.0,"gold_gain":0.0,"event_name":"Accursed Blacksmith","player_choice":"Rummage","floor":2.0,"gold_loss":0.0,"damage_taken":0.0,"relics_obtained":["WarpedTongs"],"cards_obtained":["Pain"]},{"damage_healed":0.0,"max_hp_gain":0.0,"max_hp_loss":0.0,"gold_gain":0.0,"cards_transformed":["construct:Strike_Gold"],"event_name":"Transmorgrifier","player_choice":"Transformed","floor":11.0,"gold_loss":0.0,"damage_taken":0.0,"cards_obtained":["construct:Construct_Overclock"]}],"is_beta":false,"boss_relics":[],"items_purged_floors":[4],"is_endless":false,"potions_floor_spawned":[5,8,12,13,15],"killed_by":"downfall:Silent","ascension_level":1}}