{"host":"psk178ndl0yh04e3","time":1608458508,"event":{"mods":["BaseMod","BetterRewards","Colored Map","DeckTracker","Googly Eyes","Highlight Path","HololiveMod","Hubris","Minty Spire (QoL Compilation)","Replay The Spire","StSLib","SuperFastMode","slay the spire mod where everything is the same but ironclad has a cowboy hat"],"gold_per_floor":[80,80,80,80,102,142,142,59,59,118,118,197,197,272,272,416,416,456,333,369,369,416,479,479,561,607,607,651,651,722,767,767,897,897,999,1045,1117,1157,1211,1279,1279,1409,1409,1409,464,532,588,588,588,641,641,641,144,232,266],"floor_reached":56,"playtime":4670,"items_purged":["Voices","hubris:Despair","Pain"],"score":1814,"play_id":"42dad125-c858-4595-b622-d65f766a6a1d","local_time":"20201220020148","is_ascension_mode":true,"campfire_choices":[{"data":"Hololive_CallTsunomakiWatame","floor":7.0,"key":"SMITH"},{"data":"Hololive_CallShiroganeNoel","floor":11.0,"key":"SMITH"},{"data":"Enlightenment","floor":15.0,"key":"SMITH"},{"data":"Hololive_DevilCharm","floor":24.0,"key":"SMITH"},{"data":"Hololive_CallShishiroBotan","floor":29.0,"key":"SMITH"},{"data":"Hololive_CallOmaruPolka","floor":32.0,"key":"SMITH"},{"data":"Hololive_CallAmaneKanata","floor":41,"key":"SMITH"},{"data":"Hololive_CallHimemoriLuna","floor":44,"key":"SMITH"},{"floor":49,"key":"RECALL"},{"data":"Hololive_DDD","floor":52,"key":"SMITH"}],"circlet_count":0,"master_deck":["Hololive_Strike","Hololive_Defend+1","Hololive_Defend","Hololive_Rebound+1","Hololive_CallShiroganeNoel+1","Hololive_CallCivia","Hololive_CallSakuraMiko","Hololive_CallTsunomakiWatame+1","Hololive_CallKiryuuCoco","Hololive_StrengthChampion","Hololive_FlyingPonyTail","Hololive_CallHoshimachiSuisei","Hololive_IdolExercise+1","Hololive_CallInugamiKorone","Hololive_CallUsadaPekora","Enlightenment+1","Hololive_HighAtkLowDef","Hololive_ILoveYou","Hololive_DDD+1","Hololive_CallInugamiKorone+1","Hololive_DevilCharm+1","Hololive_Trident+1","Hololive_CallFriendA","Hololive_RevenueBasedLive","Hololive_CallShishiroBotan+1","Hololive_CallNekomataOkayu+1","Hololive_CallOmaruPolka+1","Hololive_RevenueBasedLive+1","Hololive_WolfAndLamb","Hololive_BringToTrial+1","Hololive_CocoNews+1","Hololive_CallTokinoSora","Hololive_CallAmaneKanata+1","Hololive_CallOmaruPolka+1","Hololive_CallHimemoriLuna+1","Pot Of Greed","Pot Of Greed","Pot Of Greed","Pot Of Greed","Hololive_CallTokoyamiTowa","Hololive_IdolExercise+1","Hololive_Rebound+1","Hololive_Spy+1","Hololive_Spy+1","Master of Strategy+1","The Bomb+1","Finesse+1","Hololive_CallOkamiMio"],"relics":["Hololive_TheStar","NeowsBlessing","Replay:Bandana","hubris:DisguiseKit","Anchor","ReplayTheSpireMod:CursedCoin","Pondfish Scales","Hololive_LightStick","Smiling Mask","hubris:OldNail","Lizard Tail","Du-Vu Doll","War Paint","Cursed Key","Juzu Bracelet","Grinning Jar","Thread and Needle","Golden Egg","Toxic Egg 2","Toolbox","hubris:SlimyHat","Bag of Preparation","ReplayTheSpireMod:ShopPack","Art of War"],"acts_visited":["TheEnding"],"potions_floor_usage":[54,55,55,55,55,55],"damage_taken":[{"damage":0.0,"enemies":"2 Louse","floor":1.0,"turns":2.0},{"damage":0.0,"enemies":"Cultist","floor":5.0,"turns":1.0},{"damage":0.0,"enemies":"3 Sentries","floor":6.0,"turns":1.0},{"damage":0.0,"enemies":"Replay:BlueRogue","floor":10.0,"turns":6.0},{"damage":0.0,"enemies":"Gremlin Nob","floor":12.0,"turns":4.0},{"damage":0.0,"enemies":"3 Sentries","floor":14.0,"turns":3.0},{"damage":0.0,"enemies":"The Guardian","floor":16.0,"turns":5.0},{"damage":0.0,"enemies":"3 Byrds","floor":18.0,"turns":3.0},{"damage":0.0,"enemies":"Spheric Guardian","floor":20.0,"turns":3.0},{"damage":0.0,"enemies":"Cultist and Chosen","floor":22.0,"turns":4.0},{"damage":0.0,"enemies":"Replay:Snechameleon","floor":23.0,"turns":3.0},{"damage":0.0,"enemies":"Gremlin Leader","floor":25.0,"turns":4.0},{"damage":0.0,"enemies":"Shelled Parasite and Fungi","floor":28.0,"turns":4.0},{"damage":0.0,"enemies":"Slavers","floor":30.0,"turns":4.0},{"damage":0.0,"enemies":"3 Cultists","floor":31.0,"turns":4.0},{"damage":0.0,"enemies":"Pondfish","floor":33.0,"turns":6.0},{"damage":0,"enemies":"3 Darklings","floor":35,"turns":5},{"damage":0,"enemies":"3 Shapes","floor":36,"turns":3},{"damage":0,"enemies":"Maw","floor":37,"turns":5},{"damage":0,"enemies":"3 Darklings","floor":38,"turns":4},{"damage":0,"enemies":"Spire Growth","floor":39,"turns":4},{"damage":0,"enemies":"Nemesis","floor":40,"turns":5},{"damage":0,"enemies":"Giant Head","floor":42,"turns":6},{"damage":0,"enemies":"Writhing Mass","floor":46,"turns":4},{"damage":0,"enemies":"Jaw Worm Horde","floor":47,"turns":4},{"damage":0,"enemies":"hubris:GrandSnecko","floor":50,"turns":8},{"damage":0,"enemies":"Shield and Spear","floor":54,"turns":7},{"damage":0,"enemies":"The Heart","floor":55,"turns":9}],"seed_played":"-7629000622066523420","potions_obtained":[{"floor":1.0,"key":"Regen Potion"},{"floor":5.0,"key":"Venom Potion"},{"floor":10.0,"key":"Reflective Coating"},{"floor":23.0,"key":"Languid Potion"},{"floor":25.0,"key":"Cursed Concoction"},{"floor":35,"key":"Fire Potion"},{"floor":38,"key":"Energy Potion"},{"floor":42,"key":"EntropicBrew"}],"is_trial":false,"path_per_floor":["M","?","$","?","M","E","R","$","T","E","R","E","?","E","R","B",null,"M","$","M","?","M","E","R","E","T","?","M","R","E","M","R","B",null,"M","M","M","M","M","E","R","E","T","R","$","M","M","?","R_BF","B",null,"R","$","E","B",null],"character_chosen":"Hololive_HololiveCharacter","items_purchased":["ReplayTheSpireMod:CursedCoin","Hololive_IdolExercise","Hololive_DevilCharm","Hololive_CallTokoyamiTowa","Golden Egg","Toxic Egg 2","Toolbox","Hololive_IdolExercise+1","Hololive_Spy+1","hubris:SlimyHat","Bag of Preparation","ReplayTheSpireMod:ShopPack"],"campfire_rested":0,"item_purchase_floors":[8,8,19,45,45,45,45,45,53,53,53,53],"current_hp_per_floor":[35,35,35,35,35,35,35,35,35,35,35,35,35,35,35,35,35,35,35,35,35,35,35,35,35,35,35,35,35,35,35,35,35,35,35,35,35,35,35,35,35,35,35,35,35,35,35,35,35,35,35,35,35,35,35],"gold":266,"neow_bonus":"THREE_ENEMY_KILL","is_daily":false,"chose_seed":false,"campfire_upgraded":9,"win_rate":0.0,"timestamp":1608458508,"path_taken":["M","?","?","?","M","E","R","$","T","E","R","E","?","E","R","BOSS","M","$","M","?","M","E","R","E","T","?","M","R","E","M","R","BOSS","M","M","M","M","M","E","R","E","T","R","$","M","M","?","R_BF","BOSS","R","$","E","BOSS"],"items_purchased_type":["Relic","Card","Card","Card","Relic","Relic","Relic","Card","Card","Relic","Relic","Relic"],"build_version":"2020-12-13","purchased_purges":3,"victory":true,"max_hp_per_floor":[35,35,35,35,35,35,35,35,35,35,35,35,35,35,35,35,35,35,35,35,35,35,35,35,35,35,35,35,35,35,35,35,35,35,35,35,35,35,35,35,35,35,35,35,35,35,35,35,35,35,35,35,35,35,35],"card_choices":[{"not_picked":["Hololive_CallAkaiHaato","Hololive_Rebound","Hololive_RevenueBasedLive"],"picked":"Hololive_StrengthChampion","floor":1.0},{"not_picked":["Hololive_Drill","Hololive_OvertimeWork","Hololive_Rebound","Doom and Gloom"],"picked":"Hololive_FlyingPonyTail","floor":5.0},{"not_picked":["Hololive_LuckPotion","Hololive_CocoNews","Hololive_Sequa","All For One"],"picked":"Hololive_CallHoshimachiSuisei","floor":6.0},{"not_picked":["Hololive_CallMoonaHoshinova","Hololive_CallYozoraMel","Hololive_ManjiGathering","Glacier"],"picked":"Hololive_CallInugamiKorone","floor":10.0},{"not_picked":["Hololive_CallMurasakiShion","Hololive_Trident","Hololive_Rebound","Beam Cell"],"picked":"Hololive_CallUsadaPekora","floor":12.0},{"not_picked":["Hololive_Sequa","Hololive_CallNatsuiroMatsuri","Hololive_OvertimeWork","Fusion"],"picked":"Hololive_ILoveYou","floor":14.0},{"not_picked":["Hololive_HighAtkLowDef","Hololive_Thief","Hololive_DiamondStrike","Electrodynamics"],"picked":"Hololive_DDD","floor":16.0},{"not_picked":["Hololive_CallRoboco","Hololive_StrengthChampion+1","Hololive_CallSakuraMiko","Compile Driver"],"picked":"Hololive_CallInugamiKorone+1","floor":18.0},{"not_picked":["Hololive_StrengthChampion","Hololive_HuntDinosaur","Hololive_Drill","ReplaySort"],"picked":"Hololive_Trident+1","floor":20.0},{"not_picked":["Hololive_Sequa","Hololive_CallUsadaPekora","Hololive_Thief","Panic Button"],"picked":"Hololive_CallFriendA","floor":22.0},{"not_picked":["Hololive_Sequa","Hololive_Drill","Hololive_Breathe","Darkness"],"picked":"Hololive_RevenueBasedLive","floor":23.0},{"not_picked":["Hololive_Psychosis","Hololive_CallFriendA","Hololive_HuntDinosaur","Crystallizer"],"picked":"Hololive_CallShishiroBotan","floor":25.0},{"not_picked":["Hololive_CallHoshimachiSuisei","Hololive_CallManoAloe","Hololive_CallHimemoriLuna","ReplaySort"],"picked":"Hololive_CallNekomataOkayu+1","floor":28.0},{"not_picked":["Hololive_StrengthChampion","Hololive_CallAkaiHaato","Hololive_BringToTrial+1","Rainbow"],"picked":"Hololive_CallOmaruPolka","floor":30.0},{"not_picked":["Hololive_OvertimeWork","Hololive_CallDoris+1","Hololive_CallInugamiKorone","Chill"],"picked":"Hololive_RevenueBasedLive+1","floor":31.0},{"not_picked":["Hololive_OpenUp","Hololive_IdolExercise","Hololive_DiamondStrike","Biased Cognition"],"picked":"Hololive_WolfAndLamb","floor":33.0},{"not_picked":["Hololive_CallTsunomakiWatame","Hololive_Rebound","Hololive_CallHimemoriLuna+1","Go for the Eyes"],"picked":"Hololive_BringToTrial+1","floor":35},{"not_picked":["Hololive_RevenueBasedLive","Hololive_Drill+1","Hololive_FlareMind","Leap"],"picked":"Hololive_CocoNews+1","floor":36},{"not_picked":["Hololive_Drill","Hololive_Sequa","Hololive_Breathe+1","Hololive_FlyingPonyTail","ReplayTheSpireMod:GoodbyeWorld"],"picked":"SKIP","floor":37},{"not_picked":["Hololive_Trident","Hololive_CocoNews","Hololive_HuntDinosaur+1","Ball Lightning"],"picked":"Hololive_CallTokinoSora","floor":38},{"not_picked":["Hololive_CallMinatoAqua","Hololive_FlyingPonyTail+1","Hololive_CallYogiri","Redo"],"picked":"Hololive_CallAmaneKanata","floor":39},{"not_picked":["Hololive_CocoNews","Hololive_CallYukihanaLamy+1","Hololive_OpenUp","Fission"],"picked":"Hololive_CallOmaruPolka+1","floor":40},{"not_picked":["Hololive_LuckPotion","Hololive_Teleport+1","Hololive_Psychosis","Steam"],"picked":"Hololive_CallHimemoriLuna","floor":42},{"not_picked":["Hololive_Psychosis+1","Hololive_LuckPotion+1","Hololive_OvertimeWork+1","Leap"],"picked":"Hololive_Rebound+1","floor":46},{"not_picked":["Hololive_CallKiryuuCoco+1","Hololive_CallTsunomakiWatame","Hololive_StarCraft+1","Coolheaded"],"picked":"Hololive_Spy+1","floor":47},{"not_picked":["Swift Strike","Purity","Bandage Up","hubris:Ssssneak"],"picked":"Master of Strategy","floor":53},{"not_picked":["Mayhem","hubris:EnhanceAbility","Secret Weapon","Midas Touch"],"picked":"The Bomb","floor":53},{"not_picked":["Panacea","Replay:Bootleg Shield Generator","Impatience","Secret Technique"],"picked":"Finesse","floor":53},{"not_picked":["Hololive_CallShiroganeNoel","Hololive_CallOzoraSubaru+1","Hololive_ASMR","FTL"],"picked":"Hololive_CallOkamiMio","floor":54}],"player_experience":271965,"relics_obtained":[{"floor":2.0,"key":"Replay:Bandana"},{"floor":6.0,"key":"Anchor"},{"floor":9.0,"key":"Pondfish Scales"},{"floor":10.0,"key":"Hololive_LightStick"},{"floor":12.0,"key":"Smiling Mask"},{"floor":14.0,"key":"hubris:OldNail"},{"floor":23.0,"key":"Lizard Tail"},{"floor":25.0,"key":"Du-Vu Doll"},{"floor":30.0,"key":"War Paint"},{"floor":40,"key":"Juzu Bracelet"},{"floor":42,"key":"Grinning Jar"},{"floor":43,"key":"Thread and Needle"},{"floor":54,"key":"Art of War"}],"event_choices":[{"damage_healed":0.0,"max_hp_gain":0.0,"max_hp_loss":0.0,"gold_gain":0.0,"event_name":"Wheel of Change","player_choice":"Relic","floor":2.0,"gold_loss":0.0,"damage_taken":0.0},{"damage_healed":0.0,"max_hp_gain":0.0,"max_hp_loss":0.0,"gold_gain":0.0,"event_name":"Match and Keep!","player_choice":"2 cards matched","floor":13.0,"gold_loss":0.0,"damage_taken":0.0,"cards_obtained":["Enlightenment","Hololive_HighAtkLowDef"]},{"damage_healed":0.0,"max_hp_gain":0.0,"max_hp_loss":0.0,"gold_gain":0.0,"event_name":"Beggar","player_choice":"Ignored","floor":21.0,"gold_loss":0.0,"damage_taken":0.0},{"cards_removed":["Hololive_Strike"],"damage_healed":0,"gold_gain":0,"player_choice":"Removed Attack","damage_taken":0,"max_hp_gain":0,"max_hp_loss":0,"event_name":"Falling","floor":48,"gold_loss":0}],"is_beta":false,"boss_relics":[{"not_picked":["Snecko Eye","Replay:Drink Me","hubris:ScarierMask"]},{"not_picked":["hubris:CrackedHourglass","Fusion Hammer"],"picked":"Cursed Key"}],"items_purged_floors":[8,19,45],"is_endless":false,"potions_floor_spawned":[1,5,10,23,25,28,33,35,38,42],"ascension_level":1}}