{"host":"s1gi8xs3so6zkrm7","time":1608422562,"event":{"mods":["BaseMod","Filter the Spire","Minty Spire (QoL Compilation)"],"gold_per_floor":[116,132,142,162,87,87,105,136,161,29,53,53,78,91,91,189,189,206,3,0,14,33,33,33,66,66,66,66],"floor_reached":27,"playtime":1728,"items_purged":["Dualcast","Zap"],"score":268,"play_id":"cc861393-f7cc-4e52-9e2e-585bad69f793","local_time":"20201219180242","is_ascension_mode":false,"campfire_choices":[{"data":"Streamline","floor":6.0,"key":"SMITH"},{"floor":12.0,"key":"REST"},{"floor":15.0,"key":"REST"},{"data":"Deep Breath","floor":23,"key":"SMITH"}],"circlet_count":0,"master_deck":["Defend_B","Defend_B","Defend_B","Defend_B","Melter","Sunder","Streamline+1","Sunder","Hologram","Go for the Eyes","Deep Breath+1","Coolheaded","Echo Form","Rebound","Hologram","Bite","Bite","Bite","Bite","Bite","Conserve Battery"],"relics":["Philosopher\u0027s Stone","Pocketwatch","Smiling Mask","Odd Mushroom","MealTicket","Busted Crown","Oddly Smooth Stone","Lantern","Centennial Puzzle"],"acts_visited":["Exordium","TheCity"],"potions_floor_usage":[25,25,27],"damage_taken":[{"damage":2.0,"enemies":"Cultist","floor":1.0,"turns":4.0},{"damage":4.0,"enemies":"2 Louse","floor":2.0,"turns":3.0},{"damage":0.0,"enemies":"Small Slimes","floor":3.0,"turns":2.0},{"damage":11.0,"enemies":"Blue Slaver","floor":4.0,"turns":3.0},{"damage":0.0,"enemies":"Large Slime","floor":7.0,"turns":3.0},{"damage":32.0,"enemies":"Gremlin Nob","floor":8.0,"turns":4.0},{"damage":12.0,"enemies":"The Mushroom Lair","floor":11.0,"turns":3.0},{"damage":19.0,"enemies":"Lagavulin","floor":13.0,"turns":5.0},{"damage":0.0,"enemies":"3 Louse","floor":14.0,"turns":2.0},{"damage":22.0,"enemies":"Hexaghost","floor":16.0,"turns":9.0},{"damage":20,"enemies":"3 Byrds","floor":18,"turns":5},{"damage":11,"enemies":"Spheric Guardian","floor":21,"turns":3},{"damage":16,"enemies":"Shelled Parasite and Fungi","floor":22,"turns":3},{"damage":45,"enemies":"Book of Stabbing","floor":25,"turns":5},{"damage":6,"enemies":"Snake Plant","floor":27,"turns":2}],"seed_played":"-8567268869962768255","potions_obtained":[{"floor":3.0,"key":"DistilledChaos"},{"floor":4.0,"key":"SteroidPotion"},{"floor":7.0,"key":"DuplicationPotion"},{"floor":8.0,"key":"Energy Potion"},{"floor":22,"key":"Block Potion"},{"floor":25,"key":"DistilledChaos"}],"is_trial":false,"path_per_floor":["M","M","M","M","$","R","M","E","T","$","?","R","E","M","R","B",null,"M","$","?","M","M","R","?","E","T","M"],"character_chosen":"DEFECT","items_purchased":["Deep Breath","Oddly Smooth Stone","Rebound"],"campfire_rested":2,"item_purchase_floors":[10,19,19],"current_hp_per_floor":[73,69,69,58,58,58,58,26,26,26,14,36,17,17,39,17,75,55,70,70,59,43,43,43,4,4,8,8],"gold":66,"neow_bonus":"BOSS_RELIC","is_daily":false,"chose_seed":false,"campfire_upgraded":2,"win_rate":0.0,"timestamp":1608422562,"path_taken":["M","?","M","M","?","R","M","E","T","$","?","R","E","M","R","BOSS","M","$","?","M","M","R","?","E","T","M"],"items_purchased_type":["Card","Relic","Card"],"build_version":"2020-12-13","purchased_purges":2,"victory":false,"max_hp_per_floor":[75,75,75,75,75,75,75,75,75,75,75,75,75,75,75,75,75,75,75,75,75,75,75,52,52,52,52,52],"card_choices":[{"not_picked":["Cold Snap","Hologram"],"picked":"Melter","floor":1.0},{"not_picked":["Leap","Storm"],"picked":"Sunder","floor":2.0},{"not_picked":["Static Discharge","Beam Cell"],"picked":"Streamline","floor":3.0},{"not_picked":["Steam Power","Steam"],"picked":"Sunder","floor":4.0},{"not_picked":["Self Repair","Stack"],"picked":"Hologram","floor":7.0},{"not_picked":["Aggregate","All For One"],"picked":"Go for the Eyes","floor":8.0},{"not_picked":["Ball Lightning","Beam Cell"],"picked":"Coolheaded","floor":11.0},{"not_picked":["Ball Lightning","Redo","Darkness"],"picked":"SKIP","floor":13.0},{"not_picked":["Doom and Gloom","Cold Snap","Tempest"],"picked":"SKIP","floor":14.0},{"not_picked":["Seek","All For One"],"picked":"Echo Form","floor":16.0},{"not_picked":["Defragment"],"picked":"SKIP","floor":18},{"not_picked":[],"picked":"Hologram","floor":21},{"not_picked":["Cold Snap"],"picked":"SKIP","floor":22},{"not_picked":[],"picked":"Conserve Battery","floor":25}],"player_experience":170066,"relics_obtained":[{"floor":8.0,"key":"Pocketwatch"},{"floor":9.0,"key":"Smiling Mask"},{"floor":11.0,"key":"Odd Mushroom"},{"floor":13.0,"key":"MealTicket"},{"floor":25,"key":"Lantern"},{"floor":26,"key":"Centennial Puzzle"}],"event_choices":[{"damage_healed":0.0,"max_hp_gain":0.0,"max_hp_loss":0.0,"gold_gain":0.0,"event_name":"Mushrooms","player_choice":"Fought Mushrooms","floor":11.0,"gold_loss":0.0,"damage_taken":0.0},{"damage_healed":0,"gold_gain":0,"player_choice":"Paid Fearfully","damage_taken":0,"max_hp_gain":0,"max_hp_loss":0,"event_name":"Masked Bandits","floor":20,"gold_loss":3},{"damage_healed":0,"gold_gain":0,"player_choice":"Became a vampire","damage_taken":0,"max_hp_gain":0,"max_hp_loss":23,"event_name":"Vampires","floor":24,"gold_loss":0,"cards_obtained":["Bite","Bite","Bite","Bite","Bite"]}],"is_beta":false,"boss_relics":[{"not_picked":["Black Star","SlaversCollar"],"picked":"Busted Crown"}],"items_purged_floors":[5,10],"is_endless":false,"potions_floor_spawned":[3,4,7,8,11,13,22,25],"killed_by":"Snake Plant","ascension_level":0}}