{"host":"pf79zg5iiawjfcs4","time":1608440978,"event":{"mods":["BaseMod","Hubris","Koishi","Marisa????????","Minty Spire (QoL Compilation)","Remilia??????","Replay The Spire","StSLib","The Administrix","The Cursed","The Disciple","The Servant 0.9.4"],"gold_per_floor":[119,139,157,167,1,36,50,50,50,60,70,34,34,53,53,151,151,162,180,180,196,210,240,255,255,255,204,204,229,240,270,270,368,368,378,388,313,325,336,370,370,387,387,401,441,175,202,202,202,202,202],"floor_reached":50,"playtime":4104,"items_purged":["Strike_RM","Defend_RM"],"score":722,"play_id":"7376fd7e-8864-42a2-a6f7-3e8a3902bd60","local_time":"20201219230938","is_ascension_mode":false,"campfire_choices":[{"floor":15,"key":"RECALL"},{"data":"BloodyCatastrophe","floor":25,"key":"SMITH"},{"data":"ScarletImprint","floor":28,"key":"SMITH"},{"floor":32,"key":"DIG"},{"data":"ScarletImprint","floor":41,"key":"SMITH"},{"data":"ChaoticDestiny","floor":49,"key":"SMITH"}],"circlet_count":0,"master_deck":["Strike_RM","Defend_RM","Defend_RM","RedMoon","ScarletShoot+1","ScarletDevil","ScarletImprint+1","RedRainbow","The Bomb+1","Septette","ScarletImprint","ScarletImprint+1","MastersStateliness+1","RedRainbow","QueenOfMidnight+1","FitfulNightmare+1","BlasphemousPunishment","ScarletImprint+1","BloodyMagicSquare+1","BloodyCatastrophe+1","SuperhumanBloodyKnife+1","RedRainbow","ScarletImprint","RedRainbow","hubris:DuctTapeCard","ScarletDevil","ChaoticDestiny+1","ForbiddenFruit","Parasite","VampireSweep+1","DemonKingCradle+1","BlasphemousPunishment","Master of Strategy","ScarletSymphony+1"],"relics":["ScarletHat","NeowsBlessing","Frozen Egg 2","Black Star","Garlic","Sundial","Replay:Wax Seal","Eternal Feather","RedBat","Centennial Puzzle","hubris:DuctTape","hubris:SlimyHat","hubris:HollowSoul","Toy Ornithopter","hubris:Spice","CeramicFish","hubris:Icosahedron"],"acts_visited":["Exordium","TheCity","TheBeyond"],"potions_floor_usage":[16,16,19,21,22,23,23,50,50,50],"damage_taken":[{"damage":0,"enemies":"2 Louse","floor":1,"turns":1},{"damage":0,"enemies":"Cultist","floor":2,"turns":1},{"damage":0,"enemies":"Jaw Worm","floor":3,"turns":1},{"damage":3,"enemies":"Large Slime","floor":4,"turns":8},{"damage":0,"enemies":"Gremlin Nob","floor":6,"turns":3},{"damage":3,"enemies":"Red Slaver","floor":7,"turns":7},{"damage":0,"enemies":"2 Fungi Beasts","floor":10,"turns":4},{"damage":4,"enemies":"Lots of Slimes","floor":11,"turns":3},{"damage":0,"enemies":"Exordium Thugs","floor":14,"turns":4},{"damage":28,"enemies":"Fading Forest","floor":16,"turns":11},{"damage":3,"enemies":"Spheric Guardian","floor":18,"turns":4},{"damage":0,"enemies":"Shell Parasite","floor":19,"turns":4},{"damage":20,"enemies":"Shelled Parasite and Fungi","floor":21,"turns":5},{"damage":24,"enemies":"Sentry and Sphere","floor":22,"turns":6},{"damage":38,"enemies":"Book of Stabbing","floor":23,"turns":4},{"damage":69,"enemies":"Centurion and Healer","floor":24,"turns":4},{"damage":59,"enemies":"Gremlin Leader","floor":29,"turns":4},{"damage":38,"enemies":"Snake Plant","floor":30,"turns":3},{"damage":59,"enemies":"Slavers","floor":31,"turns":7},{"damage":62,"enemies":"Automaton","floor":33,"turns":7},{"damage":52,"enemies":"3 Shapes","floor":35,"turns":3},{"damage":42,"enemies":"Orb Walker","floor":36,"turns":2},{"damage":69,"enemies":"Writhing Mass","floor":38,"turns":4},{"damage":46,"enemies":"Sphere and 2 Shapes","floor":39,"turns":2},{"damage":81,"enemies":"R_Hoarder","floor":40,"turns":5},{"damage":56,"enemies":"4 Shapes","floor":42,"turns":3},{"damage":67,"enemies":"Transient","floor":44,"turns":5},{"damage":77,"enemies":"Reptomancer","floor":45,"turns":3},{"damage":59,"enemies":"Sphere and 2 Shapes","floor":47,"turns":2},{"damage":20,"enemies":"Time Eater","floor":50,"turns":2}],"seed_played":"-1184486300600775522","potions_obtained":[{"floor":1,"key":"PowerPotion"},{"floor":4,"key":"Elixir"},{"floor":6,"key":"Weak Potion"},{"floor":7,"key":"Toxic Potion"},{"floor":16,"key":"Regen Potion"},{"floor":18,"key":"GamblersBrew"},{"floor":19,"key":"ColorlessPotion"},{"floor":20,"key":"Regen Potion"},{"floor":21,"key":"Block Potion"},{"floor":29,"key":"LiquidMemories"},{"floor":38,"key":"Reflective Coating"},{"floor":44,"key":"SneckoOil"},{"floor":47,"key":"Explosive Potion"}],"is_trial":false,"path_per_floor":["M","M","M","M","$","E","M","?","T","M","M","$","?","M","R","B",null,"M","M","?","M","M","E","M","R","T","$","R","E","M","E","R","B",null,"M","M","$","M","M","E","R","M","T","M","E","$","M","?","R","B"],"character_chosen":"REMILIA","items_purchased":["The Bomb","MastersStateliness+1","RedRainbow","Master of Strategy"],"campfire_rested":0,"item_purchase_floors":[5,12,27,46],"current_hp_per_floor":[75,75,75,72,72,72,72,72,72,74,72,72,57,57,57,35,75,72,72,72,65,56,75,75,75,75,75,75,75,75,75,75,75,75,75,75,75,75,72,83,83,77,85,91,75,75,75,75,75,0,0],"gold":202,"neow_bonus":"THREE_ENEMY_KILL","is_daily":false,"chose_seed":false,"campfire_upgraded":4,"win_rate":0.0,"timestamp":1608440978,"path_taken":["M","M","M","M","$","E","M","?","T","M","?","?","?","M","R","BOSS","M","M","?","M","M","E","M","R","T","$","R","E","M","E","R","BOSS","M","M","?","M","?","E","R","M","T","M","E","$","M","?","R","BOSS"],"items_purchased_type":["Card","Card","Card","Card"],"build_version":"2020-12-13","purchased_purges":2,"victory":false,"max_hp_per_floor":[75,75,75,75,75,75,75,75,75,75,75,75,75,75,75,75,75,75,75,75,75,75,75,75,75,75,75,75,75,75,75,75,75,75,75,75,75,75,75,83,83,83,91,91,75,75,75,75,75,75,75],"card_choices":[{"not_picked":["StarOfDavid","EmergencyRegeneration"],"picked":"ScarletDevil","floor":1},{"not_picked":["MastersStateliness","VampirishNight"],"picked":"ScarletImprint","floor":2},{"not_picked":["ChainGang","MastersStateliness","ScarletDevilSign"],"picked":"SKIP","floor":3},{"not_picked":["MastersStateliness","ScarletDevilSign"],"picked":"RedRainbow","floor":4},{"not_picked":["BloodHunter","EmergencyRegeneration"],"picked":"Septette","floor":6},{"not_picked":["Septette","ChainGang"],"picked":"ScarletImprint","floor":7},{"not_picked":["AfternoonTea","EmergencyRegeneration"],"picked":"ScarletImprint","floor":10},{"not_picked":["NightDance","Stigmanizer","MastersStateliness+1"],"picked":"SKIP","floor":11},{"not_picked":["NightDance","VampireKiss"],"picked":"RedRainbow","floor":14},{"not_picked":["HeartBreak","BloodySeventeenLaser"],"picked":"QueenOfMidnight+1","floor":16},{"not_picked":["DiffusionOfMisfortune","CharismaGuard+1"],"picked":"FitfulNightmare+1","floor":18},{"not_picked":["ScarletDream","ScarletDevilSign"],"picked":"BlasphemousPunishment","floor":19},{"not_picked":["BombardNight+1","UnderTheZenith"],"picked":"ScarletImprint+1","floor":21},{"not_picked":["ForbiddenFruit","RedRainbow"],"picked":"BloodyMagicSquare+1","floor":22},{"not_picked":["Stigmanizer","NightDance+1"],"picked":"BloodyCatastrophe","floor":23},{"not_picked":["EndlessAdversity+1","BloodHunter"],"picked":"SuperhumanBloodyKnife+1","floor":24},{"not_picked":["MiserableFate","VampireKiss"],"picked":"ScarletImprint","floor":29},{"not_picked":["GlobalNightmare","Stigmanizer"],"picked":"RedRainbow","floor":30},{"not_picked":["CeilingFear","ScarletNetherworld+1"],"picked":"ScarletDevil","floor":31},{"not_picked":["CeilingFear","TricksterDevil+1"],"picked":"ChaoticDestiny","floor":33},{"not_picked":["ScarletNetherworld+1","ScarletGensokyo+1"],"picked":"ForbiddenFruit","floor":35},{"not_picked":["VampirishNight","CharismaGuard+1","ScarletImprint"],"picked":"SKIP","floor":36},{"not_picked":["ScarletDevil+1","BombardNight+1"],"picked":"VampireSweep+1","floor":38},{"not_picked":["BombardNight+1","AfternoonTea+1","VampireKiss+1"],"picked":"SKIP","floor":39},{"not_picked":["HunterOfTheNight","DiffusionOfMisfortune+1"],"picked":"DemonKingCradle+1","floor":40},{"not_picked":["BombardNight+1","StarOfDavid"],"picked":"BlasphemousPunishment","floor":42},{"not_picked":["VampireKiss","StarOfDavid+1","BlasphemousPunishment"],"picked":"SKIP","floor":44},{"not_picked":["BatForm+1","CharismaGuard+1"],"picked":"hubris:SpiceAddiction","floor":45},{"not_picked":["Stigmanizer","hubris:SpiceAddiction"],"picked":"ScarletSymphony+1","floor":47}],"player_experience":368720,"relics_obtained":[{"floor":6,"key":"Frozen Egg 2"},{"floor":23,"key":"Garlic"},{"floor":23,"key":"Sundial"},{"floor":26,"key":"Replay:Wax Seal"},{"floor":29,"key":"Eternal Feather"},{"floor":29,"key":"RedBat"},{"floor":31,"key":"Centennial Puzzle"},{"floor":31,"key":"hubris:DuctTape"},{"floor":32,"key":"hubris:SlimyHat"},{"floor":40,"key":"Toy Ornithopter"},{"floor":40,"key":"hubris:Spice"},{"floor":43,"key":"hubris:Spice"},{"floor":45,"key":"hubris:Spice"},{"floor":45,"key":"CeramicFish"}],"event_choices":[{"cards_removed":["Strike_RM"],"damage_healed":0,"gold_gain":0,"player_choice":"Purged","damage_taken":0,"max_hp_gain":0,"max_hp_loss":0,"event_name":"Purifier","floor":8,"gold_loss":0},{"damage_healed":0,"gold_gain":0,"player_choice":"Entered Light","damage_taken":15,"max_hp_gain":0,"max_hp_loss":0,"event_name":"Shining Light","floor":13,"gold_loss":0,"cards_upgraded":["The Bomb","ScarletShoot"]},{"damage_healed":0,"gold_gain":0,"player_choice":"Got Potions","damage_taken":0,"max_hp_gain":0,"max_hp_loss":0,"event_name":"Lab","floor":20,"gold_loss":0}],"is_beta":false,"boss_relics":[{"not_picked":["Kintsugi","Tiny House"],"picked":"Black Star"},{"not_picked":["hubris:VirtuousBlindfold","Replay:Grab Bag"],"picked":"hubris:HollowSoul"}],"items_purged_floors":[37,46],"is_endless":false,"potions_floor_spawned":[1,4,6,7,16,18,19,21,29,38,44,45,47],"killed_by":"Time Eater","ascension_level":0}}