{"host":"Aysed","time":1608468904,"event":{"mods":["AchievementEnabler","BaseMod","Colored Powertips","Downfall","Faster Ascension Climbing","Minty Spire (QoL Compilation)","Quick Restart","StSLib","SuperFastMode"],"gold_per_floor":[117,117,117,292,217,217,248,248,271,311,326,354,354,372,372,372,372],"floor_reached":16,"playtime":342,"items_purged":["Doubt"],"score":158,"play_id":"6ae27366-5f41-4856-99c8-6bc8401a44dc","local_time":"20201220135504","is_ascension_mode":false,"campfire_choices":[{"data":"Reinforced Body","floor":6,"key":"SMITH"},{"data":"White Noise","floor":13,"key":"SMITH"},{"data":"Zap","floor":15,"key":"SMITH"}],"circlet_count":0,"master_deck":["Strike_B","Strike_B","Strike_B","Defend_B","Defend_B","Defend_B","Zap+1","Dualcast","Reinforced Body+1","Turbo","White Noise+1","Turbo"],"relics":["Cracked Core","NeowsBlessing","FossilizedHelix","CeramicFish","Kunai"],"acts_visited":["Exordium"],"potions_floor_usage":[16,16],"damage_taken":[{"damage":0.0,"enemies":"Small Slimes","floor":1.0,"turns":1.0},{"damage":0,"enemies":"Lagavulin","floor":7,"turns":1},{"damage":0,"enemies":"3 Sentries","floor":10,"turns":1},{"damage":0,"enemies":"2 Louse","floor":11,"turns":3},{"damage":0,"enemies":"Cultist","floor":12,"turns":3},{"damage":9,"enemies":"2 Fungi Beasts","floor":14,"turns":4},{"damage":67,"enemies":"Hexaghost","floor":16,"turns":14}],"seed_played":"-4382357809830994048","potions_obtained":[{"floor":1.0,"key":"EssenceOfSteel"},{"floor":8,"key":"SneckoOil"},{"floor":8,"key":"ColorlessPotion"}],"is_trial":false,"path_per_floor":["M","?","?","?","$","R","E","?","T","E","M","M","R","M","R","B"],"character_chosen":"DEFECT","items_purchased":[],"campfire_rested":0,"item_purchase_floors":[],"current_hp_per_floor":[75,68,68,68,68,68,68,68,68,68,68,68,68,59,59,0,0],"gold":372,"neow_bonus":"THREE_ENEMY_KILL","is_daily":false,"chose_seed":false,"campfire_upgraded":3,"win_rate":0.0,"timestamp":1608468904,"path_taken":["M","?","?","?","$","R","E","?","T","E","M","M","R","?","R","BOSS"],"items_purchased_type":[],"build_version":"2020-12-18","purchased_purges":1,"victory":false,"max_hp_per_floor":[75,75,75,75,75,75,75,75,75,75,75,75,75,75,75,75,75],"card_choices":[{"not_picked":["Chill","Sweeping Beam"],"picked":"Reinforced Body","floor":1.0},{"not_picked":["Leap","Static Discharge"],"picked":"Turbo","floor":7},{"not_picked":["Hologram","FTL"],"picked":"White Noise","floor":10},{"not_picked":["Sunder","Sweeping Beam","Coolheaded"],"picked":"SKIP","floor":11},{"not_picked":["Beam Cell","Compile Driver"],"picked":"Turbo","floor":12},{"not_picked":["Turbo","Undo","Sweeping Beam"],"picked":"SKIP","floor":14}],"player_experience":40407,"relics_obtained":[{"floor":7,"key":"FossilizedHelix"},{"floor":9,"key":"CeramicFish"},{"floor":10,"key":"Kunai"}],"event_choices":[{"cards_removed":["Strike_B"],"damage_healed":0.0,"max_hp_gain":0.0,"max_hp_loss":0.0,"gold_gain":0.0,"event_name":"Golden Wing","player_choice":"Card Removal","floor":2.0,"gold_loss":0.0,"damage_taken":7.0},{"cards_removed":["Defend_B"],"damage_healed":0,"gold_gain":0,"player_choice":"Forget","damage_taken":0,"max_hp_gain":0,"max_hp_loss":0,"event_name":"Living Wall","floor":3,"gold_loss":0},{"damage_healed":0,"gold_gain":175,"player_choice":"AGREE","damage_taken":0,"max_hp_gain":0,"max_hp_loss":0,"event_name":"Liars Game","floor":4,"gold_loss":0,"cards_obtained":["Doubt"]},{"damage_healed":0,"gold_gain":0,"player_choice":"Got Potions","damage_taken":0,"max_hp_gain":0,"max_hp_loss":0,"event_name":"Lab","floor":8,"gold_loss":0}],"is_beta":true,"boss_relics":[],"items_purged_floors":[5],"is_endless":false,"potions_floor_spawned":[1,10,12],"killed_by":"Hexaghost","ascension_level":0}}