{"host":"cc187","time":1608428479,"event":{"mods":["AchievementEnabler","BaseMod","Bestiary","Colored Map","Colored Powertips","Highlight Path","Keyboard Shortcuts","Minty Spire (QoL Compilation)","Quick Restart","Rare Cards Sparkle","Relic Stats","StSLib","SuperFastMode","Synergy Search"],"gold_per_floor":[118,118,137,137,32,32,45,64,64,102,115,115,115],"floor_reached":12,"playtime":645,"items_purged":[],"score":148,"play_id":"ee683175-ff73-443d-80f2-eae485cfb8d0","local_time":"20201220014119","is_ascension_mode":true,"campfire_choices":[{"data":"Catalyst","floor":6,"key":"SMITH"}],"circlet_count":0,"master_deck":["AscendersBane","Strike_G","Strike_G","Strike_G","Strike_G","Defend_G","Defend_G","Defend_G","Defend_G","Survivor","Neutralize","Terror","Bouncing Flask","Catalyst+1","Poisoned Stab","Acrobatics","Leg Sweep","Calculated Gamble","Poisoned Stab"],"relics":["Empty Cage","Golden Idol","Regal Pillow","Bottled Flame"],"acts_visited":[],"potions_floor_usage":[10,12],"damage_taken":[{"damage":4,"enemies":"Jaw Worm","floor":1,"turns":7},{"damage":1,"enemies":"2 Louse","floor":3,"turns":4},{"damage":1,"enemies":"Cultist","floor":7,"turns":3},{"damage":8,"enemies":"2 Fungi Beasts","floor":8,"turns":4},{"damage":23,"enemies":"Gremlin Nob","floor":10,"turns":5},{"damage":6,"enemies":"3 Louse","floor":11,"turns":5},{"damage":23,"enemies":"3 Sentries","floor":12,"turns":4}],"seed_played":"5758394404481628827","potions_obtained":[{"floor":1,"key":"FearPotion"},{"floor":3,"key":"SteroidPotion"},{"floor":8,"key":"Block Potion"}],"is_trial":false,"path_per_floor":["M","?","M","?","$","R","M","M","T","E","M","E"],"character_chosen":"THE_SILENT","items_purchased":["Catalyst","Poisoned Stab"],"campfire_rested":0,"item_purchase_floors":[5,5],"current_hp_per_floor":[55,55,54,54,54,54,53,45,45,22,16,0,0],"gold":115,"neow_bonus":"BOSS_RELIC","is_daily":false,"chose_seed":false,"campfire_upgraded":1,"win_rate":0.0,"timestamp":1608428479,"path_taken":["M","?","M","?","$","R","M","M","T","E","?","E"],"items_purchased_type":["Card","Card"],"build_version":"2020-12-18","purchased_purges":0,"victory":false,"max_hp_per_floor":[66,60,60,60,60,60,60,60,60,60,60,60,60],"relic_stats":{"Regal Pillow":0,"counters":[7,32],"Golden Idol":22,"obtain_stats":[{"Regal Pillow":9,"Bottled Flame":10,"Golden Idol":2,"Empty Cage":0,"Ring of the Snake":0},{"Regal Pillow":4,"Bottled Flame":5,"Golden Idol":1,"Empty Cage":0,"Ring of the Snake":0},{"Regal Pillow":18,"Bottled Flame":23,"Golden Idol":7,"Empty Cage":0,"Ring of the Snake":0}]},"card_choices":[{"not_picked":["Choke","Reflex"],"picked":"Terror","floor":1},{"not_picked":["Expertise","Riddle With Holes"],"picked":"Bouncing Flask","floor":3},{"not_picked":["Tactician","Infinite Blades"],"picked":"Acrobatics","floor":7},{"not_picked":["Backflip","PiercingWail"],"picked":"Leg Sweep","floor":8},{"not_picked":["Choke","Setup"],"picked":"Calculated Gamble","floor":10},{"not_picked":["Setup","Distraction"],"picked":"Poisoned Stab","floor":11}],"player_experience":794309,"relics_obtained":[{"floor":9,"key":"Regal Pillow"},{"floor":10,"key":"Bottled Flame"}],"event_choices":[{"damage_healed":0,"gold_gain":0,"player_choice":"Lose Max HP","damage_taken":0,"relics_obtained":["Golden Idol"],"max_hp_gain":0,"max_hp_loss":6,"event_name":"Golden Idol","floor":2,"gold_loss":0},{"damage_healed":0,"gold_gain":0,"player_choice":"Leave","damage_taken":0,"max_hp_gain":0,"max_hp_loss":0,"event_name":"The Cleric","floor":4,"gold_loss":0}],"is_beta":true,"boss_relics":[],"items_purged_floors":[],"is_endless":false,"potions_floor_spawned":[1,3,8],"killed_by":"3 Sentries","ascension_level":17}}