{"host":"ymw71f7rc9ndansy","time":1608448912,"event":{"mods":["ATMod(°¢èªMod)","Aspiration","BaseMod","DeckTracker","Hubris","Library of Ruina","Library of Ruina Extra","Lobotomy","LobotomyExtend","Minty Spire (QoL Compilation)","MostiFishMod","Remove Card Discount Mod","Replay The Spire","StSLib","TestMod","¡¾ÒÅÎï¿¨ÅÆ¡¿REMEMod"],"gold_per_floor":[115,128,138,149,149,183,183,210,278,278,163,183,193,193,193,267,267,286,304,97,116,131,131,159,159,159,188,188,199,1549,1575,1575,1654,1654,1673,1692,1704,1714,1729,1729,1755,1769,1769,382,408,1407,1435,1448,1448,1450,1451,1451,1451,1451,95,122,130],"floor_reached":58,"playtime":1109,"items_purged":["Defend_R","Strike_R","Strike_R","Strike_R","Strike_R","Strike_R","AT_BodySlamDance","AT_EmpoweredMortalDraw","Defend_R","Sword Boomerang+1","Decay"],"score":3817,"play_id":"ea3f720a-e769-441c-99f1-4cefc623c6fc","local_time":"20201220152152","is_ascension_mode":true,"campfire_choices":[{"data":"Sword Boomerang","floor":7,"key":"SMITH"},{"data":"Sword Boomerang","floor":10,"key":"SMITH"},{"data":"REME_TwoStrings","floor":15,"key":"SMITH"},{"data":"CleanUp","floor":23,"key":"SMITH"},{"data":"Limit Break","floor":25,"key":"SMITH"},{"data":"AT_IchimonjiDouble","floor":28,"key":"SMITH"},{"data":"Shockwave","floor":32,"key":"SMITH"},{"floor":40,"key":"RECALL"},{"data":"Limit Break","floor":49,"key":"SMITH"},{"data":"MostiFishMod:KingOfFree","floor":54,"key":"SMITH"}],"circlet_count":0,"master_deck":["AscendersBane","Defend_R+1","CleanUp+1","Sword Boomerang+1","REME_TwoStrings+1","Limit Break+1","Shockwave+1","AT_IchimonjiDouble+1","MostiFishMod:KingOfFree+1","Limit Break+1","Limit Break","Evolve"],"relics":["Burning Blood","testmod-TestBox","DaveBox","REME_ComplimentaryCards","AT_ATBox","Civilization","testmod-Fortitude","Replay:Mystery Machine","Question Card","testmod-IntensifyImprint","testmod-LifeArmor","Paper Frog","ImportantClient","hubris:EmptyBottle","testmod-RealStoneCalender","Snack Pack","Singing Bowl","testmod-Fanaticism","AT_TimeSand","The Courier","hubris:ToyBattleship","AT_RedNoBalance","Nunchaku","AT_ChloranthyRing","testmod-FatalChain","REME_PuzzleBoxRelic","PageOfFreischutz","Gremlin Food","MealTicket","ReplayTheSpireMod:Spearhead","ReplayTheSpireMod:CursedCoin","Replay:Baseball","ReplayTheSpireMod:TigerMarble","hubris:MysteriousPyramids","AT_Manta","AT_SunfireAegis","Pet Ghost","Blue Candle","Simple Rune","testmod-HeartOfStrike","PageOfGreed"],"acts_visited":["Exordium","TheCity","TheBeyond","TheEnding"],"potions_floor_usage":[6,16,18,41,49],"damage_taken":[{"damage":9,"enemies":"2 Louse","floor":1,"turns":3},{"damage":0,"enemies":"Jaw Worm","floor":2,"turns":3},{"damage":0,"enemies":"Cultist","floor":3,"turns":2},{"damage":0,"enemies":"2 Fungi Beasts","floor":4,"turns":2},{"damage":10,"enemies":"3 Sentries","floor":6,"turns":3},{"damage":0,"enemies":"Gremlin Nob","floor":8,"turns":2},{"damage":0,"enemies":"Large Slime","floor":12,"turns":1},{"damage":0,"enemies":"Blue Slaver","floor":13,"turns":1},{"damage":0,"enemies":"Fading Forest","floor":16,"turns":9},{"damage":0,"enemies":"Chosen","floor":18,"turns":1},{"damage":3,"enemies":"3 Byrds","floor":19,"turns":2},{"damage":0,"enemies":"Sentry and Sphere","floor":21,"turns":1},{"damage":0,"enemies":"3 Cultists","floor":22,"turns":2},{"damage":0,"enemies":"Slavers","floor":24,"turns":1},{"damage":0,"enemies":"Book of Stabbing","floor":27,"turns":2},{"damage":0,"enemies":"Centurion and Healer","floor":29,"turns":1},{"damage":0,"enemies":"Slavers","floor":31,"turns":1},{"damage":0,"enemies":"hubris:MusketHawk","floor":33,"turns":2},{"damage":0,"enemies":"3 Darklings","floor":35,"turns":1},{"damage":0,"enemies":"Orb Walker","floor":36,"turns":1},{"damage":0,"enemies":"Maw","floor":37,"turns":1},{"damage":0,"enemies":"Sphere and 2 Shapes","floor":38,"turns":1},{"damage":0,"enemies":"Jaw Worm Horde","floor":39,"turns":1},{"damage":0,"enemies":"R_Hoarder","floor":41,"turns":1},{"damage":0,"enemies":"Writhing Mass","floor":42,"turns":1},{"damage":0,"enemies":"Reptomancer","floor":45,"turns":1},{"damage":0,"enemies":"Giant Head","floor":47,"turns":1},{"damage":2,"enemies":"Transient","floor":48,"turns":2},{"damage":0,"enemies":"Donu and Deca","floor":50,"turns":1},{"damage":0,"enemies":"Awakened One","floor":51,"turns":2},{"damage":0,"enemies":"Shield and Spear","floor":56,"turns":1},{"damage":13,"enemies":"The Heart","floor":57,"turns":4}],"seed_played":"-4051504457624495101","potions_obtained":[{"floor":1,"key":"Block Potion"},{"floor":4,"key":"testmod-SpacePotion"},{"floor":12,"key":"BloodPotion"},{"floor":13,"key":"DistilledChaos"},{"floor":16,"key":"testmod-SpacePotion"},{"floor":21,"key":"Weak Potion"},{"floor":22,"key":"Strength Potion"},{"floor":47,"key":"BloodPotion"}],"is_trial":false,"path_per_floor":["M","M","M","M","?","E","R","E","T","R","$","M","M","?","R","B",null,"M","M","$","M","M","R","E","R","T","E","R","M","?","E","R","B",null,"M","M","M","M","M","R","E","M","T","$","E","?","E","M","R","B","B",null,null,"R","$","E","B",null],"character_chosen":"IRONCLAD","items_purchased":["REME_TwoStrings","Shockwave","hubris:EmptyBottle","hubris:ToyBattleship","AT_SilverBalance","Nunchaku","AT_ChloranthyRing","testmod-FatalChain","REME_PuzzleBoxRelic","PageOfFreischutz","Gremlin Food","MostiFishMod:KingOfFree","ReplayTheSpireMod:CursedCoin","Replay:Baseball","ReplayTheSpireMod:TigerMarble","hubris:MysteriousPyramids","AT_Manta","AT_SunfireAegis","Pet Ghost","Blue Candle","Simple Rune","testmod-HeartOfStrike","Limit Break"],"campfire_rested":0,"item_purchase_floors":[11,20,20,44,44,44,44,44,44,44,44,44,55,55,55,55,55,55,55,55,55,55,55],"current_hp_per_floor":[67,76,84,90,95,100,100,114,114,114,114,125,137,137,137,153,115,132,152,152,174,199,199,227,227,227,256,256,287,86,128,128,171,313,362,412,463,517,574,574,632,691,691,691,411,411,474,568,741,807,877,877,959,959,974,1045,1117],"gold":130,"neow_bonus":"RANDOM_COMMON_RELIC","is_daily":false,"chose_seed":false,"campfire_upgraded":9,"win_rate":0.0,"timestamp":1608448912,"path_taken":["M","M","M","M","?","E","R","E","T","R","$","M","M","?","R","BOSS","M","M","$","M","M","R","E","R","T","E","R","M","?","E","R","BOSS","M","?","M","M","M","R","E","M","T","$","E","?","E","M","R","BOSS","BOSS","R","$","E","BOSS"],"items_purchased_type":["Card","Card","Relic","Relic","Relic","Relic","Relic","Relic","Relic","Relic","Relic","Card","Relic","Relic","Relic","Relic","Relic","Relic","Relic","Relic","Relic","Relic","Card"],"build_version":"2020-12-13","purchased_purges":11,"victory":true,"max_hp_per_floor":[77,80,84,90,95,104,104,114,114,114,114,125,137,137,137,153,115,132,152,152,174,199,199,227,227,227,256,256,287,287,323,323,360,360,403,447,492,540,591,591,643,696,696,696,752,752,807,865,865,923,986,986,986,986,986,1051,1117],"card_choices":[{"not_picked":["Shrug It Off","hubris:ReadiedAction"],"picked":"Sword Boomerang","floor":1},{"not_picked":["REME_Scribble","Replay:Undeath\u0027s Touch","True Grit"],"picked":"Sword Boomerang","floor":2},{"not_picked":["Pommel Strike","hubris:ReadiedAction","Perfected Strike","Havoc"],"picked":"SKIP","floor":3},{"not_picked":["ReplayTheSpireMod:Strike From Hell","Clash","MostiFishMod:#F4004","Bloodletting"],"picked":"SKIP","floor":4},{"not_picked":["REME_Scribble","Iron Wave","Infernal Blade","hubris:ReadiedAction"],"picked":"SKIP","floor":6},{"not_picked":["MostiFishMod:BrandingRite","Clash","Headbutt"],"picked":"Heavy Blade","floor":8},{"not_picked":["Twin Strike","Clash","Iron Wave"],"picked":"AT_BodySlamDance","floor":12},{"not_picked":["Power Through","REME_Scribble","Demonic Infusion","Rampage"],"picked":"SKIP","floor":13},{"not_picked":["Bludgeon","MostiFishMod:#F4004","Brutality"],"picked":"Limit Break","floor":16},{"not_picked":["Feel No Pain","Wild Strike","ReplayTheSpireMod:Corrosion Curse","Thunderclap"],"picked":"SKIP","floor":18},{"not_picked":["Wild Strike","ReplayTheSpireMod:Corrosion Curse+1","Abandon","Clothesline+1"],"picked":"SKIP","floor":19},{"not_picked":["Warcry","hubris:SharpeningStone","ReplayTheSpireMod:Strike From Hell","Wild Strike"],"picked":"SKIP","floor":21},{"not_picked":["Sword Boomerang","ReplayTheSpireMod:LeadingStrike","Perfected Strike","AT_Dispersion"],"picked":"SKIP","floor":22},{"not_picked":["Shrug It Off","REME_Scribble","Inflame+1"],"picked":"AT_IchimonjiDouble","floor":24},{"not_picked":["Body Slam+1","Immolate","True Grit","Perfected Strike"],"picked":"SKIP","floor":27},{"not_picked":["AT_GerminateFire","Clash","Feel No Pain+1","Disarm"],"picked":"SKIP","floor":29},{"not_picked":["REME_Scribble","Armaments+1","Flex","ReplayTheSpireMod:Strike From Hell"],"picked":"Singing Bowl","floor":31},{"not_picked":["Fiend Fire","MostiFishMod:PerfectStrikeMKII","MostiFishMod:#F4004","Demon Form"],"picked":"Singing Bowl","floor":33},{"not_picked":["Headbutt+1","Run Through","Anger","Evolve"],"picked":"Singing Bowl","floor":35},{"not_picked":["ReplayTheSpireMod:Stacked+1","Warcry","Flex+1","Wild Strike"],"picked":"Singing Bowl","floor":36},{"not_picked":["Pommel Strike","Iron Wave","Flex","Rupture"],"picked":"Singing Bowl","floor":37},{"not_picked":["ReplayTheSpireMod:Strike From Hell","Havoc","REME_ACTH","Shrug It Off+1"],"picked":"Singing Bowl","floor":38},{"not_picked":["Massacre","Headbutt","Warcry+1","AT_DiedThrough"],"picked":"Singing Bowl","floor":39},{"not_picked":["Armaments+1","Blood for Blood","Defy Death","Bloodletting"],"picked":"Singing Bowl","floor":41},{"not_picked":["Replay:Undeath\u0027s Touch","ReplayTheSpireMod:Stacked","Seeing Red","Shockwave+1"],"picked":"Singing Bowl","floor":42},{"not_picked":["Run Through","ReplayTheSpireMod:Limb From Limb+1","MostiFishMod:TemporaryOutbreak","MostiFishMod:BrandingRite","ReplayTheSpireMod:Strike From Hell"],"picked":"Singing Bowl","floor":45},{"not_picked":["Twin Strike+1","Clothesline","Warcry"],"picked":"Limit Break","floor":47},{"not_picked":["Run Through","REME_SingleHolding+1","Armaments","Clash"],"picked":"Singing Bowl","floor":48},{"not_picked":["Entrench","Cleave","AT_GerminateFire"],"picked":"Evolve","floor":56}],"player_experience":1019042,"relics_obtained":[{"floor":1,"key":"Question Card"},{"floor":6,"key":"testmod-IntensifyImprint"},{"floor":8,"key":"testmod-LifeArmor"},{"floor":9,"key":"Paper Frog"},{"floor":16,"key":"ImportantClient"},{"floor":24,"key":"testmod-RealStoneCalender"},{"floor":27,"key":"Snack Pack"},{"floor":31,"key":"Singing Bowl"},{"floor":41,"key":"AT_TimeSand"},{"floor":43,"key":"The Courier"},{"floor":45,"key":"MealTicket"},{"floor":47,"key":"ReplayTheSpireMod:Spearhead"},{"floor":56,"key":"PageOfGreed"}],"event_choices":[{"damage_healed":0,"gold_gain":0,"player_choice":"Donut","damage_taken":0,"max_hp_gain":5,"max_hp_loss":0,"event_name":"Big Fish","floor":5,"gold_loss":0},{"damage_healed":0,"gold_gain":0,"player_choice":"Leave","damage_taken":0,"max_hp_gain":0,"max_hp_loss":0,"event_name":"The Cleric","floor":14,"gold_loss":0},{"damage_healed":0,"gold_gain":1350,"player_choice":"GOLD GOLD GOLD GOLD GOLD GOLD GOLD GOLD GOLD GOLD GOLD GOLD GOLD GOLD GOLD ","damage_taken":201,"max_hp_gain":0,"max_hp_loss":0,"event_name":"Knowing Skull","floor":30,"potions_obtained":[],"gold_loss":0,"cards_obtained":[]},{"damage_healed":0,"gold_gain":999,"player_choice":"Sell","damage_taken":0,"max_hp_gain":0,"max_hp_loss":0,"event_name":"¶÷ÂåË¹µÄÅÌ×Ó","floor":46,"relics_lost":["Replay:Drink Me"],"gold_loss":0}],"is_beta":false,"boss_relics":[{"not_picked":["Kintsugi","testmod-KeyOfTheVoid"],"picked":"Replay:Drink Me"},{"not_picked":["aspiration:RitualDagger","BirthdayGift-Icosahedron"],"picked":"testmod-Fanaticism"}],"items_purged_floors":[11,11,11,11,11,11,20,44,44,44,55],"is_endless":false,"potions_floor_spawned":[1,4,12,13,16,21,22,31,33,35,38,45,47,48],"ascension_level":20}}