{"host":"vfg9szunmpjwj08o","time":1608503527,"event":{"mods":["Act Like it!","BaseMod","Challenge The Spire","Colored Map","Colored Powertips","Minty Spire (QoL Compilation)","StSLib","Waifu the Spire"],"gold_per_floor":[115,115,134,134,154,154,175,175,175,206,55,55,90,116,128,233,245,275,337,349,376,3,3,3,3],"floor_reached":24,"playtime":1248,"items_purged":["Strike_B","Defend_B"],"score":398,"play_id":"b85fc514-15ce-45d6-b1f6-b2033507b6c1","local_time":"20201220233207","is_ascension_mode":true,"campfire_choices":[{"data":"Zap","floor":6,"key":"SMITH"},{"data":"Chaos","floor":8,"key":"SMITH"},{"data":"Defragment","floor":15,"key":"SMITH"},{"data":"Dualcast","floor":23,"key":"SMITH"}],"circlet_count":0,"master_deck":["AscendersBane","Strike_B","Defend_B","Defend_B","Defend_B","Zap+1","Dualcast+1","BootSequence","Coolheaded","Compile Driver","Chaos+1","Defragment+1","Chill","Coolheaded","Rainbow+1","Hologram","Hologram","Self Repair","Scrape"],"relics":["Cracked Core","Golden Idol","Anchor","Question Card","MawBank","Sozu","ClockworkSouvenir"],"acts_visited":["Exordium","TheCity"],"potions_floor_usage":[10,14],"damage_taken":[{"damage":0,"enemies":"Small Slimes","floor":1,"turns":4},{"damage":0,"enemies":"Jaw Worm","floor":3,"turns":3},{"damage":6,"enemies":"Cultist","floor":5,"turns":3},{"damage":3,"enemies":"Large Slime","floor":7,"turns":5},{"damage":7,"enemies":"Lagavulin","floor":10,"turns":6},{"damage":14,"enemies":"3 Sentries","floor":13,"turns":9},{"damage":0,"enemies":"Lots of Slimes","floor":14,"turns":4},{"damage":42,"enemies":"The Guardian","floor":16,"turns":12},{"damage":0,"enemies":"Shell Parasite","floor":18,"turns":5},{"damage":0,"enemies":"2 Thieves","floor":21,"turns":4},{"damage":51,"enemies":"Gremlin Leader","floor":24,"turns":4}],"seed_played":"6155096402271032990","potions_obtained":[{"floor":1,"key":"EssenceOfSteel"},{"floor":5,"key":"SkillPotion"},{"floor":14,"key":"Ancient Potion"},{"floor":16,"key":"DistilledChaos"}],"is_trial":false,"path_per_floor":["M","?","M","?","M","R","M","R","T","E","$","?","E","M","R","B",null,"M","?","?","M","$","R","E"],"character_chosen":"DEFECT","items_purchased":["Defragment","Self Repair","Scrape","ClockworkSouvenir"],"campfire_rested":0,"item_purchase_floors":[11,22,22,22],"current_hp_per_floor":[64,64,64,64,58,58,55,55,55,48,48,64,50,50,50,8,50,50,50,50,50,50,50,0,0],"gold":3,"neow_bonus":"REMOVE_CARD","is_daily":false,"chose_seed":false,"campfire_upgraded":4,"win_rate":0.0,"timestamp":1608503527,"path_taken":["M","?","M","?","M","R","?","R","T","E","$","?","E","?","R","BOSS","M","?","?","M","$","R","E"],"items_purchased_type":["Card","Card","Card","Relic"],"build_version":"2020-12-13","purchased_purges":2,"victory":false,"max_hp_per_floor":[71,64,64,64,64,64,64,64,64,64,64,64,64,64,64,64,64,64,64,64,64,64,64,64,64],"card_choices":[{"not_picked":["Aggregate","Reprogram"],"picked":"BootSequence","floor":1},{"not_picked":["Turbo","Gash"],"picked":"Coolheaded","floor":3},{"not_picked":["Hologram","Turbo"],"picked":"Compile Driver","floor":5},{"not_picked":["Leap","Conserve Battery"],"picked":"Chaos","floor":7},{"not_picked":["Redo","Sweeping Beam"],"picked":"FTL","floor":10},{"not_picked":["Sweeping Beam","Barrage","Lockon"],"picked":"Chill","floor":13},{"not_picked":["Tempest","Heatsinks","Cold Snap"],"picked":"Coolheaded","floor":14},{"not_picked":["Hyperbeam","Machine Learning","Thunder Strike"],"picked":"Rainbow","floor":16},{"not_picked":["Auto Shields","Fusion","Gash+1"],"picked":"Hologram","floor":18},{"not_picked":["Turbo","Recycle","Stack"],"picked":"Hologram","floor":21}],"player_experience":1000318,"relics_obtained":[{"floor":9,"key":"Anchor"},{"floor":10,"key":"Question Card"},{"floor":13,"key":"MawBank"}],"event_choices":[{"damage_healed":0,"gold_gain":0,"player_choice":"Lose Max HP","damage_taken":0,"relics_obtained":["Golden Idol"],"max_hp_gain":0,"max_hp_loss":7,"event_name":"Golden Idol","floor":2,"gold_loss":0},{"cards_removed":["Strike_B"],"damage_healed":0,"gold_gain":0,"player_choice":"Purged","damage_taken":0,"max_hp_gain":0,"max_hp_loss":0,"event_name":"Purifier","floor":4,"gold_loss":0},{"cards_removed":["FTL"],"damage_healed":16,"gold_gain":0,"player_choice":"Offered Uncommon","damage_taken":0,"max_hp_gain":0,"max_hp_loss":0,"event_name":"Bonfire Elementals","floor":12,"gold_loss":0},{"damage_healed":0,"gold_gain":50,"player_choice":"Stole From Cult","damage_taken":0,"max_hp_gain":0,"max_hp_loss":0,"event_name":"Nest","floor":19,"gold_loss":0},{"damage_healed":0,"gold_gain":0,"player_choice":"Forge","damage_taken":0,"max_hp_gain":0,"max_hp_loss":0,"event_name":"Accursed Blacksmith","floor":20,"gold_loss":0,"cards_upgraded":["Rainbow"]}],"is_beta":false,"boss_relics":[{"not_picked":["Black Star","FrozenCore"],"picked":"Sozu"}],"items_purged_floors":[11,22],"is_endless":false,"potions_floor_spawned":[1,5,14,16,18],"killed_by":"Gremlin Leader","ascension_level":19}}