{"host":"18wi9kpcl4eah7pe","time":1608442964,"event":{"mods":["BaseMod","Colored Powertips","Downfall","Minty Spire (QoL Compilation)","StSLib"],"gold_per_floor":[349,449,464,479,479,512,512,287,304,304,321,421,440,454,466,466,466],"floor_reached":16,"playtime":616,"items_purged":[],"score":104,"play_id":"08a30ccd-f9ff-4a05-aaa5-53468634443d","local_time":"20201219234244","is_ascension_mode":false,"campfire_choices":[{"floor":1,"key":"RECALL"},{"floor":8,"key":"REST"},{"data":"Slimebound:DuplicatedForm","floor":10,"key":"SMITH"}],"circlet_count":0,"master_deck":["Slimebound:Strike_Slimebound","Slimebound:Strike_Slimebound","Slimebound:Tackle","Slimebound:Defend_Slimebound","Slimebound:Defend_Slimebound","Slimebound:Defend_Slimebound","Slimebound:Split","Slimebound:CorrosiveSpit","Slimebound:GoopSpray","Slimebound:DuplicatedForm+1","Slimebound:SlimeBrawl","Slimebound:LeadByExample+1","Slimebound:LeechEnergy","Slimebound:GoopSpray","Slimebound:ViciousTackle","Slimebound:Prepare","Slimebound:GrowthPunch","Slimebound:SpikyOuterGoop"],"relics":["Slimebound:AbsorbEndCombat","Happy Flower","downfall:HeartBlessingRed","downfall:HeartBlessingGreen","downfall:HeartBlessingBlue"],"acts_visited":["Exordium"],"potions_floor_usage":[6,6,16,16,16],"damage_taken":[{"damage":12,"enemies":"Jaw Worm","floor":3,"turns":4},{"damage":8,"enemies":"Cultist","floor":4,"turns":3},{"damage":45,"enemies":"3 Sentries","floor":6,"turns":4},{"damage":22,"enemies":"Small Slimes","floor":9,"turns":3},{"damage":11,"enemies":"Gremlin Gang","floor":11,"turns":3},{"damage":45,"enemies":"downfall:Heads","floor":12,"turns":3},{"damage":21,"enemies":"Large Slime","floor":13,"turns":3},{"damage":19,"enemies":"Blue Slaver","floor":14,"turns":3},{"damage":25,"enemies":"Gremlin Gang","floor":15,"turns":3},{"damage":28,"enemies":"downfall:Defect","floor":16,"turns":3}],"seed_played":"5739873520607905944","potions_obtained":[{"floor":3,"key":"Regen Potion"},{"floor":4,"key":"DuplicationPotion"},{"floor":6,"key":"champ:CounterPotion"},{"floor":13,"key":"Slimebound:SlimedPotion"},{"floor":14,"key":"Slimebound:SlimyTonguePotion"}],"is_trial":false,"path_per_floor":["R","?","M","M","?","E","T","R","M","R","M","?","M","M","M","B"],"character_chosen":"SLIMEBOUND","items_purchased":[],"campfire_rested":1,"item_purchase_floors":[],"current_hp_per_floor":[54,54,50,50,50,43,43,64,64,64,59,43,39,41,24,0,0],"gold":466,"neow_bonus":"TWO_FIFTY_GOLD","is_daily":false,"chose_seed":false,"campfire_upgraded":1,"win_rate":0.0,"timestamp":1608442964,"path_taken":["R","?","?","M","?","E","T","R","?","R","M","?","M","M","M","BOSS"],"items_purchased_type":[],"build_version":"2020-12-13","purchased_purges":0,"victory":false,"max_hp_per_floor":[54,54,54,54,54,54,54,64,64,64,64,64,64,64,64,64,64],"card_choices":[{"not_picked":["Slimebound:Gluttony","Slimebound:GrowthPunch"],"picked":"Slimebound:GoopSpray","floor":3},{"not_picked":["Slimebound:LeechingTouch","Slimebound:FinishingTackle"],"picked":"Slimebound:DuplicatedForm","floor":4},{"not_picked":["Slimebound:SlimeSlap","Slimebound:SplitBruiser"],"picked":"Slimebound:LeadByExample","floor":6},{"not_picked":["Slimebound:FinishingTackle","Slimebound:SplitAcid"],"picked":"Slimebound:LeechEnergy","floor":9},{"not_picked":["Slimebound:SplitMire","Slimebound:GrowthPunch"],"picked":"Slimebound:MegaLick","floor":11},{"not_picked":["Slimebound:GoopSpray","Slimebound:WasteNot"],"picked":"Slimebound:ViciousTackle","floor":12},{"not_picked":["Slimebound:AcidTongue","Slimebound:HauntingLick"],"picked":"Slimebound:Prepare","floor":13},{"not_picked":["Slimebound:ComboTackle","Slimebound:SplitAcid"],"picked":"Slimebound:GrowthPunch","floor":14},{"not_picked":["Slimebound:RollThrough","Slimebound:GoopTackle"],"picked":"Slimebound:SpikyOuterGoop","floor":15}],"player_experience":811572,"relics_obtained":[{"floor":6,"key":"Happy Flower"}],"event_choices":[{"damage_healed":0,"gold_gain":0,"cards_transformed":["Slimebound:Defend_Slimebound"],"player_choice":"Transformed","damage_taken":0,"max_hp_gain":0,"max_hp_loss":0,"event_name":"Transmorgrifier","floor":5,"gold_loss":0,"cards_obtained":["Slimebound:SlimeBrawl"]}],"is_beta":false,"boss_relics":[],"items_purged_floors":[],"is_endless":false,"potions_floor_spawned":[3,4,6,13,14],"killed_by":"downfall:Defect","ascension_level":0}}