{"host":"baymyijz6sxaqj5s","time":1608477087,"event":{"mods":["AchievementEnabler","BaseMod","Colored Map","Colored Powertips","DeckTracker","KOR Keyword Fix","Keyboard Shortcuts","Minty Spire (QoL Compilation)","StSLib","SuperFastMode"],"gold_per_floor":[111,111,125,50,67,67,81,101,101,101,119,130,141,157,157,254,254,268,282,294,51,61,61,89,106,130,140,140,140],"floor_reached":28,"playtime":1054,"items_purged":["Strike_R","Strike_R"],"score":240,"play_id":"030434c8-61f8-4ff4-b08c-4319dc6412fc","local_time":"20201221001127","is_ascension_mode":false,"campfire_choices":[{"data":"Pommel Strike","floor":6,"key":"SMITH"},{"data":"Power Through","floor":10,"key":"SMITH"},{"data":"Shrug It Off","floor":15,"key":"SMITH"},{"data":"Barricade","floor":23,"key":"SMITH"}],"circlet_count":0,"master_deck":["Strike_R","Strike_R+1","Strike_R","Defend_R","Defend_R","Defend_R","Defend_R+1","Bash+1","Headbutt","Pommel Strike+1","Power Through+1","Twin Strike","Spot Weakness+1","Shrug It Off+1","Barricade+1","Cleave","Heavy Blade+1"],"relics":["Burning Blood","Lantern","Question Card","Philosopher\u0027s Stone","War Paint","Dead Branch","Whetstone"],"acts_visited":["Exordium","TheCity"],"potions_floor_usage":[11,16,16,20,22,25],"damage_taken":[{"damage":1,"enemies":"Cultist","floor":1,"turns":4},{"damage":6,"enemies":"Jaw Worm","floor":3,"turns":4},{"damage":0,"enemies":"2 Louse","floor":5,"turns":2},{"damage":3,"enemies":"2 Fungi Beasts","floor":7,"turns":3},{"damage":0,"enemies":"Exordium Wildlife","floor":8,"turns":2},{"damage":0,"enemies":"Large Slime","floor":11,"turns":5},{"damage":1,"enemies":"Lots of Slimes","floor":12,"turns":5},{"damage":10,"enemies":"Exordium Wildlife","floor":13,"turns":5},{"damage":12,"enemies":"Large Slime","floor":14,"turns":6},{"damage":56,"enemies":"Slime Boss","floor":16,"turns":16},{"damage":17,"enemies":"2 Thieves","floor":18,"turns":4},{"damage":10,"enemies":"Shell Parasite","floor":19,"turns":6},{"damage":25,"enemies":"3 Cultists","floor":20,"turns":5},{"damage":21,"enemies":"Shelled Parasite and Fungi","floor":22,"turns":4},{"damage":22,"enemies":"Slavers","floor":24,"turns":7},{"damage":23,"enemies":"Snake Plant","floor":25,"turns":7},{"damage":18,"enemies":"Snecko","floor":27,"turns":5},{"damage":11,"enemies":"Sentry and Sphere","floor":28,"turns":2}],"seed_played":"-4624166175023908799","potions_obtained":[{"floor":1,"key":"GamblersBrew"},{"floor":5,"key":"BloodPotion"},{"floor":7,"key":"Block Potion"},{"floor":13,"key":"Dexterity Potion"},{"floor":20,"key":"LiquidBronze"},{"floor":24,"key":"Weak Potion"},{"floor":25,"key":"DuplicationPotion"}],"is_trial":false,"path_per_floor":["M","?","M","$","M","R","M","M","T","R","M","M","M","M","R","B",null,"M","M","M","$","M","R","E","M","T","M","M"],"character_chosen":"IRONCLAD","items_purchased":["War Paint"],"campfire_rested":0,"item_purchase_floors":[21],"current_hp_per_floor":[88,70,70,70,76,76,79,85,85,85,88,88,84,78,78,28,88,77,73,71,71,56,56,40,23,23,11,0,0],"gold":140,"neow_bonus":"TEN_PERCENT_HP_BONUS","is_daily":false,"chose_seed":false,"campfire_upgraded":4,"win_rate":0.0,"timestamp":1608477087,"path_taken":["M","?","M","?","M","R","M","M","T","R","M","M","M","?","R","BOSS","M","M","M","$","M","R","E","M","T","M","M"],"items_purchased_type":["Relic"],"build_version":"2020-12-13","purchased_purges":2,"victory":false,"max_hp_per_floor":[88,88,88,88,88,88,88,88,88,88,88,88,88,88,88,88,88,88,88,88,88,88,88,88,88,88,88,88,88],"card_choices":[{"not_picked":["Hemokinesis","Sword Boomerang"],"picked":"Headbutt","floor":1},{"not_picked":["Flex","Disarm"],"picked":"Pommel Strike","floor":3},{"not_picked":["Headbutt","Searing Blow","Clothesline"],"picked":"SKIP","floor":5},{"not_picked":["Thunderclap","True Grit"],"picked":"Power Through","floor":7},{"not_picked":["Perfected Strike","Headbutt"],"picked":"Twin Strike","floor":8},{"not_picked":["Cleave","Burning Pact","Flex"],"picked":"Spot Weakness","floor":11},{"not_picked":["Power Through","Iron Wave","Second Wind","Twin Strike"],"picked":"SKIP","floor":12},{"not_picked":["Pommel Strike","Wild Strike","True Grit"],"picked":"Shrug It Off","floor":13},{"not_picked":["Shockwave","Iron Wave","Wild Strike","Clash"],"picked":"SKIP","floor":14},{"not_picked":["Limit Break","Corruption","Exhume"],"picked":"Barricade","floor":16},{"not_picked":["Infernal Blade","Hemokinesis","Headbutt"],"picked":"Cleave","floor":18},{"not_picked":["Perfected Strike","Cleave","Wild Strike","True Grit+1"],"picked":"SKIP","floor":19},{"not_picked":["Cleave","Uppercut","Whirlwind","Twin Strike+1"],"picked":"SKIP","floor":20},{"not_picked":["Rupture","Twin Strike","Anger","Clothesline"],"picked":"SKIP","floor":22},{"not_picked":["Pommel Strike","Clothesline","Clash","Combust"],"picked":"SKIP","floor":24},{"not_picked":["Perfected Strike+1","Feel No Pain","Rage","Rupture"],"picked":"SKIP","floor":25},{"not_picked":["Blood for Blood","Wild Strike","Headbutt"],"picked":"Heavy Blade+1","floor":27}],"player_experience":149012,"relics_obtained":[{"floor":9,"key":"Question Card"},{"floor":24,"key":"Dead Branch"},{"floor":26,"key":"Whetstone"}],"event_choices":[{"damage_healed":0,"gold_gain":0,"player_choice":"Success","damage_taken":18,"relics_obtained":["Lantern"],"max_hp_gain":0,"max_hp_loss":0,"event_name":"Scrap Ooze","floor":2,"gold_loss":0}],"is_beta":false,"boss_relics":[{"not_picked":["Fusion Hammer","Snecko Eye"],"picked":"Philosopher\u0027s Stone"}],"items_purged_floors":[4,21],"is_endless":false,"potions_floor_spawned":[1,5,7,8,13,20,24,25],"killed_by":"Sentry and Sphere","ascension_level":0}}