{"host":"mqhvlr3kpxebko0t","time":1608440542,"event":{"mods":["AchievementEnabler","BaseMod","Colored Map","Colored Powertips","Keyboard Shortcuts","Minty Spire (QoL Compilation)","StSLib","SuperFastMode"],"gold_per_floor":[117,117,137,137,137,137,173,48,48,73,73,73,73],"floor_reached":12,"playtime":83,"items_purged":["Strike_B"],"score":177,"play_id":"f31ac409-9248-4fb1-89e3-56416b1456ab","local_time":"20201220140222","is_ascension_mode":true,"campfire_choices":[{"data":"Zap","floor":6,"key":"SMITH"}],"circlet_count":0,"master_deck":["AscendersBane","Strike_B","Strike_B","Strike_B","Defend_B","Defend_B","Defend_B","Defend_B","Zap+1","Dualcast","Sweeping Beam","Seek","Conserve Battery","Coolheaded"],"relics":["Cracked Core","NeowsBlessing","Golden Idol","Mercury Hourglass","Ancient Tea Set","Darkstone Periapt","InkBottle"],"acts_visited":["Exordium"],"potions_floor_usage":[],"damage_taken":[{"damage":0,"enemies":"2 Louse","floor":1,"turns":1},{"damage":0,"enemies":"Cultist","floor":3,"turns":1},{"damage":0,"enemies":"3 Sentries","floor":7,"turns":1},{"damage":8,"enemies":"Small Slimes","floor":10,"turns":2},{"damage":3,"enemies":"Gremlin Nob","floor":12,"turns":3}],"seed_played":"5710326789846071","potions_obtained":[{"floor":7,"key":"Dexterity Potion"},{"floor":10,"key":"Explosive Potion"}],"is_trial":false,"path_per_floor":["M","?","M","?","?","R","E","$","T","M","?","E"],"character_chosen":"DEFECT","items_purchased":["Conserve Battery"],"campfire_rested":0,"item_purchase_floors":[8],"current_hp_per_floor":[64,69,69,69,69,69,69,69,69,61,56,53,53],"gold":73,"neow_bonus":"THREE_ENEMY_KILL","is_daily":false,"chose_seed":false,"campfire_upgraded":1,"win_rate":0.0,"timestamp":1608440542,"path_taken":["M","?","M","?","?","R","E","$","T","?","?","E"],"items_purchased_type":["Card"],"build_version":"2020-12-13","purchased_purges":1,"victory":false,"max_hp_per_floor":[71,76,76,69,69,69,69,69,69,69,69,69,69],"card_choices":[{"not_picked":["Go for the Eyes","Gash"],"picked":"Sweeping Beam","floor":1},{"not_picked":["Barrage","Recycle"],"picked":"Capacitor","floor":3},{"not_picked":["Conserve Battery","Sweeping Beam"],"picked":"Seek","floor":7},{"not_picked":["Storm","Leap"],"picked":"Coolheaded","floor":10}],"player_experience":653937,"relics_obtained":[{"floor":7,"key":"Ancient Tea Set"},{"floor":9,"key":"Darkstone Periapt"}],"event_choices":[{"damage_healed":0,"gold_gain":0,"player_choice":"Donut","damage_taken":0,"max_hp_gain":5,"max_hp_loss":0,"event_name":"Big Fish","floor":2,"gold_loss":0},{"damage_healed":0,"gold_gain":0,"player_choice":"Lose Max HP","damage_taken":0,"relics_obtained":["Golden Idol"],"max_hp_gain":0,"max_hp_loss":7,"event_name":"Golden Idol","floor":4,"gold_loss":0},{"cards_removed":["Capacitor"],"damage_healed":0,"gold_gain":0,"player_choice":"Gave Card","damage_taken":0,"relics_obtained":["Mercury Hourglass"],"max_hp_gain":0,"max_hp_loss":0,"event_name":"WeMeetAgain","floor":5,"gold_loss":0},{"damage_healed":0,"gold_gain":0,"player_choice":"Success","damage_taken":5,"relics_obtained":["InkBottle"],"max_hp_gain":0,"max_hp_loss":0,"event_name":"Scrap Ooze","floor":11,"gold_loss":0}],"is_beta":false,"boss_relics":[],"items_purged_floors":[8],"is_endless":false,"potions_floor_spawned":[7,10],"killed_by":"Gremlin Nob","ascension_level":15}}