{"host":"thn8o1tmql8xszd5","time":1608439049,"event":{"mods":["AchievementEnabler","BaseMod","Block Reminder","Colored Map","DeckTracker","Highlight Path","Minty Spire (QoL Compilation)","Permanent Neow","Quick Restart","Relic Stats","Robot Space Explorer","StSLib","The Blue Laboratory"],"gold_per_floor":[361,361,536,536,181,181,225,225,296,321,361,7,32,66,78,90,90],"floor_reached":16,"playtime":946,"items_purged":["Doubt","Injury"],"score":151,"play_id":"eeb02753-f26d-441a-a260-9945aa250ac0","local_time":"20201219233729","is_ascension_mode":true,"campfire_choices":[{"data":"Sever Soul","floor":6,"key":"SMITH"},{"data":"Armaments","floor":8,"key":"SMITH"},{"floor":15,"key":"REST"}],"circlet_count":0,"master_deck":["Strike_R","Strike_R","Strike_R","Strike_R","Strike_R","Defend_R","Defend_R","Defend_R","Defend_R","Bash+1","Feel No Pain","Sever Soul+1","Armaments+1","Twin Strike","Fiend Fire+1","Whirlwind+1","Bloodletting","Master of Strategy","Headbutt+1","Sentinel"],"relics":["Burning Blood","Golden Idol","Oddly Smooth Stone","Ancient Tea Set","Molten Egg 2","Akabeko","MawBank"],"acts_visited":["Exordium"],"potions_floor_usage":[10],"damage_taken":[{"damage":0,"enemies":"2 Louse","floor":1,"turns":4},{"damage":29,"enemies":"Lagavulin","floor":7,"turns":8},{"damage":0,"enemies":"Small Slimes","floor":10,"turns":1},{"damage":20,"enemies":"Gremlin Nob","floor":11,"turns":4},{"damage":0,"enemies":"Cultist","floor":13,"turns":2},{"damage":31,"enemies":"3 Sentries","floor":14,"turns":5},{"damage":32,"enemies":"Hexaghost","floor":16,"turns":9}],"seed_played":"-778423968761478109","potions_obtained":[{"floor":1,"key":"Explosive Potion"},{"floor":14,"key":"blueLaboratory:ConflagurationPotion"}],"is_trial":false,"path_per_floor":["M","?","?","?","$","R","E","R","T","M","E","$","M","E","R","B"],"character_chosen":"IRONCLAD","items_purchased":["Sever Soul","Armaments","Oddly Smooth Stone","Bloodletting","Master of Strategy"],"campfire_rested":1,"item_purchase_floors":[5,5,5,12,12],"current_hp_per_floor":[57,57,57,57,57,57,34,34,34,40,26,26,32,7,31,0,0],"gold":90,"neow_bonus":"TWO_FIFTY_GOLD","is_daily":false,"chose_seed":false,"campfire_upgraded":2,"win_rate":0.0,"timestamp":1608439049,"path_taken":["M","?","?","?","$","R","E","R","T","?","E","$","M","E","R","BOSS"],"items_purchased_type":["Card","Card","Relic","Card","Card"],"build_version":"2020-12-13","purchased_purges":2,"victory":false,"max_hp_per_floor":[80,80,80,80,80,80,80,80,80,80,80,80,80,80,80,80,80],"relic_stats":{"counters":[7,33],"Golden Idol":34,"MawBank":24,"obtain_stats":[{"Golden Idol":2,"Oddly Smooth Stone":5,"Molten Egg 2":9,"Ancient Tea Set":7,"MawBank":14,"Burning Blood":0,"Akabeko":11},{"Golden Idol":1,"Oddly Smooth Stone":1,"Molten Egg 2":2,"Ancient Tea Set":2,"MawBank":6,"Burning Blood":0,"Akabeko":4},{"Golden Idol":4,"Oddly Smooth Stone":4,"Molten Egg 2":12,"Ancient Tea Set":12,"MawBank":24,"Burning Blood":0,"Akabeko":17}],"Burning Blood":36},"card_choices":[{"not_picked":["Body Slam","Anger"],"picked":"Feel No Pain","floor":1},{"not_picked":["Burning Pact","Warcry"],"picked":"Twin Strike","floor":7},{"not_picked":["Pummel+1","Flex"],"picked":"Fiend Fire+1","floor":10},{"not_picked":["Blood for Blood+1","Entrench"],"picked":"Whirlwind+1","floor":11},{"not_picked":["Dual Wield","Dropkick+1"],"picked":"Headbutt+1","floor":13},{"not_picked":["Metallicize","Searing Blow+1"],"picked":"Sentinel","floor":14}],"player_experience":499377,"relics_obtained":[{"floor":7,"key":"Ancient Tea Set"},{"floor":9,"key":"Molten Egg 2"},{"floor":11,"key":"Akabeko"},{"floor":14,"key":"MawBank"}],"event_choices":[{"damage_healed":0,"gold_gain":0,"player_choice":"Take Wound","damage_taken":0,"relics_obtained":["Golden Idol"],"max_hp_gain":0,"max_hp_loss":0,"event_name":"Golden Idol","floor":2,"gold_loss":0,"cards_obtained":["Injury"]},{"damage_healed":0,"gold_gain":175,"player_choice":"AGREE","damage_taken":0,"max_hp_gain":0,"max_hp_loss":0,"event_name":"Liars Game","floor":3,"gold_loss":0,"cards_obtained":["Doubt"]},{"damage_healed":0,"gold_gain":0,"player_choice":"Upgraded","damage_taken":0,"max_hp_gain":0,"max_hp_loss":0,"event_name":"Upgrade Shrine","floor":4,"gold_loss":0,"cards_upgraded":["Bash"]}],"is_beta":false,"boss_relics":[],"items_purged_floors":[5,12],"is_endless":false,"potions_floor_spawned":[1,14],"killed_by":"Hexaghost","ascension_level":6}}