{"host":"0hb9w7uizu7y13wj","time":1608472423,"event":{"mods":["Act Like it!","Aspiration","BaseMod","BetterRewards","Colored Map","Conspire","Downfall","Energized Spire","FTL Soundtrack","Friendly Minions","Halation","Hubris","Infinite Spire","Minty Spire (QoL Compilation)","Quick Restart","Replay The Spire","StSLib","Synergy Search","The Factory","The Hierophant","The Jungle","The Poker Player","Trackpad","everything is the same but u backflip on backflip","vexMod"],"gold_per_floor":[111,76,76,22,122,154,164,164,187,210,245,245,289,289,289,394,394,405,414,442,442,468,504,531,574,574,574,574,574,601,627,627,732,732,756,716,427,481,481,522,545,545,545,569,592,930,930,953,953,953,953,953,1262,1303,1303],"floor_reached":56,"playtime":2237,"items_purged":["Strike_B"],"score":1572,"play_id":"5f864136-2b34-4edf-8b9f-54e50f8eb913","local_time":"20201220135343","is_ascension_mode":true,"campfire_choices":[{"floor":12.0,"key":"REST"},{"floor":15.0,"key":"REST"},{"data":"ReplayTheSpireMod:Calculation Training","floor":29.0,"key":"SMITH"},{"floor":32.0,"key":"REST"},{"data":"Storm","floor":42,"key":"SMITH"},{"floor":49,"key":"RECALL"},{"data":"Amplify","floor":52,"key":"SMITH"}],"circlet_count":0,"master_deck":["Strike_B+1","Defend_B","Defend_B","Defend_B+1","Zap","Dualcast","hubris:PowerSurge","FIFO Queue","Coolheaded","Storm+1","Thunder Strike","Static Discharge","Storm+1","Sunder","ReplayTheSpireMod:Calculation Training+1","Creative AI","infinitespire:Collect","Coolheaded","Defragment+1","Panic Button+1","Sweeping Beam+1","Tempest+1","Ball Lightning","Fusion+1","Amplify+1","Panic Button+1","FIFO Queue","ReplayTheSpireMod:Calculation Training+1","BasicCrystalCard+1","Cold Snap","Glacier+1","Storm+1","Ball Lightning+1","ReplayTheSpireMod:Calculation Training+1","Defragment","ReplayTheSpireMod:Calculation Training+1"],"relics":["Cracked Core","Du-Vu Doll","trackpad:MiracleGrow","aspiration:AnachronicSnailShell","infinitespire:Lychee Nut","CeramicFish","aspiration:FaultyCoupler","hubris:ToyBattleship","Empty Cage","trackpad:Coffee","trackpad:BottledTsunami","hubris:Towel","Matryoshka","Geode","Happy Flower","ReplayFunnel","halation:EternalFortune","Replay:Rubber Ducky","trackpad:ByrdBGone","trackpad:NeutrinoGenerator","DataDisk","Calipers","HornCleat","Old Coin","hubris:NiceRug","ReplayTheSpireMod:TigerMarble","vexMod:MemoryStick","TheAbacus","vexMod:BarristanHead"],"acts_visited":["Exordium","TheCity","TheBeyond","TheEnding"],"potions_floor_usage":[],"damage_taken":[{"damage":3.0,"enemies":"2 Louse","floor":1.0,"turns":2.0},{"damage":17.0,"enemies":"Lagavulin","floor":6.0,"turns":7.0},{"damage":0.0,"enemies":"Small Slimes","floor":7.0,"turns":3.0},{"damage":7.0,"enemies":"infinitespire:Voidling","floor":10.0,"turns":3.0},{"damage":21.0,"enemies":"3 Sentries","floor":11.0,"turns":4.0},{"damage":35.0,"enemies":"Lagavulin","floor":13.0,"turns":4.0},{"damage":12.0,"enemies":"The Guardian","floor":16.0,"turns":4.0},{"damage":32.0,"enemies":"2 Thieves","floor":18.0,"turns":4.0},{"damage":1.0,"enemies":"Spheric Guardian","floor":20.0,"turns":3.0},{"damage":0.0,"enemies":"Cultist and Chosen","floor":22.0,"turns":4.0},{"damage":15.0,"enemies":"conspire:SneckoGhost","floor":23.0,"turns":3.0},{"damage":12.0,"enemies":"Centurion and Healer","floor":24.0,"turns":4.0},{"damage":5.0,"enemies":"Nightmare","floor":25.0,"turns":4.0},{"damage":2.0,"enemies":"Sentry and Sphere","floor":30.0,"turns":3.0},{"damage":0.0,"enemies":"Snecko","floor":31.0,"turns":3.0},{"damage":0.0,"enemies":"Champ","floor":33.0,"turns":5.0},{"damage":4.0,"enemies":"3 Darklings","floor":35.0,"turns":2.0},{"damage":10.0,"enemies":"2 Orb Walkers","floor":38.0,"turns":3.0},{"damage":13,"enemies":"Reptomancer","floor":40,"turns":3},{"damage":4,"enemies":"Orb Walker","floor":41,"turns":2},{"damage":0,"enemies":"Transient","floor":44,"turns":5},{"damage":0,"enemies":"3 Darklings","floor":45,"turns":3},{"damage":0,"enemies":"R_Hoarder","floor":46,"turns":3},{"damage":0,"enemies":"Maw","floor":48,"turns":3},{"damage":18,"enemies":"Replay:Hell Engine","floor":50,"turns":6},{"damage":0,"enemies":"hubris:Merchant","floor":53,"turns":3},{"damage":7,"enemies":"Shield and Spear","floor":54,"turns":5},{"damage":0,"enemies":"The Heart","floor":55,"turns":6}],"seed_played":"-6418641236261797531","potions_obtained":[{"floor":1.0,"key":"PowerPotion"},{"floor":7.0,"key":"GamblersBrew"},{"floor":11.0,"key":"champ:CounterPotion"},{"floor":22.0,"key":"Dexterity Potion"},{"floor":23.0,"key":"ColorlessPotion"},{"floor":24.0,"key":"Dexterity Potion"}],"is_trial":false,"path_per_floor":["M","?","?","$","?","E","M","?","T","M","E","R","E","?","R","B",null,"M","AVR","M","?","M","E","M","NM","T","?","T","R","M","M","R","B",null,"M","?","$","?","?","E","M","R","T","M","M","E","?","M","R","B",null,"R","$","E","B",null],"character_chosen":"DEFECT","items_purchased":["hubris:PowerSurge","Du-Vu Doll","FIFO Queue","Storm+1","DataDisk","FIFO Queue"],"campfire_rested":3,"item_purchase_floors":[0,0,0,4,37,37],"current_hp_per_floor":[29,47,47,47,47,30,30,30,30,33,18,34,5,5,21,15,46,20,20,24,24,30,20,14,15,15,18,18,18,21,26,43,49,57,55,55,55,51,51,47,46,46,46,52,57,65,65,65,65,50,61,61,65,59,65],"gold":1303,"neow_bonus":"","is_daily":false,"chose_seed":false,"campfire_upgraded":3,"win_rate":0.0,"timestamp":1608472423,"path_taken":["M","?","?","$","?","E","?","?","T","?","E","R","E","?","R","BOSS","M","AVR","M","?","M","E","M","NM","T","?","?","R","M","M","R","BOSS","M","?","$","?","?","E","M","R","T","?","M","E","?","?","R","BOSS","R","$","E","BOSS"],"items_purchased_type":["Card","Relic","Card","Card","Relic","Card"],"build_version":"2020-12-13","purchased_purges":1,"victory":true,"max_hp_per_floor":[75,75,75,75,75,75,75,56,56,56,56,56,56,56,56,56,56,56,56,56,56,56,56,56,56,56,59,59,59,59,59,59,59,59,59,59,59,59,59,62,62,62,62,62,62,65,65,65,65,65,65,65,65,65,65],"card_choices":[{"not_picked":["FIFO Queue","ReplayTheSpireMod:System Scan"],"picked":"Coolheaded","floor":1.0},{"not_picked":["ReplayTheSpireMod:System Scan","Hello World"],"picked":"Thunder Strike","floor":6.0},{"not_picked":["Go for the Eyes","ReplaySolidLightProjector"],"picked":"Static Discharge","floor":7.0},{"not_picked":["Go for the Eyes","Chill"],"picked":"Storm","floor":10.0},{"not_picked":["ReplayTheSpireMod:System Scan","Blizzard"],"picked":"Sunder","floor":11.0},{"not_picked":["ReplayTheSpireMod:GoodbyeWorld","Multi-Cast"],"picked":"ReplayTheSpireMod:Calculation Training","floor":13.0},{"not_picked":["hubris:DoWhile","ReplayTheSpireMod:Fabricate Wheel"],"picked":"Creative AI","floor":16.0},{"not_picked":["Rebound","Turbo","Streamline"],"picked":"SKIP","floor":18.0},{"not_picked":["Compile Driver","White Noise"],"picked":"Coolheaded","floor":20.0},{"not_picked":["Redo","Rip and Tear"],"picked":"Defragment+1","floor":22.0},{"not_picked":["conspire:SharedLibrary","Auto Shields"],"picked":"Panic Button+1","floor":23.0},{"not_picked":["Recycle","Steam"],"picked":"Sweeping Beam+1","floor":24.0},{"not_picked":["Recycle","Mirror Shield"],"picked":"Tempest+1","floor":25.0},{"not_picked":["Panic Button+1","Barrage+1"],"picked":"Ball Lightning","floor":30.0},{"not_picked":["Stack","Rebound+1"],"picked":"Fusion","floor":31.0},{"not_picked":["Meteor Strike","Mirror Shield"],"picked":"Amplify","floor":33.0},{"not_picked":["Gash","BasicCrystalCard"],"picked":"Panic Button+1","floor":35.0},{"not_picked":["Recycle+1","Conserve Battery"],"picked":"ReplayTheSpireMod:Calculation Training+1","floor":38.0},{"not_picked":["hubris:Ukulele+1","Gash"],"picked":"BasicCrystalCard+1","floor":40},{"not_picked":["conspire:SharedLibrary","Streamline+1"],"picked":"Cold Snap","floor":41},{"not_picked":["Blizzard+1","Barrage"],"picked":"Glacier+1","floor":44},{"not_picked":["ReplayTheSpireMod:Calculation Training","Steam+1"],"picked":"Storm","floor":45},{"not_picked":["ReplayTheSpireMod:Fabricate Wheel","BasicCrystalCard+1"],"picked":"Ball Lightning+1","floor":46},{"not_picked":["Go for the Eyes","ReplaySort"],"picked":"ReplayTheSpireMod:Calculation Training+1","floor":48},{"not_picked":[],"picked":"Defragment","floor":53},{"not_picked":["Cold Snap"],"picked":"SKIP","floor":53},{"not_picked":["Streamline"],"picked":"SKIP","floor":53},{"not_picked":["Redo"],"picked":"SKIP","floor":53},{"not_picked":["Turbo"],"picked":"SKIP","floor":53},{"not_picked":["Replay:Parry"],"picked":"SKIP","floor":53},{"not_picked":["Transmutation"],"picked":"SKIP","floor":53},{"not_picked":["Doom and Gloom","Fission"],"picked":"ReplayTheSpireMod:Calculation Training+1","floor":54}],"player_experience":894843,"relics_obtained":[{"floor":6.0,"key":"aspiration:AnachronicSnailShell"},{"floor":8.0,"key":"infinitespire:Lychee Nut"},{"floor":9.0,"key":"CeramicFish"},{"floor":11.0,"key":"aspiration:FaultyCoupler"},{"floor":13.0,"key":"hubris:ToyBattleship"},{"floor":23.0,"key":"Matryoshka"},{"floor":25.0,"key":"Geode"},{"floor":26.0,"key":"Happy Flower"},{"floor":26.0,"key":"ReplayFunnel"},{"floor":28.0,"key":"Replay:Rubber Ducky"},{"floor":28.0,"key":"trackpad:ByrdBGone"},{"floor":38.0,"key":"Calipers"},{"floor":40,"key":"halation:EternalFortune"},{"floor":40,"key":"HornCleat"},{"floor":46,"key":"halation:EternalFortune"},{"floor":46,"key":"Old Coin"},{"floor":53,"key":"ReplayTheSpireMod:TigerMarble"},{"floor":53,"key":"vexMod:MemoryStick"},{"floor":53,"key":"TheAbacus"},{"floor":54,"key":"vexMod:BarristanHead"}],"event_choices":[{"damage_healed":18.0,"max_hp_gain":0.0,"max_hp_loss":0.0,"gold_gain":0.0,"event_name":"The Cleric","player_choice":"Healed","floor":2.0,"gold_loss":35.0,"damage_taken":0.0},{"damage_healed":0.0,"max_hp_gain":0.0,"max_hp_loss":0.0,"gold_gain":100.0,"event_name":"Golden Shrine","player_choice":"Pray","floor":5.0,"gold_loss":0.0,"damage_taken":0.0},{"damage_healed":0.0,"max_hp_gain":0.0,"max_hp_loss":0.0,"gold_gain":0.0,"event_name":"Wheel of Change","player_choice":"Relic","floor":8.0,"gold_loss":0.0,"damage_taken":0.0},{"damage_healed":0.0,"max_hp_gain":0.0,"max_hp_loss":0.0,"gold_gain":0.0,"event_name":"Designer","player_choice":"Upgraded Two","floor":36.0,"gold_loss":40.0,"damage_taken":0.0,"cards_upgraded":["Strike_B","Fusion"]},{"damage_healed":0.0,"max_hp_gain":0.0,"max_hp_loss":0.0,"gold_gain":0.0,"event_name":"Mysterious Sphere","player_choice":"Fight","floor":38.0,"gold_loss":0.0,"damage_taken":0.0},{"cards_removed":["Defend_B"],"damage_healed":0.0,"max_hp_gain":0.0,"max_hp_loss":0.0,"gold_gain":0.0,"event_name":"Purifier","player_choice":"Purged","floor":39.0,"gold_loss":0.0,"damage_taken":0.0},{"damage_healed":0,"gold_gain":0,"player_choice":"Forge","damage_taken":0,"max_hp_gain":0,"max_hp_loss":0,"event_name":"Accursed Blacksmith","floor":47,"gold_loss":0,"cards_upgraded":["Storm"]}],"is_beta":false,"boss_relics":[{"not_picked":["conspire:RunicOctahedron","halation:PlatinumPhoenix"],"picked":"Empty Cage"},{"not_picked":["hubris:TerracottaHorce","conspire:SlowCooker"],"picked":"trackpad:NeutrinoGenerator"}],"items_purged_floors":[37],"is_endless":false,"potions_floor_spawned":[1,7,11,22,23,24,30,31,33,35,44,45,46],"ascension_level":6}}