{"host":"ny0ruk04d4jvzm3a","time":1608425423,"event":{"mods":["BaseMod","Better Match","Better Sensory Stone","Better Skull","BetterRewards","Colored Map","Colored Powertips","GifTheSpireLib","Hermit","Minty Spire (QoL Compilation)","Quick Restart","Relic Stats","StSLib","Transform Curses"],"gold_per_floor":[119,194,46,46,46,84,84,123,194,194,214,231,245,256,256,368,368,386,386,15,15,27,27,27,27,108,108,134,0,22,44,44,151,151,172,192,192,0,0,39,52,75,149,149,149],"floor_reached":44,"playtime":2448,"items_purged":["Defend_P"],"score":498,"play_id":"2d898244-4504-41ad-98bf-fe9f1ed06161","local_time":"20201219195023","is_ascension_mode":false,"campfire_choices":[{"data":"Eruption","floor":7,"key":"SMITH"},{"data":"Conclude","floor":10,"key":"SMITH"},{"data":"LessonLearned","floor":15,"key":"SMITH"},{"data":"Wish","floor":23,"key":"SMITH"},{"data":"Vigilance","floor":27,"key":"SMITH"},{"floor":32,"key":"REST"}],"circlet_count":0,"master_deck":["Strike_P+1","Strike_P+1","Strike_P+1","Defend_P+1","Defend_P+1","Defend_P+1","Eruption+1","Vigilance+1","Conclude+1","LessonLearned+1","Wish+1","Worship+1","Worship","Devotion+1","Wish","Prostrate+1","Adaptation+1","Pray"],"relics":["PureWater","NeowsBlessing","CeramicFish","Gremlin Horn","Vajra","Toy Ornithopter","Blood Vial","Darkstone Periapt","SlaversCollar","Omamori","Orichalcum","Frozen Egg 2","Eternal Feather","Fusion Hammer","Red Mask","PreservedInsect","Pantograph"],"acts_visited":["Exordium","TheCity","TheBeyond"],"potions_floor_usage":[16,22,30,31,33,44],"damage_taken":[{"damage":0,"enemies":"2 Louse","floor":1,"turns":1},{"damage":0,"enemies":"Lagavulin","floor":6,"turns":1},{"damage":0,"enemies":"Gremlin Nob","floor":8,"turns":1},{"damage":0,"enemies":"Cultist","floor":11,"turns":2},{"damage":0,"enemies":"Small Slimes","floor":12,"turns":2},{"damage":8,"enemies":"Exordium Thugs","floor":13,"turns":5},{"damage":1,"enemies":"3 Louse","floor":14,"turns":2},{"damage":29,"enemies":"Slime Boss","floor":16,"turns":9},{"damage":0,"enemies":"Chosen","floor":18,"turns":3},{"damage":0,"enemies":"Spheric Guardian","floor":22,"turns":2},{"damage":40,"enemies":"Shelled Parasite and Fungi","floor":28,"turns":5},{"damage":19,"enemies":"Chosen and Byrds","floor":30,"turns":6},{"damage":3,"enemies":"Snake Plant","floor":31,"turns":6},{"damage":51,"enemies":"Collector","floor":33,"turns":8},{"damage":23,"enemies":"3 Shapes","floor":35,"turns":4},{"damage":12,"enemies":"Orb Walker","floor":36,"turns":5},{"damage":15,"enemies":"Reptomancer","floor":40,"turns":5},{"damage":32,"enemies":"Spire Growth","floor":41,"turns":7},{"damage":31,"enemies":"Writhing Mass","floor":42,"turns":8},{"damage":27,"enemies":"Nemesis","floor":44,"turns":10}],"seed_played":"-5393310400780644365","potions_obtained":[{"floor":6,"key":"LiquidMemories"},{"floor":11,"key":"FairyPotion"},{"floor":12,"key":"GamblersBrew"},{"floor":28,"key":"SkillPotion"},{"floor":30,"key":"Block Potion"},{"floor":31,"key":"PowerPotion"},{"floor":35,"key":"SpeedPotion"},{"floor":41,"key":"ColorlessPotion"}],"is_trial":false,"path_per_floor":["M","?","$","?","?","E","R","E","T","R","M","M","M","M","R","B",null,"M","?","$","T","M","R","?","?","T","R","M","?","M","M","R","B",null,"M","M","?","?","$","E","M","M","T","E"],"character_chosen":"WATCHER","items_purchased":["CeramicFish","Omamori","Orichalcum"],"campfire_rested":1,"item_purchase_floors":[3,20,20],"current_hp_per_floor":[72,61,61,58,58,58,58,58,58,58,60,62,56,57,57,35,72,72,72,72,72,72,72,72,72,72,72,32,32,20,24,51,7,72,49,39,57,57,57,44,14,20,20,0,0],"gold":149,"neow_bonus":"THREE_ENEMY_KILL","is_daily":false,"chose_seed":false,"campfire_upgraded":5,"win_rate":0.0,"timestamp":1608425423,"path_taken":["M","?","$","?","?","E","R","E","T","R","M","?","M","M","R","BOSS","M","?","$","?","M","R","?","?","T","R","M","?","?","M","R","BOSS","M","M","?","?","$","E","?","M","T","E"],"items_purchased_type":["Relic","Relic","Relic"],"build_version":"2020-12-13","purchased_purges":1,"victory":false,"max_hp_per_floor":[72,72,72,72,72,72,72,72,72,72,72,72,72,72,72,72,72,72,72,72,72,72,72,72,72,72,72,72,72,72,72,72,72,72,72,72,72,72,72,72,72,72,72,72,72],"relic_stats":{"Blood Vial":26,"Darkstone Periapt":0,"Gremlin Horn":[16,16],"counters":[20,92],"CeramicFish":99,"Pantograph":0,"Eternal Feather":6,"PreservedInsect":47,"Orichalcum":[96],"obtain_stats":[{"Darkstone Periapt":9,"NeowsBlessing":0,"Gremlin Horn":4,"CeramicFish":3,"Vajra":5,"Eternal Feather":26,"PreservedInsect":40,"Omamori":20,"Orichalcum":20,"Frozen Egg 2":21,"Blood Vial":8,"SlaversCollar":17,"Pantograph":43,"Fusion Hammer":34,"Red Mask":38,"PureWater":0,"Toy Ornithopter":6},{"Darkstone Periapt":3,"NeowsBlessing":0,"Gremlin Horn":1,"CeramicFish":1,"Vajra":1,"Eternal Feather":10,"PreservedInsect":17,"Omamori":9,"Orichalcum":9,"Frozen Egg 2":9,"Blood Vial":3,"SlaversCollar":8,"Pantograph":19,"Fusion Hammer":14,"Red Mask":16,"PureWater":0,"Toy Ornithopter":2},{"Darkstone Periapt":3,"NeowsBlessing":0,"Gremlin Horn":1,"CeramicFish":1,"Vajra":1,"Eternal Feather":28,"PreservedInsect":67,"Omamori":26,"Orichalcum":26,"Frozen Egg 2":26,"Blood Vial":3,"SlaversCollar":23,"Pantograph":82,"Fusion Hammer":53,"Red Mask":62,"PureWater":0,"Toy Ornithopter":2}],"Toy Ornithopter":25},"card_choices":[{"not_picked":["Protect","Halt"],"picked":"ReachHeaven","floor":1},{"not_picked":["FollowUp","Crescendo"],"picked":"WheelKick","floor":6},{"not_picked":["FlurryOfBlows","Evaluate"],"picked":"Conclude","floor":8},{"not_picked":["EmptyFist","ClearTheMind"],"picked":"LessonLearned","floor":11},{"not_picked":["Evaluate","Vengeance","WindmillStrike"],"picked":"SKIP","floor":12},{"not_picked":["Halt","JustLucky","EmptyBody"],"picked":"SKIP","floor":13},{"not_picked":["SashWhip","Tantrum","CutThroughFate"],"picked":"SKIP","floor":14},{"not_picked":["Vault","SpiritShield"],"picked":"Wish","floor":16},{"not_picked":["Prostrate","Meditate+1","SandsOfTime"],"picked":"SKIP","floor":18},{"not_picked":["Crescendo","Tantrum+1","DeceiveReality"],"picked":"SKIP","floor":22},{"not_picked":["PathToVictory","CrushJoints"],"picked":"Worship+1","floor":28},{"not_picked":["Study+1","PathToVictory"],"picked":"Worship","floor":30},{"not_picked":["BattleHymn+1","JustLucky"],"picked":"Devotion+1","floor":31},{"not_picked":["Ragnarok","LessonLearned"],"picked":"Wish","floor":33},{"not_picked":["CutThroughFate+1","EmptyBody+1"],"picked":"Prostrate+1","floor":35},{"not_picked":["FlurryOfBlows+1","CrushJoints","JustLucky"],"picked":"SKIP","floor":36},{"not_picked":["Conclude+1","ThirdEye"],"picked":"Adaptation+1","floor":40},{"not_picked":["EmptyFist","Weave+1","CrushJoints+1"],"picked":"SKIP","floor":41},{"not_picked":["BattleHymn+1","SashWhip+1"],"picked":"Pray","floor":42}],"player_experience":2053766,"relics_obtained":[{"floor":6,"key":"Toy Ornithopter"},{"floor":8,"key":"Blood Vial"},{"floor":9,"key":"Darkstone Periapt"},{"floor":21,"key":"Frozen Egg 2"},{"floor":26,"key":"Eternal Feather"},{"floor":40,"key":"PreservedInsect"},{"floor":43,"key":"Pantograph"}],"event_choices":[{"damage_healed":0,"gold_gain":75,"player_choice":"Gather Gold","damage_taken":11,"max_hp_gain":0,"max_hp_loss":0,"event_name":"World of Goop","floor":2,"gold_loss":0},{"damage_healed":0,"gold_gain":0,"player_choice":"Success","damage_taken":3,"relics_obtained":["Gremlin Horn"],"max_hp_gain":0,"max_hp_loss":0,"event_name":"Scrap Ooze","floor":4,"gold_loss":0},{"cards_removed":["ReachHeaven"],"damage_healed":0,"gold_gain":0,"player_choice":"Gave Card","damage_taken":0,"relics_obtained":["Vajra"],"max_hp_gain":0,"max_hp_loss":0,"event_name":"WeMeetAgain","floor":5,"gold_loss":0},{"cards_removed":["WheelKick"],"damage_healed":0,"gold_gain":0,"player_choice":"Offered Uncommon","damage_taken":0,"max_hp_gain":0,"max_hp_loss":0,"event_name":"Bonfire Elementals","floor":19,"gold_loss":0},{"damage_healed":0,"gold_gain":0,"player_choice":"Ignored","damage_taken":0,"max_hp_gain":0,"max_hp_loss":0,"event_name":"Ghosts","floor":24,"gold_loss":0},{"cards_removed":["Strike_P"],"damage_healed":0,"gold_gain":0,"player_choice":"Elegance","damage_taken":0,"max_hp_gain":0,"max_hp_loss":0,"event_name":"Back to Basics","floor":25,"gold_loss":0},{"damage_healed":0,"gold_gain":0,"player_choice":"Paid Fearfully","damage_taken":0,"max_hp_gain":0,"max_hp_loss":0,"event_name":"Masked Bandits","floor":29,"gold_loss":134},{"damage_healed":18,"gold_gain":0,"player_choice":"Writhe","damage_taken":0,"max_hp_gain":0,"max_hp_loss":0,"event_name":"Winding Halls","floor":37,"gold_loss":0,"cards_obtained":["Writhe"]},{"damage_healed":0,"gold_gain":0,"player_choice":"Paid","damage_taken":0,"relics_obtained":["Red Mask"],"max_hp_gain":0,"max_hp_loss":0,"event_name":"Tomb of Lord Red Mask","floor":38,"gold_loss":192}],"is_beta":false,"boss_relics":[{"not_picked":["Astrolabe","Tiny House"],"picked":"SlaversCollar"},{"not_picked":["Black Star","Velvet Choker"],"picked":"Fusion Hammer"}],"items_purged_floors":[20],"is_endless":false,"potions_floor_spawned":[6,11,12,28,30,31,35,41],"killed_by":"Nemesis","ascension_level":0}}