{"host":"h5acbxt0wmjo1kpm","time":1608434990,"event":{"mods":["2.2 Compatiblity","Act Like it!","AlwaysNeverKeys","Aspiration","Bartender","BaseMod","Better Third Choice","Colored Map","Downfall","Elementarium","Gensokyo","GifTheSpireLib","Hallownest","Marisa????????","Minty Spire (QoL Compilation)","Permanent Neow","Potionbrewer","Relic Filter","Replay The Spire","Robot Space Explorer","RumiaBox-????????","Shade Mod","Spicy Shops","StSLib","The Blackbeard","The Dragon Tamer","The Forsaken","The Gatherer","The Problem Sleuth","The Servant 0.9.4","Wandering Minibosses","vexMod"],"gold_per_floor":[99,119,119,138,55,83,136,136,166,166,266,266,266,326,387,492,508,508,508],"floor_reached":18,"playtime":1557,"items_purged":[],"score":198,"play_id":"5bf43d48-f4aa-48f4-9261-e94622919afd","local_time":"20201219192950","is_ascension_mode":true,"campfire_choices":[{"data":"Slimebound:Split","floor":1,"key":"SMITH"},{"data":"Slimebound:Overexert","floor":3,"key":"SMITH"},{"data":"Slimebound:Replication","floor":10,"key":"SMITH"}],"circlet_count":0,"master_deck":["AscendersBane","Slimebound:Strike_Slimebound","Slimebound:Strike_Slimebound","Slimebound:Tackle","Slimebound:Defend_Slimebound","Slimebound:Defend_Slimebound","Slimebound:Defend_Slimebound","Slimebound:Defend_Slimebound","Slimebound:Split+1","Slimebound:CorrosiveSpit","Slimebound:Overexert+1","Slimebound:HungryTackle","Slimebound:Grow","Slimebound:SlimeSpikes","Slimebound:LeechEnergy","Slimebound:SlimeSlap+1","Slimebound:Replication+1","Slimebound:Replication","Slimebound:SlimeSpikes","Slimebound:Recollect"],"relics":["Slimebound:AbsorbEndCombat","potionbrewer:BottledElixir","Orichalcum","Replay:Bottled Snecko","downfall:CloakOfManyFaces","CultistMask","FaceOfCleric","NlothsMask","GremlinMask","SsserpentHead","Tiny Chest"],"acts_visited":["Exordium"],"potions_floor_usage":[6,16,16,16,16,18,18],"damage_taken":[{"damage":14,"enemies":"Cultist","floor":2,"turns":4},{"damage":16,"enemies":"Small Slimes","floor":4,"turns":3},{"damage":23,"enemies":"downfall:FleeingMerchant","floor":5,"turns":4},{"damage":32,"enemies":"3 Sentries","floor":6,"turns":4},{"damage":28,"enemies":"Gremlin Nob","floor":9,"turns":4},{"damage":46,"enemies":"downfall:FaceTrader","floor":11,"turns":8},{"damage":14,"enemies":"2 Louse","floor":14,"turns":2},{"damage":29,"enemies":"Large Slime","floor":15,"turns":7},{"damage":11,"enemies":"Lagavulin Event","floor":16,"turns":5},{"damage":19,"enemies":"3 Louse","floor":17,"turns":5},{"damage":97,"enemies":"downfall:Defect","floor":18,"turns":6}],"seed_played":"-617203638543044088","potions_obtained":[{"floor":4,"key":"Energy Potion"},{"floor":11,"key":"Reflective Coating"},{"floor":15,"key":"potionbrewer:SplittingPotion"},{"floor":16,"key":"PowerPotion"},{"floor":17,"key":"Energy Potion"}],"is_trial":false,"path_per_floor":["R","M","R","M","$","E","T","?","E","R","?","PTL","PTL","M","M","?","M","B"],"character_chosen":"SLIMEBOUND","items_purchased":["Slimebound:SlimeSpikes"],"campfire_rested":0,"item_purchase_floors":[5],"current_hp_per_floor":[54,55,55,59,60,48,48,48,40,40,30,30,30,33,45,55,45,0,0],"gold":508,"neow_bonus":"TRANSFORM_CARD","is_daily":false,"chose_seed":false,"campfire_upgraded":3,"win_rate":0.0,"timestamp":1608434990,"path_taken":["R","M","R","M","$","E","T","?","E","R","?","PTL","PTL","?","M","?","M","BOSS"],"items_purchased_type":["Card"],"build_version":"2020-12-13","purchased_purges":0,"victory":false,"max_hp_per_floor":[60,60,60,60,60,60,60,60,60,60,60,60,60,61,62,63,64,64,64],"card_choices":[{"not_picked":["Slimebound:FinishingTackle","Slimebound:MegaLick"],"picked":"Slimebound:HungryTackle","floor":2},{"not_picked":["Slimebound:FirmFortitude","Slimebound:GoopSpray"],"picked":"Slimebound:Grow","floor":4},{"not_picked":["Slimebound:RejuvenatingLick","Slimebound:GoopSpray"],"picked":"Slimebound:ComboTackle","floor":5},{"not_picked":["Slimebound:ForwardTackle","Slimebound:FlameTackle"],"picked":"Slimebound:LeechEnergy","floor":6},{"not_picked":["Slimebound:HungryTackle","Slimebound:SlimeSpikes"],"picked":"Slimebound:Replication","floor":9},{"not_picked":["Slimebound:LeechingTouch","Slimebound:SlimeBrawl"],"picked":"Slimebound:Replication","floor":11},{"not_picked":["Slimebound:SplitLeeching","Slimebound:Schlurp"],"picked":"Slimebound:SlimeSpikes","floor":14},{"not_picked":["Slimebound:BestDefense","Slimebound:LeechingTouch","Slimebound:SplitLeeching"],"picked":"SKIP","floor":15},{"not_picked":["Slimebound:SlimeSpikes","Slimebound:GoopSpray"],"picked":"Slimebound:Recollect","floor":17}],"player_experience":2281245,"relics_obtained":[{"floor":6,"key":"potionbrewer:BottledElixir"},{"floor":7,"key":"Orichalcum"},{"floor":9,"key":"Replay:Bottled Snecko"},{"floor":11,"key":"downfall:CloakOfManyFaces"}],"event_choices":[],"is_beta":false,"boss_relics":[],"items_purged_floors":[],"is_endless":false,"potions_floor_spawned":[4,11,15,16,17],"killed_by":"downfall:Defect","ascension_level":13}}