{"host":"Aysed","time":1608464335,"event":{"mods":["AchievementEnabler","BaseMod","Colored Powertips","Downfall","Faster Ascension Climbing","Minty Spire (QoL Compilation)","Quick Restart","StSLib","SuperFastMode"],"gold_per_floor":[99,99,99,131,131,81,81,81,81,81,81,81,96,113,130,230,230,230,242,242,242],"floor_reached":20,"playtime":662,"items_purged":[],"score":193,"play_id":"56ddabe0-def1-468c-ba02-93ca74371c0f","local_time":"20201220123855","is_ascension_mode":false,"campfire_choices":[{"floor":1.0,"key":"RECALL"},{"data":"Slimebound:AcidTongue","floor":8,"key":"SMITH"},{"data":"Slimebound:SplitAcid","floor":10,"key":"SMITH"},{"data":"Slimebound:OozeBath","floor":18,"key":"SMITH"}],"circlet_count":0,"master_deck":["Slimebound:Strike_Slimebound","Slimebound:Strike_Slimebound","Slimebound:Strike_Slimebound","Slimebound:Tackle","Slimebound:Defend_Slimebound","Slimebound:Defend_Slimebound","Slimebound:Defend_Slimebound","Slimebound:Defend_Slimebound","Slimebound:Split","Slimebound:CorrosiveSpit","Slimebound:PressTheAttack","Slimebound:GoopSpray","Slimebound:MegaLick","Slimebound:SplitAcid+1","Slimebound:AcidTongue+1","Slimebound:SplitMire","Slimebound:FirmFortitude","Slimebound:SplitBruiser","Slimebound:OozeBath+1"],"relics":["Slimebound:AbsorbEndCombat","downfall:HeartsMalice","Omamori","Orichalcum","Bottled Flame","SlaversCollar"],"acts_visited":["Exordium","TheCity"],"potions_floor_usage":[16],"damage_taken":[{"damage":0.0,"enemies":"Jaw Worm","floor":3.0,"turns":1.0},{"damage":0.0,"enemies":"Lagavulin","floor":4.0,"turns":1.0},{"damage":0.0,"enemies":"2 Louse","floor":5.0,"turns":1.0},{"damage":11.0,"enemies":"downfall:FleeingMerchant","floor":6.0,"turns":4.0},{"damage":0,"enemies":"Cultist","floor":12,"turns":1},{"damage":21,"enemies":"Blue Slaver","floor":13,"turns":3},{"damage":17,"enemies":"Lots of Slimes","floor":14,"turns":3},{"damage":6,"enemies":"2 Fungi Beasts","floor":15,"turns":3},{"damage":42,"enemies":"downfall:Watcher","floor":16,"turns":8},{"damage":51,"enemies":"3 Byrds","floor":19,"turns":5},{"damage":33,"enemies":"Spheric Guardian","floor":20,"turns":4}],"seed_played":"4448042301824976195","potions_obtained":[{"floor":13,"key":"EssenceOfSteel"},{"floor":15,"key":"Guardian:BlockOnCardUsePotion"},{"floor":16,"key":"ColorlessPotion"}],"is_trial":false,"path_per_floor":["R","?","M","E","M","$","T","R","?","R","T","M","M","M","M","B",null,"R","M","M"],"character_chosen":"SLIMEBOUND","items_purchased":["Slimebound:AcidTongue"],"campfire_rested":0,"item_purchase_floors":[6],"current_hp_per_floor":[60,57,57,57,57,56,56,56,56,56,56,56,47,42,48,30,60,60,29,0,0],"gold":242,"neow_bonus":"THREE_ENEMY_KILL","is_daily":false,"chose_seed":false,"campfire_upgraded":3,"win_rate":0.0,"timestamp":1608464335,"path_taken":["R","?","M","E","M","$","T","R","?","R","?","M","M","?","M","BOSS","R","M","M"],"items_purchased_type":["Card"],"build_version":"2020-12-18","purchased_purges":0,"victory":false,"max_hp_per_floor":[60,60,60,60,60,60,60,60,60,60,60,60,60,60,60,60,60,60,60,60,60],"card_choices":[{"not_picked":["Slimebound:ViciousTackle","Slimebound:SlimeSpikes"],"picked":"Slimebound:PressTheAttack","floor":3.0},{"not_picked":["Slimebound:GrowthPunch","Slimebound:LeechEnergy"],"picked":"Slimebound:GoopSpray","floor":4.0},{"not_picked":["Slimebound:LeechingTouch","Slimebound:RollThrough"],"picked":"Slimebound:MegaLick","floor":5.0},{"not_picked":["Slimebound:Grow","Slimebound:RollThrough"],"picked":"Slimebound:SplitAcid","floor":6.0},{"not_picked":["Slimebound:SplitLeeching","Slimebound:ComboTackle"],"picked":"Slimebound:SplitMire","floor":12},{"not_picked":["Slimebound:SplitAcid","Slimebound:LeechEnergy","Slimebound:GoopSpray"],"picked":"SKIP","floor":13},{"not_picked":["Slimebound:GrowthPunch","Slimebound:Schlurp"],"picked":"Slimebound:FirmFortitude","floor":14},{"not_picked":["Slimebound:SplitLeeching","Slimebound:ComboTackle"],"picked":"Slimebound:SplitBruiser","floor":15},{"not_picked":["Slimebound:SelfFormingGoo","Slimebound:WasteNot"],"picked":"Slimebound:OozeBath","floor":16},{"not_picked":["Slimebound:DisruptingSlam+1","Slimebound:SlimeSpikes","Slimebound:ComboTackle"],"picked":"SKIP","floor":19}],"player_experience":37171,"relics_obtained":[{"floor":4.0,"key":"Orichalcum"},{"floor":11,"key":"Bottled Flame"}],"event_choices":[{"damage_healed":0.0,"max_hp_gain":0.0,"max_hp_loss":0.0,"gold_gain":0.0,"event_name":"Scrap Ooze","player_choice":"Success","floor":2.0,"gold_loss":0.0,"damage_taken":3.0,"relics_obtained":["Omamori"]}],"is_beta":true,"boss_relics":[{"not_picked":["Slimebound:TarBlob","Calling Bell"],"picked":"SlaversCollar"}],"items_purged_floors":[],"is_endless":false,"potions_floor_spawned":[13,15,16],"killed_by":"Spheric Guardian","ascension_level":0}}