{"host":"7vidw0fny0glz923","time":1608464488,"event":{"mods":["Act Like it!","BaseMod","Challenge The Spire","Downfall","Friendly Minions","HololiveMod","KinomotoSakuraMod(木之本樱)","Kiyohime（清姬）","KomeijiMod","Lobotomy","Marisa（F雨　魔理沙）","Minty Spire (QoL Compilation)","MostiFishMod","Pale of the Ancients","READ ME - Guardian Mod","Reimu（博丽灵梦）","Remilia（蕾米莉亚）","Replay The Spire","RumiaBox-露米娅的神秘盒子","Shop Mod","StSLib","TestMod","The Cursed","The Jungle","The Poker Player","The Servant 0.9.4","Youmu（魂魄妖梦）","[地精首领爬塔]The Maniac","【东方二次创作】八云紫mod","【遗物卡牌】REMEMod"],"gold_per_floor":[119,21,38,83,23,52,52,72,72,102,102,116,116,116],"floor_reached":13,"playtime":436,"items_purged":[],"score":163,"play_id":"6309e174-c8cd-4091-8e66-892a374e46be","local_time":"20201220114128","is_ascension_mode":true,"campfire_choices":[{"data":"Eruption","floor":7,"key":"SMITH"},{"floor":11,"key":"REST"}],"circlet_count":0,"master_deck":["AscendersBane","Strike_P","Strike_P","Strike_P","Strike_P","Defend_P","Defend_P","Defend_P","Defend_P","Eruption+1","Vigilance","Mayhem","BodiesMountain","CutThroughFate","expansioncontent:StudyTheSpire","testmod-PerfectCombo","Madness","HeroicMonk","Judgement","SnowQueen","Rudolta","Adaptation","GreedKing","DreamingCurrent","Conclude"],"relics":["PureWater","testmod-TestBox","DaveBox","REME_ComplimentaryCards","The Courier","testmod-Maize","CogitoBucket","Question Card","ReplayTheSpireMod:ShopPack","ZombieArmy","PaintedHorse:ReiMu","Ornamental Fan","Golden Egg","TungstenRod","AdjustmentMirror"],"acts_visited":["Exordium"],"potions_floor_usage":[],"damage_taken":[{"damage":16,"enemies":"Cultist","floor":1,"turns":4},{"damage":7,"enemies":"Jaw Worm","floor":3,"turns":2},{"damage":17,"enemies":"Replay:BlueRogue","floor":6,"turns":3},{"damage":0,"enemies":"Small Slimes","floor":8,"turns":1},{"damage":27,"enemies":"3 Sentries","floor":10,"turns":4},{"damage":19,"enemies":"Exordium Thugs","floor":12,"turns":3},{"damage":14,"enemies":"Lagavulin","floor":13,"turns":1}],"seed_played":"7652838058968928213","potions_obtained":[{"floor":3,"key":"Weak Potion"},{"floor":10,"key":"champ:CounterPotion"}],"is_trial":false,"path_per_floor":["M","$","M","T","?","E","R","M","T","E","R","M","E"],"character_chosen":"WATCHER","items_purchased":["ReplayTheSpireMod:ShopPack"],"campfire_rested":1,"item_purchase_floors":[2],"current_hp_per_floor":[45,45,39,39,39,26,26,26,26,3,23,8,0,0],"gold":116,"neow_bonus":"","is_daily":false,"chose_seed":false,"campfire_upgraded":1,"win_rate":0.0,"timestamp":1608464488,"path_taken":["M","$","M","?","?","E","R","M","T","E","R","?","E"],"items_purchased_type":["Relic"],"build_version":"2020-12-13","purchased_purges":0,"victory":false,"max_hp_per_floor":[68,68,68,68,68,68,68,68,68,68,68,68,68,68],"card_choices":[{"not_picked":["PunishingBird","Murderer","Variant"],"picked":"Singing Bowl","floor":1},{"not_picked":["OldLady","SpiderBud"],"picked":"BodiesMountain","floor":1},{"not_picked":["Worship","Collect"],"picked":"CutThroughFate","floor":1},{"not_picked":["testmod-Reproduce","Metamorphosis","testmod-TreasureHunter"],"picked":"expansioncontent:StudyTheSpire","floor":2},{"not_picked":["REME_MagicPocketWatch","REME_BuildACard","Flash of Steel"],"picked":"testmod-PerfectCombo","floor":2},{"not_picked":["expansioncontent:PrepareCrush","REME_TheoryOfElimination","Panacea"],"picked":"Madness","floor":2},{"not_picked":["BigBadWolf","LittlePrince","OldLady"],"picked":"Singing Bowl","floor":3},{"not_picked":["Yin","CherryBlossoms"],"picked":"HeroicMonk","floor":3},{"not_picked":["Replay:Battleflow","ThirdEye","CrushJoints"],"picked":"Judgement","floor":3},{"not_picked":["CherryBlossoms","FairyFestival"],"picked":"SnowQueen","floor":6},{"not_picked":["Replay:ManipulateFuture","ThirdEye","Replay:Vibes","Crescendo"],"picked":"SKIP","floor":6},{"not_picked":["ShyLook","UniverseFragment","Rudolta"],"picked":"Singing Bowl","floor":8},{"not_picked":["FairyFestival","OldLady"],"picked":"Rudolta","floor":8},{"not_picked":["WreathOfFlame","FearNoEvil","EmptyBody"],"picked":"Adaptation","floor":8},{"not_picked":["CherryBlossoms","Bloodbath","OSAHOGD"],"picked":"Singing Bowl","floor":10},{"not_picked":["PlagueDoctor","BigBadWolf"],"picked":"GreedKing","floor":10},{"not_picked":["Crescendo","Alpha","EmptyMind","SashWhip"],"picked":"SKIP","floor":10},{"not_picked":["OSAHOGD","SingingMachine"],"picked":"DreamingCurrent","floor":12},{"not_picked":["Perseverance","ForeignInfluence","Swivel"],"picked":"Conclude","floor":12}],"player_experience":869270,"relics_obtained":[{"floor":1,"key":"Question Card"},{"floor":4,"key":"ZombieArmy"},{"floor":6,"key":"Ornamental Fan"},{"floor":9,"key":"Golden Egg"},{"floor":10,"key":"TungstenRod"}],"event_choices":[{"damage_healed":0,"gold_gain":0,"player_choice":"塞钱","damage_taken":0,"relics_obtained":["PaintedHorse:ReiMu"],"max_hp_gain":0,"max_hp_loss":0,"event_name":"yidonshenshe","floor":5,"gold_loss":60}],"is_beta":false,"boss_relics":[],"items_purged_floors":[],"is_endless":false,"potions_floor_spawned":[3,10,12],"killed_by":"Lagavulin","ascension_level":15}}