{"host":"2lo6hma6kymb0g9i","time":1608448914,"event":{"mods":["BaseMod","Colored Map","DeckTracker","Minty Spire (QoL Compilation)"],"gold_per_floor":[117,137,62,62,62,87,87,113,136,136,149,161,180,196,196,268,268,284,300,300,300,53,82,82,100,153,253,306,306,330,349,349,422,485,499,522,522,522,540,540,325,61,107,107,134,9,24,34,34,34],"floor_reached":51,"playtime":3716,"items_purged":["Strike_G","Setup","Dagger Throw"],"score":1202,"play_id":"d5df5905-0e70-4bd2-92a4-313b8f11cc3a","local_time":"20201220162154","is_ascension_mode":true,"campfire_choices":[{"data":"A Thousand Cuts","floor":7.0,"key":"SMITH"},{"data":"Neutralize","floor":10.0,"key":"SMITH"},{"data":"Dagger Throw","floor":15.0,"key":"SMITH"},{"data":"Underhanded Strike","floor":24,"key":"SMITH"},{"data":"Backstab","floor":29,"key":"SMITH"},{"data":"Eviscerate","floor":32,"key":"SMITH"},{"data":"Quick Slash","floor":40,"key":"SMITH"},{"data":"Footwork","floor":49,"key":"SMITH"}],"circlet_count":0,"master_deck":["AscendersBane","Survivor","Neutralize+1","Underhanded Strike+1","A Thousand Cuts+1","Backflip","Escape Plan","Dagger Throw+1","Bullet Time+1","Dagger Throw+1","Deflect","Eviscerate+1","Backstab+1","Calculated Gamble","Backflip","Tools of the Trade","Dash","Concentrate","Predator","After Image","Quick Slash+1","Footwork+1","Tactician","Acrobatics"],"relics":["Ring of the Snake","NeowsBlessing","Bag of Preparation","War Paint","Potion Belt","Busted Crown","ClockworkSouvenir","Shuriken","Art of War","WingedGreaves","White Beast Statue","CeramicFish","Pandora\u0027s Box","Bottled Lightning","Akabeko"],"acts_visited":["Exordium","TheCity","TheBeyond"],"potions_floor_usage":[19,23,33,33,33,50,50,50],"damage_taken":[{"damage":0.0,"enemies":"Cultist","floor":1.0,"turns":1.0},{"damage":0.0,"enemies":"2 Louse","floor":2.0,"turns":1.0},{"damage":0.0,"enemies":"3 Sentries","floor":6.0,"turns":1.0},{"damage":33.0,"enemies":"Lagavulin","floor":8.0,"turns":8.0},{"damage":1.0,"enemies":"Jaw Worm","floor":11.0,"turns":3.0},{"damage":0.0,"enemies":"Large Slime","floor":12.0,"turns":6.0},{"damage":4.0,"enemies":"Exordium Wildlife","floor":13.0,"turns":4.0},{"damage":2.0,"enemies":"Gremlin Gang","floor":14.0,"turns":5.0},{"damage":20.0,"enemies":"The Guardian","floor":16.0,"turns":11.0},{"damage":0,"enemies":"Spheric Guardian","floor":18,"turns":3},{"damage":0,"enemies":"3 Byrds","floor":19,"turns":3},{"damage":10,"enemies":"Slavers","floor":23,"turns":7},{"damage":0,"enemies":"3 Cultists","floor":25,"turns":4},{"damage":12,"enemies":"Colosseum Slavers","floor":27,"turns":3},{"damage":0,"enemies":"Colosseum Nobs","floor":27,"turns":3},{"damage":0,"enemies":"Centurion and Healer","floor":30,"turns":4},{"damage":0,"enemies":"Snecko","floor":31,"turns":2},{"damage":35,"enemies":"Automaton","floor":33,"turns":9},{"damage":1,"enemies":"3 Shapes","floor":35,"turns":4},{"damage":0,"enemies":"Orb Walker","floor":36,"turns":3},{"damage":7,"enemies":"Jaw Worm Horde","floor":39,"turns":2},{"damage":0,"enemies":"Spire Growth","floor":45,"turns":3},{"damage":0,"enemies":"Writhing Mass","floor":47,"turns":3},{"damage":0,"enemies":"4 Shapes","floor":48,"turns":2},{"damage":6,"enemies":"Donu and Deca","floor":50,"turns":6}],"seed_played":"4518857284026781259","potions_obtained":[{"floor":2.0,"key":"Explosive Potion"},{"floor":6.0,"key":"DuplicationPotion"},{"floor":8.0,"key":"Fruit Juice"},{"floor":13.0,"key":"EssenceOfSteel"},{"floor":14.0,"key":"Energy Potion"},{"floor":16,"key":"Swift Potion"},{"floor":19,"key":"GamblersBrew"},{"floor":30,"key":"EssenceOfSteel"},{"floor":31,"key":"Block Potion"},{"floor":33,"key":"Energy Potion"},{"floor":35,"key":"Energy Potion"},{"floor":36,"key":"AttackPotion"},{"floor":45,"key":"PowerPotion"},{"floor":47,"key":"PowerPotion"}],"is_trial":false,"path_per_floor":["M","M","?","?","?","E","R","E","T","R","M","M","M","M","R","B",null,"M","M","?","?","$","E","R","M","T","?","T","R","M","M","R","B",null,"M","M","?","?","M","R","$","$","T","?","M","$","M","M","R","B",null],"character_chosen":"THE_SILENT","items_purchased":["ClockworkSouvenir","Footwork","Tactician","Bottled Lightning"],"campfire_rested":0,"item_purchase_floors":[22,41,41,42],"current_hp_per_floor":[59,59,59,59,64,64,64,36,36,36,35,35,31,29,29,9,59,59,59,59,59,59,49,49,49,49,37,37,37,37,37,37,2,58,57,57,57,57,50,50,50,50,50,72,72,72,72,72,72,66],"gold":34,"neow_bonus":"THREE_ENEMY_KILL","is_daily":false,"chose_seed":false,"campfire_upgraded":8,"win_rate":0.0,"timestamp":1608448914,"path_taken":["M","?","?","?","?","E","R","E","T","R","M","M","M","M","R","BOSS","BOSS","M","M","?","?","$","E","R","?","T","?","?","R","M","M","R","BOSS","M","?","?","?","M","R","$","$","T","?","?","?","?","M","R","BOSS"],"items_purchased_type":["Relic","Card","Card","Relic"],"build_version":"2020-12-13","purchased_purges":3,"victory":true,"max_hp_per_floor":[66,66,66,66,71,71,71,76,76,76,76,76,76,76,76,76,76,76,76,76,76,76,76,76,76,76,76,76,76,76,76,76,76,76,76,76,76,72,72,72,72,72,72,72,72,72,72,72,72,72],"card_choices":[{"not_picked":["Leg Sweep","Caltrops"],"picked":"Underhanded Strike","floor":1.0},{"not_picked":["Caltrops","Deadly Poison"],"picked":"Dagger Throw","floor":2.0},{"not_picked":["Cloak And Dagger","Well Laid Plans"],"picked":"A Thousand Cuts","floor":6.0},{"not_picked":["Dodge and Roll","Infinite Blades","Underhanded Strike"],"picked":"SKIP","floor":8.0},{"not_picked":["Bane","Poisoned Stab"],"picked":"Backflip","floor":11.0},{"not_picked":["Bane","Blade Dance"],"picked":"Escape Plan","floor":12.0},{"not_picked":["Quick Slash","Bouncing Flask"],"picked":"Dagger Throw","floor":13.0},{"not_picked":["Endless Agony","Malaise","Dagger Throw"],"picked":"SKIP","floor":14.0},{"not_picked":["Storm of Steel","Phantasmal Killer"],"picked":"Bullet Time","floor":16},{"not_picked":[],"picked":"Dagger Throw+1","floor":18},{"not_picked":["Slice"],"picked":"SKIP","floor":19},{"not_picked":[],"picked":"Deflect","floor":23},{"not_picked":[],"picked":"Eviscerate","floor":25},{"not_picked":[],"picked":"Backstab","floor":27},{"not_picked":[],"picked":"Calculated Gamble","floor":30},{"not_picked":["Concentrate"],"picked":"SKIP","floor":31},{"not_picked":["Masterful Stab+1"],"picked":"SKIP","floor":35},{"not_picked":[],"picked":"Quick Slash","floor":36},{"not_picked":["Setup"],"picked":"SKIP","floor":39},{"not_picked":[],"picked":"Acrobatics","floor":45},{"not_picked":["Sucker Punch"],"picked":"SKIP","floor":47},{"not_picked":["All Out Attack"],"picked":"SKIP","floor":48}],"player_experience":840375,"relics_obtained":[{"floor":6.0,"key":"Bag of Preparation"},{"floor":8.0,"key":"War Paint"},{"floor":9.0,"key":"Potion Belt"},{"floor":23,"key":"Shuriken"},{"floor":26,"key":"Art of War"},{"floor":27,"key":"WingedGreaves"},{"floor":27,"key":"White Beast Statue"},{"floor":28,"key":"CeramicFish"},{"floor":43,"key":"Akabeko"}],"event_choices":[{"cards_removed":["Strike_G"],"damage_healed":0.0,"max_hp_gain":0.0,"max_hp_loss":0.0,"gold_gain":0.0,"event_name":"The Cleric","player_choice":"Card Removal","floor":3.0,"gold_loss":75.0,"damage_taken":0.0},{"cards_removed":["Strike_G"],"damage_healed":0.0,"max_hp_gain":0.0,"max_hp_loss":0.0,"gold_gain":0.0,"event_name":"Living Wall","player_choice":"Forget","floor":4.0,"gold_loss":0.0,"damage_taken":0.0},{"damage_healed":0.0,"max_hp_gain":5.0,"max_hp_loss":0.0,"gold_gain":0.0,"event_name":"Big Fish","player_choice":"Donut","floor":5.0,"gold_loss":0.0,"damage_taken":0.0},{"damage_healed":0,"gold_gain":0,"player_choice":"Ignored","damage_taken":0,"max_hp_gain":0,"max_hp_loss":0,"event_name":"Vampires","floor":20,"gold_loss":0},{"damage_healed":0,"gold_gain":0,"player_choice":"Upgraded","damage_taken":0,"max_hp_gain":0,"max_hp_loss":0,"event_name":"Upgrade Shrine","floor":21,"gold_loss":0,"cards_upgraded":["Bullet Time"]},{"damage_healed":0,"gold_gain":0,"player_choice":"Fight","damage_taken":0,"max_hp_gain":0,"max_hp_loss":0,"event_name":"Colosseum","floor":27,"gold_loss":0},{"damage_healed":0,"gold_gain":0,"player_choice":"Fought Nobs","damage_taken":0,"max_hp_gain":0,"max_hp_loss":0,"event_name":"Colosseum","floor":27,"gold_loss":0},{"damage_healed":0,"gold_gain":0,"player_choice":"Ignored","damage_taken":0,"max_hp_gain":0,"max_hp_loss":0,"event_name":"Tomb of Lord Red Mask","floor":37,"gold_loss":0},{"damage_healed":0,"gold_gain":0,"player_choice":"Max HP","damage_taken":0,"max_hp_gain":0,"max_hp_loss":4,"event_name":"Winding Halls","floor":38,"gold_loss":0},{"damage_healed":22,"gold_gain":0,"player_choice":"Full Heal","damage_taken":0,"max_hp_gain":0,"max_hp_loss":0,"event_name":"Wheel of Change","floor":44,"gold_loss":0}],"is_beta":false,"boss_relics":[{"not_picked":["Ectoplasm","Tiny House"],"picked":"Busted Crown"},{"not_picked":["Philosopher\u0027s Stone","SlaversCollar"],"picked":"Pandora\u0027s Box"}],"items_purged_floors":[22,41,46],"is_endless":false,"potions_floor_spawned":[2,6,8,13,14,16,19,27,30,31,33,35,36,39,45,47,48],"ascension_level":16}}