{"host":"0","time":1608471052,"event":{"mods":["ATMod(°¢èªMod)","BaseMod","Minty Spire (QoL Compilation)","Replay The Spire","StSLib","SuperFastMode","The Runesmith","¡¾¹¦ÄÜMod¡¿»ìãçÖ®»·ÐÞ¸´²¹¶¡"],"gold_per_floor":[114,129,129,145,43,43,71,81,106,126,126,142,142,154,154,252,252,271,304,270,270,75,75,92,102,102,27,27,27,55,55,55,159,159,180,180,192,207,170,170,170],"floor_reached":40,"playtime":2254,"items_purged":["Strike_B+1"],"score":433,"play_id":"f34d971c-9e29-4189-a571-f83b8c1e47d7","local_time":"20201220213052","is_ascension_mode":false,"campfire_choices":[{"data":"Storm","floor":6.0,"key":"SMITH"},{"data":"FIFO Queue","floor":11.0,"key":"SMITH"},{"data":"Redo","floor":13.0,"key":"SMITH"},{"floor":15.0,"key":"REST"},{"floor":23.0,"key":"REST"},{"data":"Redo","floor":28.0,"key":"SMITH"},{"floor":32.0,"key":"REST"}],"circlet_count":0,"master_deck":["Defend_B+1","Defend_B","Defend_B","Zap","Dualcast","AT_DarkMatter","Turbo+1","Panic Button","Conserve Battery","Storm+1","Rebound+1","Redo+1","BasicCrystalCard","FIFO Queue+1","Coolheaded","AT_WaterDrop","Cold Snap+1","AT_RightCognition+1","Gash+1","Self Repair","FIFO Queue+1","Ball Lightning","Chaos","Crystallizer","Crystallizer","Turbo","Redo+1","Blizzard+1","Shame","Coolheaded+1","Loop","Amplify","Fusion+1","AT_HeatAcrobatics+1","Chill+1","Loop"],"relics":["Cracked Core","AT_ATBox","NeowsBlessing","Simple Rune","ReplayFunnel","Astrolabe","Red Mask","Cables","Replay:Bandana","Replay:Rubber Ducky","Black Star"],"acts_visited":["Exordium","TheCity","TheBeyond"],"potions_floor_usage":[],"damage_taken":[{"damage":0.0,"enemies":"Cultist","floor":1.0,"turns":1.0},{"damage":0.0,"enemies":"Small Slimes","floor":2.0,"turns":1.0},{"damage":0.0,"enemies":"2 Louse","floor":4.0,"turns":1.0},{"damage":21.0,"enemies":"Replay:BlueRogue","floor":7.0,"turns":6.0},{"damage":10.0,"enemies":"Lots of Slimes","floor":8.0,"turns":4.0},{"damage":0.0,"enemies":"Blue Slaver","floor":10.0,"turns":3.0},{"damage":5.0,"enemies":"Looter","floor":12.0,"turns":2.0},{"damage":4.0,"enemies":"Red Slaver","floor":14.0,"turns":4.0},{"damage":36.0,"enemies":"Slime Boss","floor":16.0,"turns":9.0},{"damage":5.0,"enemies":"Chosen","floor":18.0,"turns":6.0},{"damage":46.0,"enemies":"Masked Bandits","floor":19.0,"turns":5.0},{"damage":12.0,"enemies":"2 Thieves","floor":20.0,"turns":5.0},{"damage":19.0,"enemies":"Snecko","floor":24.0,"turns":7.0},{"damage":8.0,"enemies":"Snake Plant","floor":25.0,"turns":4.0},{"damage":6.0,"enemies":"Replay:Snechameleon","floor":30.0,"turns":7.0},{"damage":20.0,"enemies":"Collector","floor":33.0,"turns":7.0},{"damage":26.0,"enemies":"3 Shapes","floor":35.0,"turns":5.0},{"damage":22.0,"enemies":"3 Darklings","floor":37.0,"turns":8.0},{"damage":58,"enemies":"4 Shapes","floor":38,"turns":5},{"damage":39,"enemies":"Reptomancer","floor":40,"turns":2}],"seed_played":"3609110951629078855","potions_obtained":[{"floor":1.0,"key":"Fire Potion"},{"floor":10.0,"key":"FocusPotion"},{"floor":12.0,"key":"Explosive Potion"},{"floor":16.0,"key":"Fire Potion"},{"floor":20.0,"key":"FairyPotion"},{"floor":25.0,"key":"PowerPotion"},{"floor":35.0,"key":"Explosive Potion"}],"is_trial":false,"path_per_floor":["M","M","?","M","$","R","E","M","T","M","R","M","R","M","R","B",null,"M","?","M","?","$","R","M","M","T","$","R","?","E","?","R","B",null,"M","?","M","M","$","E"],"character_chosen":"DEFECT","items_purchased":["Storm","Rebound+1","Crystallizer","Turbo","Redo","PowerPotion","Loop"],"campfire_rested":3,"item_purchase_floors":[5,5,22,22,22,22,39],"current_hp_per_floor":[75,75,75,75,75,75,54,44,44,44,44,39,39,35,57,21,75,70,31,26,26,26,48,36,28,28,28,28,28,29,29,51,38,75,56,56,48,29,29,0,0],"gold":170,"neow_bonus":"THREE_ENEMY_KILL","is_daily":false,"chose_seed":false,"campfire_upgraded":4,"win_rate":0.0,"timestamp":1608471052,"path_taken":["M","M","?","M","?","R","E","M","T","M","R","M","R","M","R","BOSS","M","?","M","?","$","R","?","M","T","$","R","?","E","?","R","BOSS","M","?","?","M","?","E"],"items_purchased_type":["Card","Card","Card","Card","Card","Potion","Card"],"build_version":"2020-12-18","purchased_purges":1,"victory":false,"max_hp_per_floor":[75,75,75,75,75,75,75,75,75,75,75,75,75,75,75,75,75,75,75,75,75,75,75,75,75,75,75,75,75,75,75,75,75,75,75,75,75,75,75,75,75],"card_choices":[{"not_picked":["Lockon","Leap"],"picked":"Turbo","floor":1.0},{"not_picked":["AT_HeatAcrobatics","Compile Driver"],"picked":"Panic Button","floor":2.0},{"not_picked":["Go for the Eyes","Compile Driver"],"picked":"Conserve Battery","floor":4.0},{"not_picked":["ReplayTheSpireMod:Reroute Power","Gash"],"picked":"Redo","floor":7.0},{"not_picked":["Reinforced Body","Steam Power"],"picked":"BasicCrystalCard","floor":8.0},{"not_picked":["Sweeping Beam","Compile Driver"],"picked":"FIFO Queue","floor":10.0},{"not_picked":["Hyperbeam","ReplayGash"],"picked":"Coolheaded","floor":12.0},{"not_picked":["ReplayTheSpireMod:System Scan","Go for the Eyes","Gash"],"picked":"SKIP","floor":14.0},{"not_picked":["Machine Learning","Reboot"],"picked":"AT_WaterDrop","floor":16.0},{"not_picked":["Glacier","Conserve Battery"],"picked":"Self Repair","floor":18.0},{"not_picked":["Hologram","Coolheaded"],"picked":"FIFO Queue+1","floor":19.0},{"not_picked":["AT_HeatAcrobatics","Skim+1"],"picked":"Ball Lightning","floor":20.0},{"not_picked":["AT_HeatAcrobatics+1","Panic Button","BasicCrystalCard+1"],"picked":"SKIP","floor":24.0},{"not_picked":["Panic Button","Amplify"],"picked":"Blizzard+1","floor":25.0},{"not_picked":["Barrage","ReplaySolidLightProjector"],"picked":"Coolheaded+1","floor":30.0},{"not_picked":["Mirror Shield","ReplayRNGCard"],"picked":"Amplify","floor":33.0},{"not_picked":["Compile Driver+1","Conserve Battery"],"picked":"Fusion+1","floor":35.0},{"not_picked":["Beam Cell+1","Conserve Battery"],"picked":"AT_HeatAcrobatics+1","floor":37.0},{"not_picked":["Tempest+1","Barrage"],"picked":"Chill+1","floor":38}],"player_experience":102210,"relics_obtained":[{"floor":7.0,"key":"Simple Rune"},{"floor":9.0,"key":"ReplayFunnel"},{"floor":19.0,"key":"Red Mask"},{"floor":26.0,"key":"Cables"},{"floor":30.0,"key":"Replay:Rubber Ducky"}],"event_choices":[{"damage_healed":0.0,"max_hp_gain":0.0,"max_hp_loss":0.0,"gold_gain":0.0,"event_name":"Upgrade Shrine","player_choice":"Upgraded","floor":3.0,"gold_loss":0.0,"damage_taken":0.0,"cards_upgraded":["Turbo"]},{"damage_healed":0.0,"max_hp_gain":0.0,"max_hp_loss":0.0,"gold_gain":0.0,"event_name":"Masked Bandits","player_choice":"Fought Bandits","floor":19.0,"gold_loss":0.0,"damage_taken":0.0},{"damage_healed":0.0,"max_hp_gain":0.0,"max_hp_loss":0.0,"gold_gain":0.0,"cards_transformed":["Defend_B"],"event_name":"Transmorgrifier","player_choice":"Transformed","floor":21.0,"gold_loss":0.0,"damage_taken":0.0,"cards_obtained":["Chaos"]},{"damage_healed":0.0,"max_hp_gain":0.0,"max_hp_loss":0.0,"gold_gain":0.0,"event_name":"Addict","player_choice":"Stole Relic","floor":29.0,"gold_loss":0.0,"damage_taken":0.0,"relics_obtained":["Replay:Bandana"],"cards_obtained":["Shame"]},{"damage_healed":0.0,"max_hp_gain":0.0,"max_hp_loss":0.0,"gold_gain":0.0,"event_name":"The Library","player_choice":"Read","floor":31.0,"gold_loss":0.0,"damage_taken":0.0,"cards_obtained":["Loop"]},{"damage_healed":0.0,"max_hp_gain":0.0,"max_hp_loss":0.0,"gold_gain":0.0,"event_name":"NoteForYourself","player_choice":"Ignored","floor":36.0,"gold_loss":0.0,"damage_taken":0.0}],"is_beta":true,"boss_relics":[{"not_picked":["Abe\u0027s Treasure","Runic Pyramid"],"picked":"Astrolabe"},{"not_picked":["Painkiller Herb","Empty Cage"],"picked":"Black Star"}],"items_purged_floors":[27],"is_endless":false,"potions_floor_spawned":[1,10,12,16,20,25,35],"killed_by":"Reptomancer","ascension_level":0}}