{"host":"126yiuos2nq86se7","time":1608507200,"event":{"mods":["AchievementEnabler","Act Like it!","BaseMod","Colored Map","Colored Powertips","Friendly Minions","Highlight Path","Minty Spire (QoL Compilation)","StSLib","SuperFastMode","The Animator"],"gold_per_floor":[218,233,233,245,265,265,290,303,303,46,46,46,46,46,46,149,149,160,176,76,76,76],"floor_reached":21,"playtime":951,"items_purged":["Brutality","Strike_R"],"score":179,"play_id":"3808d7b7-e80f-442a-b428-5ab6055943d9","local_time":"20201221103320","is_ascension_mode":false,"campfire_choices":[{"data":"Bash","floor":6,"key":"SMITH"},{"data":"Inflame","floor":11,"key":"SMITH"},{"data":"Evolve","floor":13,"key":"SMITH"},{"data":"Feel No Pain","floor":15,"key":"SMITH"}],"circlet_count":0,"master_deck":["Strike_R","Strike_R","Strike_R","Strike_R","Defend_R","Defend_R","Defend_R","Defend_R","Bash+1","Wild Strike","Power Through","Bandage Up","Inflame+1","Evolve+1","Feel No Pain+1","Double Tap","Shrug It Off"],"relics":["Burning Blood","WingedGreaves","Molten Egg 2","Omamori","Busted Crown"],"acts_visited":["Exordium","TheCity"],"potions_floor_usage":[7,7,16],"damage_taken":[{"damage":0,"enemies":"Small Slimes","floor":1,"turns":3},{"damage":6,"enemies":"Cultist","floor":2,"turns":3},{"damage":6,"enemies":"Jaw Worm","floor":4,"turns":5},{"damage":10,"enemies":"Looter","floor":5,"turns":3},{"damage":10,"enemies":"3 Sentries","floor":7,"turns":9},{"damage":7,"enemies":"Blue Slaver","floor":8,"turns":3},{"damage":64,"enemies":"Slime Boss","floor":16,"turns":15},{"damage":24,"enemies":"Spheric Guardian","floor":18,"turns":6},{"damage":23,"enemies":"3 Byrds","floor":19,"turns":7},{"damage":64,"enemies":"3 Cultists","floor":21,"turns":5}],"seed_played":"936847878256744738","potions_obtained":[{"floor":4,"key":"AttackPotion"},{"floor":5,"key":"HeartOfIron"},{"floor":7,"key":"GamblersBrew"},{"floor":19,"key":"CultistPotion"}],"is_trial":false,"path_per_floor":["M","M","?","M","M","R","E","M","T","$","R","$","R","?","R","B",null,"M","M","$","M"],"character_chosen":"IRONCLAD","items_purchased":["Feel No Pain","Omamori"],"campfire_rested":0,"item_purchase_floors":[10,10],"current_hp_per_floor":[80,80,80,80,76,76,76,75,75,75,75,75,75,80,80,26,85,71,58,58,0,0],"gold":76,"neow_bonus":"HUNDRED_GOLD","is_daily":false,"chose_seed":false,"campfire_upgraded":4,"win_rate":0.0,"timestamp":1608507200,"path_taken":["M","M","?","M","M","R","E","M","T","$","R","?","R","?","R","BOSS","M","M","$","M"],"items_purchased_type":["Card","Relic"],"build_version":"2020-12-13","purchased_purges":2,"victory":false,"max_hp_per_floor":[80,80,80,80,80,80,80,80,80,80,80,80,80,85,85,85,85,85,85,85,85,85],"card_choices":[{"not_picked":["Second Wind","Havoc"],"picked":"Wild Strike","floor":1},{"not_picked":["Dropkick","Twin Strike"],"picked":"Power Through","floor":2},{"not_picked":["Cleave","Heavy Blade","Headbutt"],"picked":"SKIP","floor":4},{"not_picked":["Rage","Flex","Rampage"],"picked":"SKIP","floor":5},{"not_picked":["Ghostly Armor","Sword Boomerang"],"picked":"Inflame","floor":7},{"not_picked":["Body Slam","Combust"],"picked":"Evolve","floor":8},{"not_picked":["Corruption","Exhume"],"picked":"Double Tap","floor":16},{"not_picked":["Iron Wave+1"],"picked":"SKIP","floor":18},{"not_picked":[],"picked":"Shrug It Off","floor":19}],"player_experience":1522569,"relics_obtained":[{"floor":7,"key":"WingedGreaves"},{"floor":9,"key":"Molten Egg 2"}],"event_choices":[{"damage_healed":0,"gold_gain":0,"player_choice":"2 cards matched","damage_taken":0,"max_hp_gain":0,"max_hp_loss":0,"event_name":"Match and Keep!","floor":3,"gold_loss":0,"cards_obtained":["Bandage Up","Brutality"]},{"damage_healed":0,"gold_gain":0,"player_choice":"Donut","damage_taken":0,"max_hp_gain":5,"max_hp_loss":0,"event_name":"Big Fish","floor":14,"gold_loss":0}],"is_beta":false,"boss_relics":[{"not_picked":["Empty Cage","Velvet Choker"],"picked":"Busted Crown"}],"items_purged_floors":[10,20],"is_endless":false,"potions_floor_spawned":[4,5,7,19],"killed_by":"3 Cultists","ascension_level":0}}