{"host":"y3iy5gb13b300rns","time":1608429432,"event":{"mods":["BaseMod","Bestiary","Curses Come First","Minty Spire (QoL Compilation)","Replay The Spire","StSLib","The Runesmith"],"gold_per_floor":[112,129,129,192,367,401,401,419,419,419,430,445,455,512,512,615,615,632,645,502,502,518,518,518,535,562,562,580,499,499,10,10,10,10],"floor_reached":33,"playtime":5845,"items_purged":[],"score":249,"play_id":"c3a45c36-d261-4aea-8df7-bef1e09ab39f","local_time":"20201219195712","is_ascension_mode":false,"campfire_choices":[{"floor":7,"key":"REST"},{"floor":10,"key":"REST"},{"floor":15,"key":"REST"},{"floor":24,"key":"REST"},{"floor":27,"key":"REST"},{"floor":30,"key":"REST"},{"floor":32,"key":"REST"}],"circlet_count":0,"master_deck":["Runesmith:Strike_RS","Runesmith:Strike_RS","Runesmith:Strike_RS","Runesmith:Strike_RS","Runesmith:Defend_RS","Runesmith:Defend_RS","Runesmith:Defend_RS","Runesmith:Defend_RS","Runesmith:CraftFirestone","Runesmith:Fortify","Runesmith:ChargedHammer+1","Runesmith:HeatedChisel","Doubt","Runesmith:EarthShield","Runesmith:EnergizedChisel","Runesmith:PoweredAnvil","Runesmith:CraftProtectio","Runesmith:EnergizedChisel","Runesmith:CraftProtectio","Runesmith:ReplicatingBarrier+1","CommonCold","Runesmith:BackupBattery+1","Runesmith:CraftMagma+1","Runesmith:HammerThrow+1","Runesmith:Permafrost","Runesmith:CraftIncendium","Runesmith:ShiftingStrike","Runesmith:UnstableHammer","Runesmith:FieryHammer","Runesmith:CraftObretio","Runesmith:Discharge","Runesmith:StaticCage","Runesmith:MakeshiftArmor"],"relics":["Runesmith:BrokenRuby","Replay:Bottled Steam","Onion Ring","Simple Rune","Replay:Ancient Bell","Orichalcum","Mercury Hourglass","Replay:Multitool","Orrery","Nilry\u0027s Codex","Runesmith:EmergencyProvisions","Lantern","Guide Book","Happy Flower"],"acts_visited":["Exordium","TheCity"],"potions_floor_usage":[6,12,16,18,19,22,22,33,33],"damage_taken":[{"damage":9,"enemies":"Jaw Worm","floor":1,"turns":4},{"damage":13,"enemies":"2 Louse","floor":2,"turns":2},{"damage":13,"enemies":"3 Sentries","floor":6,"turns":7},{"damage":0,"enemies":"Small Slimes","floor":8,"turns":3},{"damage":0,"enemies":"3 Louse","floor":11,"turns":2},{"damage":12,"enemies":"Large Slime","floor":12,"turns":2},{"damage":0,"enemies":"Red Slaver","floor":13,"turns":3},{"damage":10,"enemies":"Hexaghost","floor":16,"turns":11},{"damage":4,"enemies":"2 Thieves","floor":18,"turns":4},{"damage":17,"enemies":"Shell Parasite","floor":19,"turns":7},{"damage":9,"enemies":"Cultist and Chosen","floor":22,"turns":6},{"damage":28,"enemies":"Snake Plant","floor":25,"turns":5},{"damage":13,"enemies":"Snecko","floor":28,"turns":5},{"damage":17,"enemies":"3 Cultists","floor":29,"turns":5},{"damage":55,"enemies":"Automaton","floor":33,"turns":6}],"seed_played":"7377827056569203150","potions_obtained":[{"floor":0,"key":"Languid Potion"},{"floor":0,"key":"LiquidBronze"},{"floor":0,"key":"GamblersBrew"},{"floor":6,"key":"Death Potion"},{"floor":12,"key":"Fire Potion"},{"floor":14,"key":"Explosive Potion"},{"floor":16,"key":"LiquidBronze"},{"floor":19,"key":"Explosive Potion"},{"floor":28,"key":"Venom Potion"},{"floor":29,"key":"Explosive Potion"}],"is_trial":false,"path_per_floor":["M","M","?","?","?","E","R","M","T","R","M","M","M","?","R","B",null,"M","M","$","?","M","?","R","M","T","R","M","M","R","$","R","B"],"character_chosen":"RUNESMITH_CLASS","items_purchased":["Orrery","Lantern","Guide Book","Happy Flower","Runesmith:MakeshiftArmor"],"campfire_rested":7,"item_purchase_floors":[20,31,31,31,31],"current_hp_per_floor":[61,48,34,34,34,21,42,42,42,63,63,51,51,51,70,60,70,66,49,49,33,24,24,45,17,17,38,25,8,29,29,50,0,0],"gold":10,"neow_bonus":"THREE_SMALL_POTIONS","is_daily":false,"chose_seed":false,"campfire_upgraded":0,"win_rate":0.0,"timestamp":1608429432,"path_taken":["M","M","?","?","?","E","R","M","T","R","M","M","M","?","R","BOSS","M","M","$","?","M","?","R","?","T","R","M","M","R","$","R","BOSS"],"items_purchased_type":["Relic","Relic","Relic","Relic","Card"],"build_version":"2020-12-13","purchased_purges":0,"victory":false,"max_hp_per_floor":[70,70,70,70,70,70,70,70,70,70,70,70,70,70,70,70,70,70,70,70,70,70,70,70,70,70,70,70,70,70,70,70,70,70],"card_choices":[{"not_picked":["Runesmith:HammerThrow","Runesmith:EnergizedChisel"],"picked":"Runesmith:ChargedHammer","floor":1},{"not_picked":["Runesmith:WhiteBalance","Runesmith:HammerThrow"],"picked":"Runesmith:HeatedChisel","floor":2},{"not_picked":["Runesmith:Grindstone","Runesmith:GrandSlam"],"picked":"Runesmith:EarthShield","floor":6},{"not_picked":["Runesmith:RuneHurl","Runesmith:StaticCage"],"picked":"Runesmith:EnergizedChisel","floor":8},{"not_picked":["Runesmith:CraftProtectio","Runesmith:ShiftingStrike"],"picked":"Runesmith:PoweredAnvil","floor":11},{"not_picked":["Runesmith:EnergizedChisel","Runesmith:ElementalConversion"],"picked":"Runesmith:CraftProtectio","floor":12},{"not_picked":["Runesmith:Refine","Runesmith:WhiteBalance"],"picked":"Runesmith:EnergizedChisel","floor":13},{"not_picked":["Runesmith:Superposition","Runesmith:StaticCage"],"picked":"Runesmith:CraftProtectio","floor":14},{"not_picked":["Runesmith:MetallurgicalResearch","Runesmith:LastStand"],"picked":"Runesmith:ReplicatingBarrier","floor":16},{"not_picked":["Doubt","Languid"],"picked":"Voices","floor":17},{"not_picked":["Doubt","Delirium"],"picked":"ReplayTheSpireMod:IOU","floor":17},{"not_picked":["Regret","Languid"],"picked":"CommonCold","floor":17},{"not_picked":["Runesmith:ElementalConversion","Runesmith:Grindstone"],"picked":"Runesmith:BackupBattery+1","floor":18},{"not_picked":["Runesmith:Overpower","Runesmith:MakeshiftArmor"],"picked":"Runesmith:CraftMagma+1","floor":19},{"not_picked":["Runesmith:Repurpose","Runesmith:GenerateForcefield"],"picked":"Runesmith:HammerThrow+1","floor":20},{"not_picked":["Runesmith:Refine","Runesmith:Overpower+1"],"picked":"Runesmith:Permafrost","floor":20},{"not_picked":["Runesmith:Malloc","Runesmith:ChargedHammer"],"picked":"Runesmith:CraftIncendium","floor":20},{"not_picked":["Runesmith:BackupBattery","Runesmith:Retool"],"picked":"Runesmith:ShiftingStrike","floor":20},{"not_picked":["Runesmith:Empowerment","Runesmith:BackupBattery"],"picked":"Runesmith:UnstableHammer","floor":20},{"not_picked":["Runesmith:EarthShield","Runesmith:RuneHurl"],"picked":"Runesmith:FieryHammer","floor":22},{"not_picked":["Runesmith:Attraction","Runesmith:StaticCage"],"picked":"Runesmith:CraftObretio","floor":25},{"not_picked":["Runesmith:StaticCage","Runesmith:Overpower"],"picked":"Runesmith:Discharge","floor":28},{"not_picked":["Runesmith:ElementalConversion+1","Runesmith:Empowerment"],"picked":"Runesmith:StaticCage","floor":29}],"player_experience":346531,"relics_obtained":[{"floor":6,"key":"Replay:Bottled Steam"},{"floor":9,"key":"Onion Ring"},{"floor":14,"key":"Simple Rune"},{"floor":21,"key":"Nilry\u0027s Codex"},{"floor":26,"key":"Runesmith:EmergencyProvisions"}],"event_choices":[{"damage_healed":0,"gold_gain":0,"player_choice":"Entered Light","damage_taken":14,"max_hp_gain":0,"max_hp_loss":0,"event_name":"Shining Light","floor":3,"gold_loss":0,"cards_upgraded":["Runesmith:Strike_RS","Runesmith:Strike_RS"]},{"damage_healed":0,"gold_gain":63,"player_choice":"Gained Gold","damage_taken":0,"max_hp_gain":0,"max_hp_loss":0,"event_name":"Golden Wing","floor":4,"gold_loss":0},{"damage_healed":0,"gold_gain":175,"player_choice":"AGREE","damage_taken":0,"max_hp_gain":0,"max_hp_loss":0,"event_name":"Liars Game","floor":5,"gold_loss":0,"cards_obtained":["Doubt"]},{"damage_healed":0,"gold_gain":0,"player_choice":"Obtained Book","damage_taken":16,"max_hp_gain":0,"max_hp_loss":0,"event_name":"Cursed Tome","floor":21,"gold_loss":0},{"cards_removed":["Voices"],"damage_healed":0,"gold_gain":0,"player_choice":"Purged","damage_taken":0,"max_hp_gain":0,"max_hp_loss":0,"event_name":"Purifier","floor":23,"gold_loss":0}],"is_beta":false,"boss_relics":[{"not_picked":["Snecko Eye","Pandora\u0027s Box"],"picked":"Replay:Ancient Bell"},{"not_picked":["Oddly Smooth Stone","Dream Catcher"],"picked":"Orichalcum"},{"not_picked":["Garlic","InkBottle"],"picked":"Mercury Hourglass"},{"not_picked":["Replay:PocketPolymizer","Mango"],"picked":"Replay:Multitool"}],"items_purged_floors":[],"is_endless":false,"potions_floor_spawned":[6,12,16,19,28,29],"killed_by":"Automaton","ascension_level":0}}