{"host":"Limoen","time":1608456157,"event":{"mods":["Aspiration","BaseMod","CCEM","Colored Powertips","Conspire","Downfall","Halation","Hubris","Infinite Spire","Mimic Mod","Minty Spire (QoL Compilation)","Quick Restart","RatMod","Relic Sorter","Replay The Spire","Spicy Shops","Spikes Relics","StSLib","The Blue Laboratory","Trackpad","vexMod"],"gold_per_floor":[99,99,99,99,274,274,274,303,392,342,342,352,362,375,386,386,386],"floor_reached":16,"playtime":425,"items_purged":[],"score":123,"play_id":"5090eef6-ca0e-4f12-b841-735b674c8f83","local_time":"20201220102237","is_ascension_mode":false,"campfire_choices":[{"floor":1,"key":"DIG"},{"floor":10,"key":"RECALL"}],"circlet_count":0,"master_deck":["Slimebound:Strike_Slimebound","Slimebound:Strike_Slimebound","Slimebound:Strike_Slimebound","Slimebound:Tackle","Slimebound:Defend_Slimebound","Slimebound:Defend_Slimebound","Slimebound:Defend_Slimebound","Slimebound:Defend_Slimebound","Slimebound:Split","Slimebound:CorrosiveSpit","Slimebound:GoopSpray","Slimebound:SplitSpecialist","Doubt","Slimebound:LeechLife","Slimebound:Equalize","Slimebound:LevelUp","Slimebound:Gluttony","Slimebound:GrowthPunch","Slimebound:SlimeSpikes","Slimebound:SlimeSpikes","Slimebound:RollThrough"],"relics":["Slimebound:AbsorbEndCombat","downfall:HeartsMalice","Slimebound:GreedOozeRelic","Slimebound:ScrapOozeRelic","Blue Doll"],"acts_visited":["Exordium"],"potions_floor_usage":[],"damage_taken":[{"damage":0,"enemies":"2 Louse","floor":2,"turns":1},{"damage":0,"enemies":"Jaw Worm","floor":3,"turns":1},{"damage":0,"enemies":"Gremlin Nob","floor":8,"turns":1},{"damage":8,"enemies":"conspire:RoseBush","floor":12,"turns":3},{"damage":8,"enemies":"3 Louse","floor":13,"turns":3},{"damage":22,"enemies":"2 Fungi Beasts","floor":14,"turns":4},{"damage":17,"enemies":"Red Slaver","floor":15,"turns":3},{"damage":63,"enemies":"downfall:Watcher","floor":16,"turns":7}],"seed_played":"-6621931840824262128","potions_obtained":[{"floor":12,"key":"Milkshake"},{"floor":13,"key":"blueLaboratory:HorrorPotion"},{"floor":14,"key":"GamblersBrew"}],"is_trial":false,"path_per_floor":["R","M","M","?","?","?","T","E","?","R","?","M","M","M","M","B"],"character_chosen":"SLIMEBOUND","items_purchased":[],"campfire_rested":0,"item_purchase_floors":[],"current_hp_per_floor":[60,60,60,60,60,60,60,60,45,45,45,51,60,46,39,0,0],"gold":386,"neow_bonus":"THREE_ENEMY_KILL","is_daily":false,"chose_seed":false,"campfire_upgraded":0,"win_rate":0.0,"timestamp":1608456157,"path_taken":["R","M","M","?","?","?","T","E","?","R","?","M","M","M","M","BOSS"],"items_purchased_type":[],"build_version":"2020-12-18","purchased_purges":0,"victory":false,"max_hp_per_floor":[60,60,60,60,60,60,60,60,60,60,60,60,60,60,60,60,60],"card_choices":[{"not_picked":["Slimebound:ComboTackle","Slimebound:DivideAndConquer"],"picked":"Slimebound:GoopSpray","floor":2},{"not_picked":["Slimebound:GrowthPunch","Slimebound:PressTheAttack"],"picked":"Slimebound:SplitSpecialist","floor":3},{"not_picked":["Slimebound:SplitLeeching","Slimebound:SplitAcid"],"picked":"Slimebound:LeechLife","floor":8},{"not_picked":["Slimebound:Chomp","Slimebound:LeechingTouch"],"picked":"Slimebound:Equalize","floor":9},{"not_picked":["Slimebound:SamplingLick","Slimebound:SplitMire"],"picked":"Slimebound:LevelUp","floor":9},{"not_picked":["Slimebound:ViciousTackle","Slimebound:BestDefense"],"picked":"Slimebound:Gluttony","floor":9},{"not_picked":["Slimebound:FinishingTackle","Slimebound:ViciousTackle"],"picked":"Slimebound:GrowthPunch","floor":12},{"not_picked":["Slimebound:SplitAcid","Slimebound:SlimeTap"],"picked":"Slimebound:SlimeSpikes","floor":13},{"not_picked":["Slimebound:ComboTackle","Slimebound:GoopTackle"],"picked":"Slimebound:SlimeSpikes","floor":14},{"not_picked":["Slimebound:DisruptingSlam","Slimebound:GoopSpray"],"picked":"Slimebound:RollThrough","floor":15}],"player_experience":401733,"relics_obtained":[{"floor":1,"key":"SpikesRelics:DaevaFist"},{"floor":8,"key":"Blue Doll"}],"event_choices":[{"damage_healed":0,"gold_gain":0,"player_choice":"Ignored","damage_taken":0,"max_hp_gain":0,"max_hp_loss":0,"event_name":"NoteForYourself","floor":11,"gold_loss":0}],"is_beta":true,"boss_relics":[],"items_purged_floors":[],"is_endless":false,"potions_floor_spawned":[12,13,14],"killed_by":"downfall:Watcher","ascension_level":0}}