{"host":"ehobsx5hjn4xgwyt","time":1608484167,"event":{"mods":["Aspiration","BaseMod","Beaked The Cultist","Bestiary","Better Third Choice","Better Vampires","BetterRewards","Clockwork Mod","Conspire","Custom Start","Downfall","Friendly Minions","Glutton Mod","Halation","Highlight Path","Hubris","Infinite Spire","Minty Spire (QoL Compilation)","Rare Cards Sparkle","Relic Sorter","Replay The Spire","Spicy Shops","Spikes Relics","StSLib","SuperFastMode","The Blue Laboratory","The Construct","The Forsaken","The Gatherer","The Jungle","The Mystic","The Necromancer","Uncapped"],"gold_per_floor":[112,38,57,57,67,67,96,96,147,162,189,201,220,220,220,323,323,339,355,375,386,386,386,386,386,459,459,478,504,522,541,541,646,646,660,660,660,678,690,690,725,725,774,808,808,825,725,725,725,836,836,852,927,1027,1055,1064,1078,1110,1138,1162,1162,1205,1205,1305,1305,1305,1385,1385,1388,1213,1213,1030,1030,1038,1038,1038,1063,1076,1103,1103,1168,867,867,954,954,955,955,925,474,474,474,494,510,557,557,608,608,650,656,656,751,751,751],"floor_reached":102,"playtime":7452,"items_purged":["Deadly Poison+3","Replay:Bag of Tricks","InfectiousVector+4","Regret","theForsaken:PlagueCurse"],"score":2329,"play_id":"42b1f44a-4958-4a17-a29d-24e4773c8b56","local_time":"20201220180927","daily_mods":["Draft"],"is_ascension_mode":false,"campfire_choices":[{"data":"beaked:BraceForImpact","floor":6,"key":"SMITH"},{"data":"beaked:BraceForImpact+1","floor":6,"key":"SMITH"},{"data":"Glutton:Chomp","floor":6,"key":"SMITH"},{"data":"theForsaken:MagicWeapon+1","floor":6,"key":"SMITH"},{"data":"beaked:BraceForImpact+2","floor":15,"key":"SMITH"},{"data":"beaked:BraceForImpact+3","floor":15,"key":"SMITH"},{"data":"Blade Dance","floor":15,"key":"SMITH"},{"data":"beaked:BraceForImpact+4","floor":15,"key":"SMITH"},{"data":"beaked:BraceForImpact+5","floor":23,"key":"SMITH"},{"data":"beaked:BraceForImpact+6","floor":23,"key":"SMITH"},{"data":"Blade Dance+1","floor":23,"key":"SMITH"},{"data":"Glutton:Chomp+1","floor":23,"key":"SMITH"},{"data":"beaked:BraceForImpact+7","floor":25,"key":"SMITH"},{"data":"beaked:BraceForImpact+8","floor":25,"key":"SMITH"},{"data":"theForsaken:MagicWeapon+2","floor":25,"key":"SMITH"},{"data":"theForsaken:MagicWeapon+3","floor":25,"key":"SMITH"},{"data":"theForsaken:MagicWeapon+4","floor":27,"key":"SMITH"},{"data":"theForsaken:MagicWeapon+5","floor":27,"key":"SMITH"},{"data":"Glutton:Chomp+2","floor":27,"key":"SMITH"},{"data":"Glutton:Chomp+3","floor":27,"key":"SMITH"},{"data":"theForsaken:Confusion","floor":32,"key":"SMITH"},{"data":"beaked:Hexing","floor":32,"key":"SMITH"},{"data":"InfectiousVector","floor":32,"key":"SMITH"},{"data":"InfectiousVector+1","floor":32,"key":"SMITH"},{"data":"theForsaken:MagicWeapon+6","floor":37,"key":"SMITH"},{"data":"theForsaken:MagicWeapon+7","floor":37,"key":"SMITH"},{"data":"InfectiousVector+2","floor":37,"key":"SMITH"},{"data":"InfectiousVector+3","floor":37,"key":"SMITH"},{"data":"Glutton:GnawingHunger","floor":40,"key":"SMITH"},{"data":"Deadly Poison","floor":40,"key":"SMITH"},{"data":"Deadly Poison+1","floor":40,"key":"SMITH"},{"data":"Deadly Poison+2","floor":40,"key":"SMITH"},{"data":"Crippling Poison","floor":42,"key":"SMITH"},{"data":"Crippling Poison+1","floor":42,"key":"SMITH"},{"data":"Crippling Poison+2","floor":42,"key":"SMITH"},{"data":"Crippling Poison+3","floor":42,"key":"SMITH"},{"data":"Glutton:Chomp+4","floor":45,"key":"SMITH"},{"data":"Crippling Poison+4","floor":45,"key":"SMITH"},{"data":"Crippling Poison+5","floor":45,"key":"SMITH"},{"data":"Crippling Poison+6","floor":45,"key":"SMITH"},{"data":"conspire:SpireCoStock","floor":49,"key":"SMITH"},{"data":"conspire:SpireCoStock+1","floor":49,"key":"SMITH"},{"data":"conspire:SpireCoStock+2","floor":49,"key":"SMITH"},{"data":"conspire:SpireCoStock+3","floor":49,"key":"SMITH"},{"data":"Glutton:Delusion","floor":66,"key":"SMITH"},{"data":"Glutton:Delusion","floor":66,"key":"SMITH"},{"data":"Cloak And Dagger","floor":66,"key":"SMITH"},{"data":"Crippling Poison+7","floor":66,"key":"SMITH"},{"data":"infinitespire:Starlight","floor":75,"key":"SMITH"},{"data":"beaked:SacrificialScars","floor":75,"key":"SMITH"},{"data":"infinitespire:Starlight+1","floor":76,"key":"SMITH"},{"data":"beaked:SacrificialScars+1","floor":76,"key":"SMITH"},{"data":"beaked:SacrificialScars+2","floor":76,"key":"SMITH"},{"data":"beaked:SacrificialScars+3","floor":76,"key":"SMITH"},{"data":"beaked:SacrificialScars+4","floor":80,"key":"SMITH"},{"data":"beaked:SacrificialScars+5","floor":80,"key":"SMITH"},{"data":"infinitespire:Starlight+2","floor":80,"key":"SMITH"},{"data":"infinitespire:Starlight+3","floor":80,"key":"SMITH"},{"data":"beaked:BraceForImpact+9","floor":83,"key":"SMITH"},{"data":"beaked:BraceForImpact+10","floor":83,"key":"SMITH"},{"data":"Cloak And Dagger+1","floor":83,"key":"SMITH"},{"data":"Cloak And Dagger+2","floor":83,"key":"SMITH"},{"data":"hubris:Rewind","floor":91,"key":"SMITH"},{"data":"Crippling Poison+8","floor":91,"key":"SMITH"},{"data":"Crippling Poison+9","floor":91,"key":"SMITH"},{"data":"Crippling Poison+10","floor":91,"key":"SMITH"},{"data":"beaked:SacrificialScars+6","floor":100,"key":"SMITH"},{"data":"beaked:SacrificialScars+7","floor":100,"key":"SMITH"},{"data":"infinitespire:Starlight+4","floor":100,"key":"SMITH"},{"data":"infinitespire:Starlight+5","floor":100,"key":"SMITH"}],"circlet_count":0,"master_deck":["theForsaken:MagicWeapon+8","Glutton:Chomp+5","Blade Dance+2","beaked:BraceForImpact+11","Infinite Blades+1","beaked:Hexing+1","theForsaken:Confusion+1","Crippling Poison+11","conspire:SpireCoStock+4","conspire:SpireCoStock","Cloak And Dagger+3","beaked:SacrificialScars+8","conspire:PoisonWeapons+1","infinitespire:Starlight+6","hubris:DuctTapeCard","hubris:Rewind+1"],"relics":["Ring of the Snake","WingedGreaves","Replay:Bottled Steam","Basket Of Snakes","halation:Komachan","Replay:Arrowhead","conspire:InfiniteJournal","halation:PenCase","LugNut","Chemical X","Black Star","aspiration:FetidBarrel","Snake Skull","hubris:SlimyHat","The Specimen","TwistedFunnel","Quantum Egg","Gatherer:MistGenerator","ToxicTincture","WizardHat","MiniBlackHole","Regal Pillow","halation:WeightlessCrab","Guardian:GemstoneGun","halation:Toothbrush","infinitespire:PuzzleCube","Juzu Bracelet","Black Star","Pocketwatch","theForsaken:ScaryMask","ReplayTheSpireMod:Lightbulb","infinitespire:Satchel","infinitespire:Lucky Rock","Replay:Grab Bag","conspire:SlowCooker","hubris:TerracottaHorce","halation:Prosthetics","hubris:Backtick","Mummified Hand","Replay:Wanted Poster","Lizard Tail","Nunchaku","infinitespire:Eraser","aspiration:HatOfInfinitePower","Gremlin Food","Toy Ornithopter","Pen Nib","Vajra","infinitespire:Golems Mask","Tiny Chest","Bag of Marbles","Smiling Mask","infinitespire:CursedDice","hubris:DuctTape","aspiration:BeakedSkillbook","theForsaken:PlagueMask","conspire:TreasureMap","infinitespire:Bottled Soul","Onion Ring","CrustySpines","Guardian:PocketSentry","conspire:DeflatedDodgeball","hubris:ToyBattleship","conspire:Flyswatter","hubris:TenFootPole","hubris:PeanutButter","Philosopher\u0027s Stone"],"acts_visited":["Exordium","TheCity","TheBeyond","Exordium","TheCity","TheBeyond","Exordium"],"potions_floor_usage":[21,55,101],"damage_taken":[{"damage":15,"enemies":"Small Slimes","floor":1,"turns":4},{"damage":27,"enemies":"Cultist","floor":3,"turns":5},{"damage":0,"enemies":"2 Louse","floor":5,"turns":1},{"damage":0,"enemies":"Gremlin Nob","floor":7,"turns":2},{"damage":6,"enemies":"Blue Slaver","floor":10,"turns":2},{"damage":3,"enemies":"3 Sentries","floor":11,"turns":2},{"damage":0,"enemies":"Large Slime","floor":12,"turns":1},{"damage":0,"enemies":"2 Fungi Beasts","floor":13,"turns":1},{"damage":0,"enemies":"Slime Boss","floor":16,"turns":2},{"damage":0,"enemies":"Chosen","floor":18,"turns":2},{"damage":0,"enemies":"Shell Parasite","floor":19,"turns":2},{"damage":0,"enemies":"3 Cultists","floor":20,"turns":2},{"damage":6,"enemies":"Shelled Parasite and Fungi","floor":21,"turns":2},{"damage":0,"enemies":"Snecko","floor":28,"turns":2},{"damage":5,"enemies":"Replay:Snechameleon","floor":29,"turns":2},{"damage":0,"enemies":"Snake Plant","floor":30,"turns":2},{"damage":0,"enemies":"Shelled Parasite and Fungi","floor":31,"turns":1},{"damage":10,"enemies":"hubris:MusketHawk","floor":33,"turns":3},{"damage":0,"enemies":"3 Shapes","floor":35,"turns":2},{"damage":0,"enemies":"3 Darklings","floor":38,"turns":2},{"damage":5,"enemies":"Maw","floor":39,"turns":3},{"damage":14,"enemies":"Reptomancer","floor":41,"turns":2},{"damage":26,"enemies":"Nightmare","floor":44,"turns":4},{"damage":7,"enemies":"Sphere and 2 Shapes","floor":46,"turns":2},{"damage":41,"enemies":"hubris:GrandSnecko","floor":50,"turns":5},{"damage":14,"enemies":"Cultist","floor":52,"turns":2},{"damage":0,"enemies":"2 Louse","floor":55,"turns":1},{"damage":0,"enemies":"Jaw Worm","floor":56,"turns":1},{"damage":0,"enemies":"Gremlin Nob","floor":57,"turns":2},{"damage":0,"enemies":"3 Sentries","floor":58,"turns":2},{"damage":0,"enemies":"Gremlin Nob","floor":59,"turns":2},{"damage":0,"enemies":"3 Sentries","floor":62,"turns":2},{"damage":0,"enemies":"Exordium Thugs","floor":65,"turns":1},{"damage":0,"enemies":"The Guardian","floor":67,"turns":3},{"damage":0,"enemies":"Chosen","floor":69,"turns":1},{"damage":9,"enemies":"Nightmare","floor":74,"turns":2},{"damage":1,"enemies":"Slavers","floor":78,"turns":1},{"damage":0,"enemies":"Spheric Guardian","floor":79,"turns":1},{"damage":41,"enemies":"Book of Stabbing","floor":81,"turns":2},{"damage":12,"enemies":"hubris:MusketHawk","floor":84,"turns":1},{"damage":48,"enemies":"3 Shapes","floor":86,"turns":1},{"damage":48,"enemies":"3 Darklings","floor":88,"turns":1},{"damage":24,"enemies":"Reptomancer","floor":92,"turns":2},{"damage":0,"enemies":"4 Shapes","floor":93,"turns":1},{"damage":12,"enemies":"Nemesis","floor":96,"turns":1},{"damage":12,"enemies":"Reptomancer","floor":98,"turns":2},{"damage":64,"enemies":"Spire Growth","floor":99,"turns":2},{"damage":56,"enemies":"Replay:Hell Engine","floor":101,"turns":2}],"seed_played":"5370000174865996554","potions_obtained":[{"floor":3,"key":"blueLaboratory:EmptyBottle"},{"floor":5,"key":"Ancient Potion"},{"floor":10,"key":"BlessingOfTheForge"},{"floor":28,"key":"champ:CounterPotion"},{"floor":30,"key":"Dexterity Potion"},{"floor":41,"key":"SkillPotion"},{"floor":50,"key":"Fruit Juice"},{"floor":55,"key":"infinitespire:BlackPotion"},{"floor":97,"key":"blueLaboratory:RememoryPotion"}],"is_trial":true,"path_per_floor":["M","$","M","?","M","R","E","$","T","M","E","M","M","?","R","B",null,"M","M","M","M","?","R","?","R","T","R","M","E","M","M","R","B",null,"M","AVR","R","M","M","R","E","R","T","NM","R","M","?","?","R","B",null,"M","?","AVR","M","M","E","E","E","T","?","E","?","?","M","R","B",null,"M","$","?","$","?","NM","R","R","T","E","M","R","E","$","R","B",null,"M","?","M","$","?","R","E","M","T","T","E","?","E","M","R","B",null],"character_chosen":"THE_SILENT","items_purchased":["Glutton:Chomp","conspire:PoisonWeapons+1","hubris:DuctTape","conspire:TreasureMap","infinitespire:Bottled Soul"],"campfire_rested":0,"item_purchase_floors":[2,72,82,89,89],"current_hp_per_floor":[55,55,43,43,56,56,70,70,70,70,67,70,70,70,70,70,70,70,70,70,70,70,70,70,70,70,70,79,88,97,106,106,115,115,124,124,124,133,142,142,137,137,137,127,127,149,149,149,149,178,143,138,127,127,157,175,184,193,202,202,198,214,214,214,223,223,232,232,241,247,250,253,253,255,255,255,255,272,281,281,310,313,313,335,335,358,358,351,354,354,354,355,394,394,394,399,399,488,511,511,549,560,560],"gold":751,"neow_bonus":"","is_daily":false,"chose_seed":false,"campfire_upgraded":70,"win_rate":0.0,"timestamp":1608484167,"path_taken":["M","$","M","?","?","R","E","$","T","M","E","M","M","?","R","BOSS","M","M","M","M","?","R","?","R","T","R","?","E","M","M","R","BOSS","M","AVR","R","M","M","R","E","R","T","NM","R","M","?","?","R","BOSS","M","?","AVR","M","M","E","E","E","T","?","E","?","?","M","R","BOSS","M","$","?","$","?","NM","R","R","T","E","M","R","E","?","R","BOSS","M","?","M","$","?","R","E","M","T","?","E","?","E","M","R","BOSS"],"items_purchased_type":["Card","Card","Relic","Relic","Relic"],"build_version":"2020-12-13","purchased_purges":5,"victory":false,"max_hp_per_floor":[70,70,70,70,70,70,70,70,70,70,70,70,70,70,70,70,70,70,70,70,70,70,70,70,70,70,70,79,88,97,106,106,115,115,124,124,124,133,142,142,151,151,151,160,160,169,169,169,169,178,143,152,152,152,166,175,184,193,202,202,205,214,214,214,223,223,232,232,241,247,250,253,253,264,264,264,264,273,282,282,315,318,318,335,335,376,376,417,420,420,420,445,454,454,454,471,471,488,545,545,564,564,564],"card_choices":[{"not_picked":["beaked:SacrificialAttack","Draining Mist"],"picked":"theForsaken:MagicWeapon","floor":1},{"not_picked":["theForsaken:BlindFaith","Poisoned Stab"],"picked":"Blade Dance","floor":3},{"not_picked":["beaked:Flinch","Fluid Movement"],"picked":"beaked:BraceForImpact","floor":5},{"not_picked":["Bane","Glutton:Avarice"],"picked":"Flying Knee","floor":7},{"not_picked":["ShadowRift","beaked:Tweet","beaked:BloodForTheGods"],"picked":"SKIP","floor":10},{"not_picked":["theForsaken:ChargeAttack","beaked:BounceBack","theForsaken:Preservation"],"picked":"SKIP","floor":11},{"not_picked":["theForsaken:AncientWords","Accuracy","theForsaken:NobleSacrifice"],"picked":"SKIP","floor":12},{"not_picked":["theForsaken:InspiringBlow","theForsaken:WardingHymn","beaked:WildInstinct"],"picked":"SKIP","floor":13},{"not_picked":["ReplayTheSpireMod:Speed Training+1","Acrobatics+1"],"picked":"Infinite Blades+1","floor":18},{"not_picked":["Glutton:Brace","beaked:Daydream","theForsaken:FuryStrikes"],"picked":"SKIP","floor":19},{"not_picked":["Quick Slash","beaked:Redirect","Glutton:GuardStance"],"picked":"SKIP","floor":20},{"not_picked":["beaked:Pecker","beaked:Brace+1","theForsaken:ShieldCharge"],"picked":"SKIP","floor":21},{"not_picked":["Glutton:Avarice","Acrobatics"],"picked":"InfectiousVector","floor":28},{"not_picked":["Glutton:Tantrum","beaked:Tweet"],"picked":"beaked:Hexing","floor":29},{"not_picked":["Blade Dance+1","Glutton:Bite","theForsaken:FatRoll"],"picked":"SKIP","floor":30},{"not_picked":["theForsaken:FuryStrikes+1","beaked:Evade+1"],"picked":"theForsaken:Confusion","floor":31},{"not_picked":["theForsaken:AncientWords","theForsaken:FatRoll","theForsaken:QuickAttack"],"picked":"SKIP","floor":35},{"not_picked":["hubris:SlightOfHand+1","Poisoned Stab"],"picked":"Deadly Poison","floor":38},{"not_picked":["beaked:Poke+1","Blade Dance"],"picked":"Glutton:GnawingHunger","floor":39},{"not_picked":["Glutton:Borborygmi","Quick Slash"],"picked":"Crippling Poison","floor":41},{"not_picked":["Draining Mist+1","Glutton:Treat","theForsaken:PanicDive+1"],"picked":"SKIP","floor":44},{"not_picked":["theForsaken:HymnOfPatience+1","beaked:Flinch"],"picked":"Replay:Bag of Tricks","floor":46},{"not_picked":["Well Laid Plans","theForsaken:FatRoll"],"picked":"Glutton:Delusion","floor":52},{"not_picked":["beaked:BraceForImpact","theForsaken:QuickAttack","Glutton:LashOut"],"picked":"SKIP","floor":55},{"not_picked":["Glutton:GnawingHunger","beaked:Devastation","Glutton:Strain"],"picked":"SKIP","floor":56},{"not_picked":["Prepared","Infinite Blades","Draining Mist"],"picked":"SKIP","floor":57},{"not_picked":["Glutton:Tantrum","beaked:Negation"],"picked":"Glutton:Delusion","floor":58},{"not_picked":["theForsaken:NobleSacrifice","Outmaneuver","theForsaken:StoreUp"],"picked":"SKIP","floor":59},{"not_picked":["theForsaken:InspiringBlow","beaked:BloodRitual","Glutton:KneeJerk"],"picked":"SKIP","floor":62},{"not_picked":["theForsaken:ScorchingSunlight","Glutton:GoldenArmor","beaked:Pecker"],"picked":"SKIP","floor":65},{"not_picked":["beaked:Brainwash","Glass Knife"],"picked":"beaked:SacrificialScars","floor":67},{"not_picked":["theForsaken:BottledPlague","theForsaken:Thunderbolt","Escape Plan"],"picked":"SKIP","floor":69},{"not_picked":["ReplayTheSpireMod:Haul","ReplayTheSpireMod:Echoes of Time"],"picked":"infinitespire:Starlight","floor":74},{"not_picked":["beaked:Resilience","PiercingWail","beaked:WarriorEssence"],"picked":"SKIP","floor":74},{"not_picked":["hubris:Sniper","Outmaneuver","theForsaken:SacredOath"],"picked":"SKIP","floor":78},{"not_picked":["theForsaken:QuickAttack","Glutton:BloodyKnuckle","Glutton:Yearn"],"picked":"SKIP","floor":79},{"not_picked":["theForsaken:NobleSacrifice+1","Outmaneuver","theForsaken:CreepingInfection"],"picked":"SKIP","floor":81},{"not_picked":["infinitespire:Punishment","infinitespire:DeathsTouch"],"picked":"hubris:Rewind","floor":84},{"not_picked":["Heel Hook","theForsaken:FatRoll","Glutton:Dispepsia+1","theForsaken:Thunderbolt"],"picked":"SKIP","floor":86},{"not_picked":["Glutton:Migraine+1","beaked:Daydream+1","theForsaken:LightRoll+1","theForsaken:ShieldBash"],"picked":"SKIP","floor":88},{"not_picked":["Glutton:FragileMight","theForsaken:WardingHymn","Glutton:Thrombosis","Quick Slash"],"picked":"SKIP","floor":92},{"not_picked":["beaked:SacrificialDive","beaked:WarriorEssence+1","theForsaken:DefensiveStance+1","beaked:MimicMachine"],"picked":"SKIP","floor":93},{"not_picked":["Glutton:Tantrum+1","beaked:CheekyTricks","Slice+1","beaked:Hexing+1"],"picked":"SKIP","floor":96},{"not_picked":["Glutton:Tantrum+1","beaked:CheekyTricks","Slice+1","beaked:Hexing+1"],"picked":"SKIP","floor":96},{"not_picked":["theForsaken:FuryStrikes","Prepared","beaked:ScreechingChant","Glutton:Yearn+1"],"picked":"SKIP","floor":98},{"not_picked":["Glutton:Thrombosis+1","theForsaken:ShieldBash","beaked:Tweet","theForsaken:ScorchingSunlight+1"],"picked":"SKIP","floor":99}],"player_experience":506631,"relics_obtained":[{"floor":7,"key":"WizardHat"},{"floor":7,"key":"MiniBlackHole"},{"floor":9,"key":"Regal Pillow"},{"floor":11,"key":"halation:WeightlessCrab"},{"floor":11,"key":"Guardian:GemstoneGun"},{"floor":26,"key":"halation:Toothbrush"},{"floor":29,"key":"infinitespire:PuzzleCube"},{"floor":29,"key":"Juzu Bracelet"},{"floor":41,"key":"Pocketwatch"},{"floor":41,"key":"theForsaken:ScaryMask"},{"floor":43,"key":"ReplayTheSpireMod:Lightbulb"},{"floor":44,"key":"infinitespire:Satchel"},{"floor":44,"key":"infinitespire:Lucky Rock"},{"floor":57,"key":"Lizard Tail"},{"floor":57,"key":"Nunchaku"},{"floor":58,"key":"infinitespire:Eraser"},{"floor":58,"key":"aspiration:HatOfInfinitePower"},{"floor":59,"key":"Gremlin Food"},{"floor":59,"key":"Toy Ornithopter"},{"floor":60,"key":"Pen Nib"},{"floor":62,"key":"Vajra"},{"floor":62,"key":"Basket Of Snakes"},{"floor":74,"key":"infinitespire:Golems Mask"},{"floor":74,"key":"Tiny Chest"},{"floor":78,"key":"Bag of Marbles"},{"floor":81,"key":"Smiling Mask"},{"floor":81,"key":"infinitespire:CursedDice"},{"floor":92,"key":"Onion Ring"},{"floor":92,"key":"CrustySpines"},{"floor":94,"key":"Guardian:PocketSentry"},{"floor":95,"key":"conspire:DeflatedDodgeball"},{"floor":96,"key":"hubris:ToyBattleship"},{"floor":96,"key":"conspire:Flyswatter"},{"floor":98,"key":"hubris:TenFootPole"},{"floor":98,"key":"hubris:PeanutButter"}],"event_choices":[{"damage_healed":0,"gold_gain":0,"player_choice":"Upgraded","damage_taken":0,"max_hp_gain":0,"max_hp_loss":0,"event_name":"Upgrade Shrine","floor":4,"gold_loss":0,"cards_upgraded":["theForsaken:MagicWeapon"]},{"damage_healed":0,"gold_gain":0,"player_choice":"Leave","damage_taken":0,"max_hp_gain":0,"max_hp_loss":0,"event_name":"The Cleric","floor":14,"gold_loss":0},{"damage_healed":0,"gold_gain":0,"player_choice":"Ignored","damage_taken":0,"max_hp_gain":0,"max_hp_loss":0,"event_name":"Beggar","floor":22,"gold_loss":0},{"damage_healed":0,"gold_gain":0,"player_choice":"0 cards matched","damage_taken":0,"max_hp_gain":0,"max_hp_loss":0,"event_name":"Match and Keep!","floor":24,"gold_loss":0,"cards_obtained":[]},{"damage_healed":0,"gold_gain":0,"player_choice":"Invest 2","damage_taken":0,"max_hp_gain":0,"max_hp_loss":0,"event_name":"conspire:Investor","floor":47,"gold_loss":0},{"damage_healed":0,"gold_gain":75,"player_choice":"Gold","damage_taken":11,"max_hp_gain":0,"max_hp_loss":0,"event_name":"betterThird:BetterGoop","floor":53,"gold_loss":0},{"cards_removed":["Glutton:GnawingHunger"],"damage_healed":0,"gold_gain":0,"player_choice":"Card Removal","damage_taken":7,"max_hp_gain":0,"max_hp_loss":0,"event_name":"Golden Wing","floor":61,"gold_loss":0},{"damage_healed":0,"gold_gain":0,"player_choice":"Ignored","damage_taken":1205,"max_hp_gain":0,"max_hp_loss":0,"event_name":"betterThird:BetterSerpent","floor":63,"gold_loss":0},{"damage_healed":0,"gold_gain":100,"player_choice":"Pray","damage_taken":0,"max_hp_gain":0,"max_hp_loss":0,"event_name":"Golden Shrine","floor":64,"gold_loss":0},{"cards_removed":["Flying Knee"],"damage_healed":0,"gold_gain":0,"player_choice":"Purged","damage_taken":0,"max_hp_gain":0,"max_hp_loss":0,"event_name":"Purifier","floor":71,"gold_loss":0},{"damage_healed":0,"gold_gain":0,"player_choice":"Obtain Plague Curse","damage_taken":0,"max_hp_gain":0,"max_hp_loss":0,"event_name":"Plague Doctor","floor":87,"gold_loss":0,"cards_obtained":["theForsaken:PlagueCurse"]},{"damage_healed":0,"gold_gain":0,"player_choice":"Bought 0 Potions","damage_taken":0,"max_hp_gain":0,"max_hp_loss":0,"event_name":"The Woman in Blue","floor":90,"gold_loss":0},{"damage_healed":0,"gold_gain":0,"player_choice":"Got Potions","damage_taken":0,"max_hp_gain":0,"max_hp_loss":0,"event_name":"Lab","floor":97,"gold_loss":0}],"is_beta":false,"boss_relics":[{"not_picked":["conspire:RoyalGoblet","halation:CatFaceCupcake","hubris:BlackHole"]},{"not_picked":["halation:PinkAlligatorPlush","Fusion Hammer"],"picked":"Black Star"},{"not_picked":["hubris:VirtuousBlindfold","aspiration:BeakedSkillbook"],"picked":"Replay:Grab Bag"},{"not_picked":["ChewingGum","Replay:Fungal Core"],"picked":"conspire:SlowCooker"},{"not_picked":["halation:IncompleteEncyclopedia","ReplayTheSpireMod:DimensionalGlitch"],"picked":"hubris:TerracottaHorce"},{"not_picked":["Snecko Eye","beaked:SacredDeck"],"picked":"halation:Prosthetics"},{"not_picked":["WristBlade","SacredBark"],"picked":"hubris:Backtick"},{"not_picked":["beaked:MawFillet","hubris:BlackHole","theForsaken:PaleLantern"]},{"not_picked":["Replay:Bronze Core","Replay:Fungal Core"],"picked":"aspiration:BeakedSkillbook"},{"not_picked":["Runic Dome","aspiration:SecretTechniqueScroll"],"picked":"Philosopher\u0027s Stone"}],"items_purged_floors":[70,70,72,82,89],"is_endless":true,"potions_floor_spawned":[3,5,10,12,20,28,30,41,46,50,55,56,59,62,65,67,69,81,86,93,98,99,101],"ascension_level":0}}