{"host":"o3b7ow6d1xe49css","time":1608460647,"event":{"mods":["2.2 Compatiblity","Act Like it!","Aspiration","BaseMod","Bestiary","Better Altar","Better Match","Better Note","Better Sensory Stone","Better Skull","Better Third Choice","Colored Powertips","Conspire","Elementarium","Energized Spire","Force Act Four","GifTheSpireLib","Halation","Hermit","Hubris","Infinite Spire","Lobotomy","Minty Spire (QoL Compilation)","Quick Restart","Replay The Spire","Spicy Shops","Spikes Relics","StSLib","Stuff the Spire","The Blue Laboratory","The Jungle","Wandering Minibosses","vexMod"],"gold_per_floor":[114,134,293,309,40,67,67,97,124,159,159,159,193,208,208,307,307,317,317,182,182,182,182,208,243,243,243,243,243,284,313,313,416,416,437,437,453,453,453,511,74,74,97,109,156,168,196,208,220,384,396,408,18,364,409,409],"floor_reached":55,"playtime":2271,"items_purged":["Strike_P","Strike_P","Strike_P"],"score":1260,"play_id":"636d4e45-765d-4f38-8bc9-1f6081a9b7ed","local_time":"20201220013727","daily_mods":["Heirloom","Flight"],"is_ascension_mode":true,"campfire_choices":[{"data":"Apotheosis","floor":7.0,"key":"SMITH"},{"data":"Eruption","floor":11.0,"key":"SMITH"},{"floor":12.0,"key":"RECALL"},{"data":"CrushJoints","floor":15.0,"key":"SMITH"},{"floor":23.0,"key":"REST"},{"data":"WindmillStrike","floor":27.0,"key":"SMITH"},{"floor":42,"key":"REST"},{"floor":49,"key":"REST"},{"data":"BattleHymn","floor":52,"key":"SMITH"}],"circlet_count":0,"master_deck":["Defend_P","Defend_P","Defend_P","Eruption+1","Vigilance","Conclude","BowlingBash","Apotheosis+1","FlyingSleeves","BowlingBash","Indignation","ClearTheMind","CrushJoints+1","Fasting2+1","infinitespire:Oblivion","WindmillStrike+1","infinitespire:UltimateForm","Crescendo+1","DeusExMachina","ThirdEye+1","BattleHymn+1","StuffTheSpire:BrainWave","Scrawl","Pot Of Greed","Pot Of Greed"],"relics":["PureWater","Ring of Chaos","infinitespire:Golems Mask","Question Card","hubris:MobiusCoin","Bag of Preparation","halation:LettersToHer","Akabeko","hubris:GrandSneckoEye","hubris:KleinBottle","halation:IllGainedPizza","conspire:GlowingRock","Vajra","hubris:TenFootPole","hubris:SlimyHat","SlaversCollar","halation:AfternoonTea","Pear","SnailShell","MawBank","StuffTheSpire:GrapeVine","conspire:BottledYoYo","energizedSpire:RedRose","StuffTheSpire:ForceGauntlet","Grinning Jar","halation:PromiseList"],"acts_visited":["Exordium","TheCity","TheBeyond","Exordium","TheEnding"],"potions_floor_usage":[30,30,31,33,55],"damage_taken":[{"damage":2.0,"enemies":"Cultist","floor":1.0,"turns":3.0},{"damage":0.0,"enemies":"Small Slimes","floor":2.0,"turns":3.0},{"damage":8.0,"enemies":"2 Louse","floor":3.0,"turns":5.0},{"damage":0.0,"enemies":"Exordium Thugs","floor":4.0,"turns":1.0},{"damage":0.0,"enemies":"3 Sentries","floor":6.0,"turns":2.0},{"damage":0.0,"enemies":"Lagavulin","floor":8.0,"turns":3.0},{"damage":0.0,"enemies":"Replay:BlueRogue","floor":10.0,"turns":3.0},{"damage":18.0,"enemies":"Gremlin Nob","floor":13.0,"turns":3.0},{"damage":0.0,"enemies":"2 Fungi Beasts","floor":14.0,"turns":1.0},{"damage":5.0,"enemies":"Fading Forest","floor":16.0,"turns":10.0},{"damage":0.0,"enemies":"Chosen","floor":18.0,"turns":2.0},{"damage":4.0,"enemies":"Book of Stabbing","floor":24.0,"turns":3.0},{"damage":0.0,"enemies":"Gremlin Leader","floor":25.0,"turns":1.0},{"damage":46,"enemies":"Nightmare","floor":30,"turns":5},{"damage":0,"enemies":"Slavers","floor":31,"turns":1},{"damage":23,"enemies":"Collector","floor":33,"turns":4},{"damage":18,"enemies":"3 Darklings","floor":35,"turns":3},{"damage":2,"enemies":"Orb Walker","floor":37,"turns":2},{"damage":33,"enemies":"Nightmare","floor":40,"turns":10},{"damage":0,"enemies":"Reptomancer","floor":45,"turns":2},{"damage":0,"enemies":"Jaw Worm Horde","floor":47,"turns":2},{"damage":6,"enemies":"Donu and Deca","floor":50,"turns":5},{"damage":24,"enemies":"Shield and Spear","floor":54,"turns":2},{"damage":51,"enemies":"The Heart","floor":55,"turns":3}],"seed_played":"-2724495594773134519","potions_obtained":[{"floor":2.0,"key":"BlessingOfTheForge"},{"floor":3.0,"key":"Ancient Potion"},{"floor":8.0,"key":"Fire Potion"},{"floor":18.0,"key":"BottledMiracle"},{"floor":24.0,"key":"LiquidMemories"},{"floor":31,"key":"blueLaboratory:Moonshine"},{"floor":37,"key":"blueLaboratory:AlphaPotion"}],"is_trial":true,"path_per_floor":["M","M","M","M","$","E","R","E","T","E","R","R","E","M","R","B",null,"M","$","$","T","?","R","E","E","T","R","?","AVR","NM","E","R","B",null,"M","?","M","?","?","NM","$","R","T","AVR","E","$","M","?","R","B",null,"R","$","E","B"],"character_chosen":"WATCHER","items_purchased":["Apotheosis","CutThroughFate","FlyingSleeves","hubris:KleinBottle","WindmillStrike","conspire:TimeTravelPotion","Pear","ThirdEye+1","SnailShell","StuffTheSpire:ForceGauntlet","Grinning Jar"],"campfire_rested":3,"item_purchase_floors":[5,5,5,19,20,20,41,41,41,53,53],"current_hp_per_floor":[70,70,62,62,62,62,62,62,62,62,62,62,44,44,44,55,68,68,44,44,44,41,62,58,58,58,58,58,58,54,54,72,49,66,48,48,46,46,53,20,30,54,54,54,59,59,59,59,74,74,74,74,74,50,0,0],"gold":409,"neow_bonus":"","is_daily":false,"chose_seed":false,"campfire_upgraded":5,"win_rate":0.0,"timestamp":1608460647,"path_taken":["M","M","M","?","$","E","R","E","T","E","R","R","E","M","R","BOSS","M","?","$","?","?","R","E","E","T","R","?","AVR","NM","E","R","BOSS","M","?","?","?","?","NM","$","R","T","AVR","E","?","M","?","R","BOSS","R","$","E","BOSS"],"items_purchased_type":["Card","Card","Card","Relic","Card","Potion","Relic","Card","Relic","Relic","Relic"],"build_version":"2020-12-13","purchased_purges":3,"victory":false,"max_hp_per_floor":[72,72,72,72,72,72,72,72,72,72,72,72,72,72,72,72,72,72,72,72,72,72,72,72,72,72,72,72,72,72,72,72,72,72,72,72,72,72,72,72,82,82,82,82,82,82,82,74,74,74,74,74,74,74,74,74],"card_choices":[{"not_picked":["Crescendo","InnerPeace"],"picked":"Conclude","floor":1.0},{"not_picked":["Protect","EmptyBody"],"picked":"BowlingBash","floor":2.0},{"not_picked":["ReachHeaven","WreathOfFlame","EmptyBody"],"picked":"SKIP","floor":3.0},{"not_picked":["EmptyFist","EmptyMind","Replay:AtTheReady"],"picked":"SKIP","floor":4.0},{"not_picked":["Protect","DevaForm"],"picked":"BowlingBash","floor":6.0},{"not_picked":["Prostrate","SashWhip","Replay:BluntJabs"],"picked":"Indignation","floor":8.0},{"not_picked":["JustLucky","Prostrate","SashWhip"],"picked":"ClearTheMind","floor":10.0},{"not_picked":["WreathOfFlame","BowlingBash","Fasting2","WaveOfTheHand"],"picked":"SKIP","floor":13.0},{"not_picked":["Omniscience","WheelKick","EmptyMind"],"picked":"CrushJoints","floor":14.0},{"not_picked":["Consecrate","FollowUp+1","FlurryOfBlows+1"],"picked":"Fasting2+1","floor":18.0},{"not_picked":["infinitespire:TheBestDefense","hubris:InfiniteBlow+121"],"picked":"infinitespire:Oblivion","floor":19.0},{"not_picked":["JustLucky","EmptyBody","FlyingSleeves","PathToVictory+1"],"picked":"SKIP","floor":24.0},{"not_picked":["Blasphemy","BowlingBash","Replay:AtTheReady+1","Prostrate+1"],"picked":"SKIP","floor":25.0},{"not_picked":["ReplayTheSpireMod:??????????????????????","hubris:Rewind"],"picked":"infinitespire:UltimateForm","floor":30},{"not_picked":["Swivel","Consecrate","Prostrate"],"picked":"Crescendo","floor":30},{"not_picked":["JustLucky+1","Replay:Cycle","MasterReality","WreathOfFlame"],"picked":"SKIP","floor":31},{"not_picked":["Blasphemy","Alpha","SpiritShield"],"picked":"DeusExMachina","floor":33},{"not_picked":["WreathOfFlame","Replay:Cycle","FlurryOfBlows+1","JustLucky"],"picked":"SKIP","floor":35},{"not_picked":["CutThroughFate","WindmillStrike+1","Crescendo+1","SashWhip+1"],"picked":"SKIP","floor":37},{"not_picked":["Consecrate+1","Wireheading+1","Indignation+1","Pray+1"],"picked":"SKIP","floor":40},{"not_picked":["Crescendo","WreathOfFlame","FollowUp+1"],"picked":"BattleHymn","floor":45},{"not_picked":["Conclude","Replay:AtTheReady+1","Nirvana","Replay:BluntJabs+1"],"picked":"SKIP","floor":47},{"not_picked":["Blasphemy","Judgement","Replay:AllIn"],"picked":"Scrawl","floor":50},{"not_picked":["InnerPeace","FollowUp+1","Tantrum+1","CrushJoints"],"picked":"SKIP","floor":54},{"not_picked":["InnerPeace","FollowUp+1","Tantrum+1","CrushJoints"],"picked":"SKIP","floor":54}],"player_experience":1764000,"relics_obtained":[{"floor":6.0,"key":"Question Card"},{"floor":8.0,"key":"hubris:MobiusCoin"},{"floor":9.0,"key":"Bag of Preparation"},{"floor":10.0,"key":"halation:LettersToHer"},{"floor":13.0,"key":"Akabeko"},{"floor":21.0,"key":"halation:LettersToHer"},{"floor":24.0,"key":"halation:IllGainedPizza"},{"floor":25.0,"key":"conspire:GlowingRock"},{"floor":26.0,"key":"halation:LettersToHer"},{"floor":26.0,"key":"Vajra"},{"floor":30,"key":"hubris:TenFootPole"},{"floor":31,"key":"hubris:SlimyHat"},{"floor":40,"key":"halation:AfternoonTea"},{"floor":43,"key":"MawBank"},{"floor":43,"key":"halation:LettersToHer"},{"floor":45,"key":"conspire:BottledYoYo"},{"floor":54,"key":"halation:PromiseList"}],"event_choices":[{"damage_healed":0.0,"max_hp_gain":0.0,"max_hp_loss":0.0,"gold_gain":0.0,"event_name":"Designer","player_choice":"Punched","floor":22.0,"gold_loss":0.0,"damage_taken":3.0},{"cards_removed":["Strike_P"],"damage_healed":0.0,"max_hp_gain":0.0,"max_hp_loss":0.0,"gold_gain":0.0,"event_name":"betterNote:BetterNote","player_choice":"Give","floor":28.0,"gold_loss":0.0,"damage_taken":0.0,"cards_obtained":["Strike_R"]},{"cards_removed":["Defend_P"],"damage_healed":0,"gold_gain":0,"player_choice":"Card Removal","damage_taken":0,"max_hp_gain":0,"max_hp_loss":0,"event_name":"Wheel of Change","floor":36,"gold_loss":0},{"cards_removed":["CutThroughFate"],"damage_healed":0,"gold_gain":0,"player_choice":"Removed Attack","damage_taken":0,"max_hp_gain":0,"max_hp_loss":0,"event_name":"Falling","floor":38,"gold_loss":0}],"is_beta":false,"boss_relics":[{"not_picked":["infinitespire:Cupcake","StuffTheSpire:Kangaroo"],"picked":"hubris:GrandSneckoEye"},{"not_picked":["halation:ForbiddenBikini","aspiration:PoetsPen_weak"],"picked":"SlaversCollar"},{"not_picked":["Replay:Fungal Core","vexMod:CursedCompass"],"picked":"energizedSpire:RedRose"}],"items_purged_floors":[19,29,44],"is_endless":true,"potions_floor_spawned":[2,3,8,18,24,31,37],"killed_by":"The Heart","ascension_level":5}}