{"host":"qwv9nni2x0umspiu","time":1608431985,"event":{"mods":["BaseMod","Downfall","Minty Spire (QoL Compilation)","Replay The Spire","StSLib","The Hierophant","Wandering Minibosses"],"gold_per_floor":[118,118,118,135,135,161,176,176,176,206,217,217,83,96,96,168,168,187,22,40,40,50,50,78,78,104,104,204,232,232,250,250,328,328,329,342,342,357,84,107,107,122,174,156,156,175,192,197,197,187,177,177,177,177,207,207],"floor_reached":57,"playtime":2994,"items_purged":["hierophant:Strike_Hierophant","hierophant:Defend_Hierophant"],"score":3830,"play_id":"73cb2997-b75d-401c-92ee-aec8f8ccd686","local_time":"20201219183945","is_ascension_mode":true,"campfire_choices":[{"data":"hierophant:ChurchCoffers","floor":8,"key":"SMITH"},{"data":"hierophant:Upheaval","floor":12,"key":"SMITH"},{"data":"hierophant:HammerAndAnvil","floor":15,"key":"SMITH"},{"data":"hierophant:Community","floor":23,"key":"SMITH"},{"data":"hierophant:Strike_Hierophant","floor":25,"key":"PURGE"},{"data":"hierophant:Defend_Hierophant","floor":27,"key":"PURGE"},{"data":"hierophant:Strike_Hierophant","floor":30,"key":"PURGE"},{"data":"hierophant:Defend_Hierophant","floor":32,"key":"PURGE"},{"data":"hierophant:Strike_Hierophant","floor":41,"key":"PURGE"},{"floor":49,"key":"RECALL"},{"data":"hierophant:Alms","floor":53,"key":"SMITH"}],"circlet_count":0,"master_deck":["AscendersBane","hierophant:Punish","hierophant:ChurchCoffers+1","hierophant:Shelter","hierophant:Community+1","hierophant:Upheaval+1","hierophant:Zeal","hierophant:HammerAndAnvil+1","hierophant:ChurchCoffers+1","hierophant:Alms+1","hierophant:SealAway","hierophant:Chorus","hierophant:MirrorShield","hierophant:Rebuild+1","hierophant:Exaltation+1","hierophant:Glossolalia+1","hierophant:Encroach","hierophant:Upheaval+1"],"relics":["hierophant:PropheticMaskRelic","NeowsBlessing","ReplayTheSpireMod:Shallot","ReplayTheSpireMod:TigerMarble","Mango","Peace Pipe","ReplayTheSpireMod:DimensionalGlitch","DollysMirror","Bird Faced Urn","Replay:Rubber Ducky","TungstenRod","Golden Egg","Anchor","wanderingMiniBosses:OtherGremlinHorn","Orrery","Quantum Egg","Pondfish Scales","ReplayTheSpireMod:Lightbulb","Centennial Puzzle"],"acts_visited":["Exordium","TheCity","TheBeyond","TheEnding"],"potions_floor_usage":[10,10,14,24,56,56],"damage_taken":[{"damage":0,"enemies":"Small Slimes","floor":1,"turns":2},{"damage":0,"enemies":"Cultist","floor":4,"turns":1},{"damage":0,"enemies":"Gremlin Nob","floor":6,"turns":1},{"damage":0,"enemies":"2 Louse","floor":7,"turns":2},{"damage":18,"enemies":"Lagavulin","floor":10,"turns":4},{"damage":0,"enemies":"2 Fungi Beasts","floor":11,"turns":3},{"damage":16,"enemies":"Large Slime","floor":14,"turns":5},{"damage":49,"enemies":"The Guardian","floor":16,"turns":12},{"damage":0,"enemies":"Spheric Guardian","floor":18,"turns":2},{"damage":0,"enemies":"Chosen","floor":20,"turns":1},{"damage":0,"enemies":"Sentry and Sphere","floor":22,"turns":2},{"damage":0,"enemies":"Slavers","floor":24,"turns":2},{"damage":0,"enemies":"Colosseum Slavers","floor":28,"turns":3},{"damage":0,"enemies":"Colosseum Nobs","floor":28,"turns":2},{"damage":0,"enemies":"Book of Stabbing","floor":29,"turns":2},{"damage":0,"enemies":"Centurion and Healer","floor":31,"turns":3},{"damage":0,"enemies":"Collector","floor":33,"turns":3},{"damage":50,"enemies":"3 Shapes","floor":35,"turns":6},{"damage":0,"enemies":"3 Darklings","floor":36,"turns":1},{"damage":0,"enemies":"Spire Growth","floor":38,"turns":3},{"damage":12,"enemies":"Nemesis","floor":40,"turns":7},{"damage":0,"enemies":"Reptomancer","floor":42,"turns":2},{"damage":0,"enemies":"R_Hoarder","floor":44,"turns":6},{"damage":0,"enemies":"Transient","floor":46,"turns":4},{"damage":0,"enemies":"Writhing Mass","floor":47,"turns":1},{"damage":0,"enemies":"Spire Growth","floor":48,"turns":2},{"damage":0,"enemies":"Replay:Hell Engine","floor":50,"turns":2},{"damage":0,"enemies":"Awakened One","floor":51,"turns":4},{"damage":0,"enemies":"Shield and Spear","floor":55,"turns":2},{"damage":10,"enemies":"The Heart","floor":56,"turns":7}],"seed_played":"-5073390622981856691","potions_obtained":[{"floor":4,"key":"champ:CounterPotion"},{"floor":6,"key":"Cursed Concoction"},{"floor":7,"key":"Fire Potion"},{"floor":10,"key":"ColorlessPotion"},{"floor":16,"key":"SkillPotion"},{"floor":20,"key":"Milkshake"},{"floor":22,"key":"Dexterity Potion"},{"floor":35,"key":"SteroidPotion"},{"floor":42,"key":"Slimebound:ThreeZeroPotion"}],"is_trial":false,"path_per_floor":["M","?","?","M","T","E","M","R","T","E","M","R","$","M","R","B",null,"M","$","M","?","M","R","E","R","T","R","?","E","R","M","R","B",null,"M","M","?","M","$","E","R","E","T","E","?","M","M","M","R","B","B",null,"R","$","E","B",null],"character_chosen":"HIEROPHANT","items_purchased":["hierophant:Zeal","DollysMirror","Orrery"],"campfire_rested":0,"item_purchase_floors":[13,19,39],"current_hp_per_floor":[68,73,73,73,73,73,73,73,87,69,69,69,69,53,53,4,72,72,72,72,72,72,72,72,72,72,72,75,76,76,81,81,84,92,43,44,44,45,45,37,37,39,39,52,94,94,94,94,94,94,94,94,94,94,94,84],"gold":207,"neow_bonus":"THREE_ENEMY_KILL","is_daily":false,"chose_seed":false,"campfire_upgraded":5,"win_rate":0.0,"timestamp":1608431985,"path_taken":["M","?","?","?","?","E","M","R","T","E","M","R","$","M","R","BOSS","M","$","M","?","M","R","E","R","T","R","?","E","R","M","R","BOSS","M","M","?","M","$","E","R","E","T","E","?","M","M","?","R","BOSS","BOSS","R","$","E","BOSS"],"items_purchased_type":["Card","Relic","Relic"],"build_version":"2020-12-13","purchased_purges":2,"victory":true,"max_hp_per_floor":[75,80,80,80,80,80,80,80,94,94,94,94,94,94,94,94,94,94,94,94,94,94,94,94,94,94,94,94,94,94,94,94,94,94,94,94,94,94,94,94,94,94,94,94,94,94,94,94,94,94,94,94,94,94,94,94],"card_choices":[{"not_picked":["hierophant:MorningPrayer","hierophant:HolyVerse"],"picked":"hierophant:Shelter","floor":1},{"not_picked":["hierophant:Encroach","hierophant:SealAway"],"picked":"hierophant:Community","floor":4},{"not_picked":["hierophant:HolyVerse","hierophant:Shelter","hierophant:Generosity"],"picked":"SKIP","floor":6},{"not_picked":["hierophant:Zeal","hierophant:EyeForCoin"],"picked":"hierophant:Upheaval","floor":7},{"not_picked":["hierophant:FlamingChariot","hierophant:Purify","hierophant:Shelter"],"picked":"SKIP","floor":10},{"not_picked":["hierophant:Embezzle","hierophant:OrnateBuckler","hierophant:Chorus"],"picked":"SKIP","floor":11},{"not_picked":["hierophant:Prophecy","hierophant:ThreeLashes"],"picked":"hierophant:HammerAndAnvil","floor":14},{"not_picked":["hierophant:Remorse","hierophant:RecallFunds","hierophant:Doubloon"],"picked":"SKIP","floor":18},{"not_picked":["hierophant:PassingBell","hierophant:DisplayOfPower"],"picked":"hierophant:Alms","floor":20},{"not_picked":["hierophant:DisplayOfPower","hierophant:Community"],"picked":"hierophant:SealAway","floor":22},{"not_picked":["hierophant:Embezzle","hierophant:PassingBell+1","hierophant:Patience"],"picked":"SKIP","floor":24},{"not_picked":["hierophant:FaithHealing+1","hierophant:Zeal"],"picked":"hierophant:Chorus","floor":28},{"not_picked":["hierophant:Flagellation","hierophant:Blessing","hierophant:Refuge"],"picked":"SKIP","floor":29},{"not_picked":["hierophant:Doubloon","hierophant:MintersHammer"],"picked":"hierophant:MirrorShield","floor":31},{"not_picked":["hierophant:PassingBell+1","hierophant:Shelter","hierophant:RepressedViolence"],"picked":"SKIP","floor":35},{"not_picked":["hierophant:PassingBell+1","hierophant:Shelter","hierophant:RepressedViolence"],"picked":"SKIP","floor":35},{"not_picked":["hierophant:HolyVerse","hierophant:DisplayOfPower+1"],"picked":"hierophant:Rebuild+1","floor":36},{"not_picked":["hierophant:SealAway","hierophant:CoinFling","hierophant:SecretStash+1"],"picked":"SKIP","floor":38},{"not_picked":["hierophant:Refuge","hierophant:Alms"],"picked":"hierophant:Exaltation+1","floor":39},{"not_picked":["hierophant:EyeForCoin+1","hierophant:Encroach"],"picked":"hierophant:Glossolalia+1","floor":39},{"not_picked":["hierophant:RepressedViolence","hierophant:Doubloon","hierophant:Dazzle+1"],"picked":"SKIP","floor":40},{"not_picked":["hierophant:Refuge","hierophant:DeathKnell"],"picked":"hierophant:Encroach","floor":42},{"not_picked":["hierophant:RustyCrate","hierophant:Zeal"],"picked":"hierophant:Upheaval+1","floor":44},{"not_picked":["hierophant:HolyVerse+1","hierophant:Empathy","hierophant:SecretStash"],"picked":"SKIP","floor":46},{"not_picked":["hierophant:Doubloon","hierophant:Dazzle","hierophant:RepressedViolence"],"picked":"SKIP","floor":47},{"not_picked":["hierophant:Smite","hierophant:Glossolalia","hierophant:Encroach"],"picked":"SKIP","floor":48},{"not_picked":["hierophant:SecretStash","hierophant:Bribe","hierophant:MorningPrayer+1"],"picked":"SKIP","floor":55}],"player_experience":1280045,"relics_obtained":[{"floor":5,"key":"ReplayTheSpireMod:Shallot"},{"floor":6,"key":"ReplayTheSpireMod:TigerMarble"},{"floor":9,"key":"Mango"},{"floor":10,"key":"Peace Pipe"},{"floor":24,"key":"Bird Faced Urn"},{"floor":26,"key":"Replay:Rubber Ducky"},{"floor":28,"key":"TungstenRod"},{"floor":28,"key":"Golden Egg"},{"floor":29,"key":"Anchor"},{"floor":35,"key":"wanderingMiniBosses:OtherGremlinHorn"},{"floor":40,"key":"Quantum Egg"},{"floor":42,"key":"Pondfish Scales"},{"floor":44,"key":"ReplayTheSpireMod:Lightbulb"},{"floor":55,"key":"Centennial Puzzle"}],"event_choices":[{"damage_healed":0,"gold_gain":0,"player_choice":"Donut","damage_taken":0,"max_hp_gain":5,"max_hp_loss":0,"event_name":"Big Fish","floor":2,"gold_loss":0},{"cards_removed":["hierophant:Defend_Hierophant"],"damage_healed":0,"gold_gain":0,"player_choice":"Purged","damage_taken":0,"max_hp_gain":0,"max_hp_loss":0,"event_name":"Purifier","floor":3,"gold_loss":0},{"damage_healed":0,"gold_gain":0,"player_choice":"Fight","damage_taken":0,"max_hp_gain":0,"max_hp_loss":0,"event_name":"Colosseum","floor":28,"gold_loss":0},{"damage_healed":0,"gold_gain":0,"player_choice":"Fought Nobs","damage_taken":0,"max_hp_gain":0,"max_hp_loss":0,"event_name":"Colosseum","floor":28,"gold_loss":0},{"damage_healed":0,"gold_gain":0,"player_choice":"Ignored","damage_taken":0,"max_hp_gain":0,"max_hp_loss":0,"event_name":"The Moai Head","floor":37,"gold_loss":0},{"damage_healed":42,"gold_gain":0,"player_choice":"Full Heal","damage_taken":0,"max_hp_gain":0,"max_hp_loss":0,"event_name":"Wheel of Change","floor":45,"gold_loss":0}],"is_beta":false,"boss_relics":[{"not_picked":["ChewingGum","Pandora\u0027s Box"],"picked":"ReplayTheSpireMod:DimensionalGlitch"},{"not_picked":["Snecko Eye","Runic Dome","Painkiller Herb"]}],"items_purged_floors":[13,39],"is_endless":false,"potions_floor_spawned":[4,6,7,10,16,20,22,28,35,38,42,46],"ascension_level":20}}