{"host":"ssbj2e5691x5ub3h","time":1608486303,"event":{"mods":["BaseMod","Duelist Mod","Minty Spire (QoL Compilation)","StSLib"],"gold_per_floor":[135,146,146,158,175,175,203,203,203,55,67,242,269,269,269,367,367,386,386,403,418,418,449,449,469,522,522,534,548,568,599,599,702,702,712,727,427,437,437,437,452,452,477,491,511,523,534,552,552,552,552],"floor_reached":50,"playtime":2569,"items_purged":["theDuelist:Sparks"],"score":592,"play_id":"d28f3279-4e0d-45a9-ad20-695f313ad44f","local_time":"20201220154503","is_ascension_mode":true,"campfire_choices":[{"data":"theDuelist:QueenDragunDjinn","floor":6,"key":"SMITH"},{"floor":8,"key":"REST"},{"data":"theDuelist:StardustDragon","floor":15,"key":"SMITH"},{"data":"theDuelist:ChimeratechOverdragon","floor":24,"key":"SMITH"},{"floor":27,"key":"REST"},{"floor":32,"key":"REST"},{"floor":40,"key":"REST"},{"data":"theDuelist:TotemDragon","floor":42,"key":"SMITH"},{"floor":49,"key":"REST"}],"circlet_count":0,"master_deck":["theDuelist:BabyDragon","theDuelist:CastleWalls","theDuelist:CastleWalls","theDuelist:CaveDragon","theDuelist:CaveDragon","theDuelist:LesserDragon","theDuelist:LesserDragon","theDuelist:YamataDragon","theDuelist:DoomkaiserDragon","theDuelist:LavaDragon","theDuelist:Mountain","theDuelist:MythicWaterDragon","theDuelist:QueenDragunDjinn+1","theDuelist:TotemDragon+1","theDuelist:StardustDragon+1","Doubt","theDuelist:ChimeratechOverdragon","theDuelist:ChimeratechOverdragon+1","theDuelist:FluteSummoning+1","theDuelist:MegafleetDragon+1","theDuelist:MirageDragon","theDuelist:RedRisingDragon","theDuelist:GenesisDragon+1","theDuelist:Lancephorhynchus","theDuelist:MaskedDragon","theDuelist:CyberDragonCore","theDuelist:CastleDragonSouls","theDuelist:WingedDragonRa+1","theDuelist:GenesisDragon+1","theDuelist:LordD+1","theDuelist:GenesisDragon+1","theDuelist:GenesisDragon+1","theDuelist:ChimeratechOverdragon+1","theDuelist:WhiteNightDragon","theDuelist:GenesisDragon+1","theDuelist:GenesisDragon+1","theDuelist:BlueEyesUltimate","theDuelist:GenesisDragon+1","theDuelist:GenesisDragon+1","theDuelist:GenesisDragon+1","theDuelist:GenesisDragon+1","theDuelist:GenesisDragon+1","theDuelist:GenesisDragon+1","theDuelist:GenesisDragon+1","theDuelist:GenesisDragon+1","theDuelist:CyberDragonVier","theDuelist:GenesisDragon+1","theDuelist:GenesisDragon+1","theDuelist:GenesisDragon+1","theDuelist:GenesisDragon+1","theDuelist:GenesisDragon+1","theDuelist:SilverWing","theDuelist:GenesisDragon+1","theDuelist:GenesisDragon+1","theDuelist:GenesisDragon+1","theDuelist:GenesisDragon+1","theDuelist:GenesisDragon+1","theDuelist:DragonMastery","theDuelist:GenesisDragon+1","theDuelist:GenesisDragon+1","theDuelist:GenesisDragon+1","theDuelist:GenesisDragon+1","theDuelist:GenesisDragon+1","theDuelist:GenesisDragon+1","theDuelist:GenesisDragon+1","theDuelist:GenesisDragon+1","theDuelist:GenesisDragon+1","theDuelist:GenesisDragon+1","theDuelist:GenesisDragon+1","theDuelist:GenesisDragon+1","theDuelist:GenesisDragon+1","theDuelist:GenesisDragon+1","theDuelist:GenesisDragon+1","theDuelist:GenesisDragon+1","theDuelist:GenesisDragon+1"],"relics":["theDuelist:MillenniumPuzzle","theDuelist:CardPoolRelic","theDuelist:CardPoolBasicRelic","theDuelist:BoosterPackPoolRelic","theDuelist:CardPoolAddRelic","theDuelist:CardPoolMinusRelic","theDuelist:CardPoolSaveRelic","theDuelist:CardPoolOptionsRelic","Strawberry","Self Forming Clay","Odd Mushroom","Mark of Pain","theDuelist:SpellMaxHPRelic","Red Skull","Bag of Preparation","Busted Crown","Centennial Puzzle","theDuelist:SummonAnchor","Art of War"],"acts_visited":["Exordium","TheCity","TheBeyond"],"potions_floor_usage":[16,21,31,31,33,41,50,50],"damage_taken":[{"damage":5,"enemies":"Jaw Worm","floor":1,"turns":3},{"damage":2,"enemies":"Cultist","floor":2,"turns":3},{"damage":5,"enemies":"2 Louse","floor":4,"turns":3},{"damage":2,"enemies":"Blue Slaver","floor":5,"turns":3},{"damage":31,"enemies":"Gremlin Nob","floor":7,"turns":5},{"damage":0,"enemies":"Large Slime","floor":11,"turns":5},{"damage":10,"enemies":"The Mushroom Lair","floor":13,"turns":6},{"damage":18,"enemies":"Slime Boss","floor":16,"turns":7},{"damage":14,"enemies":"2 Thieves","floor":18,"turns":4},{"damage":0,"enemies":"Chosen","floor":20,"turns":4},{"damage":16,"enemies":"Snake Plant","floor":21,"turns":4},{"damage":2,"enemies":"theDuelist:KaibaA2","floor":23,"turns":4},{"damage":20,"enemies":"Centurion and Healer","floor":25,"turns":6},{"damage":0,"enemies":"Cultist and Chosen","floor":28,"turns":4},{"damage":12,"enemies":"3 Cultists","floor":29,"turns":4},{"damage":15,"enemies":"Chosen and Byrds","floor":30,"turns":5},{"damage":26,"enemies":"Gremlin Leader","floor":31,"turns":6},{"damage":16,"enemies":"Automaton","floor":33,"turns":6},{"damage":3,"enemies":"Orb Walker","floor":35,"turns":2},{"damage":12,"enemies":"3 Shapes","floor":36,"turns":3},{"damage":42,"enemies":"Writhing Mass","floor":38,"turns":4},{"damage":0,"enemies":"Maw","floor":41,"turns":5},{"damage":6,"enemies":"Spire Growth","floor":44,"turns":3},{"damage":23,"enemies":"4 Shapes","floor":45,"turns":4},{"damage":4,"enemies":"3 Darklings","floor":46,"turns":4},{"damage":0,"enemies":"Transient","floor":47,"turns":5},{"damage":10,"enemies":"Sphere and 2 Shapes","floor":48,"turns":3},{"damage":43,"enemies":"Time Eater","floor":50,"turns":4}],"seed_played":"-3778614936589182450","potions_obtained":[{"floor":1,"key":"Swift Potion"},{"floor":7,"key":"ColorlessPotion"},{"floor":11,"key":"theDuelist:DebuffFuryPotion"},{"floor":16,"key":"theDuelist:StunPotion"},{"floor":21,"key":"theDuelist:WaterBottle"},{"floor":23,"key":"CultistPotion"},{"floor":31,"key":"theDuelist:BabyPotion"},{"floor":35,"key":"Strength Potion"},{"floor":44,"key":"theDuelist:BottledKuriboh"},{"floor":46,"key":"theDuelist:SummonArmorPotion"}],"is_trial":false,"path_per_floor":["M","M","?","M","M","R","E","R","T","$","M","?","?","?","R","B",null,"M","?","M","M","?","E","R","M","T","R","M","M","M","E","R","B",null,"M","M","$","M","?","R","M","R","T","M","M","M","M","M","R","B"],"character_chosen":"THE_DUELIST","items_purchased":["theDuelist:StardustDragon","theDuelist:WhiteNightDragon","Centennial Puzzle"],"campfire_rested":5,"item_purchase_floors":[10,37,37],"current_hp_per_floor":[75,73,73,68,66,66,42,68,68,68,68,68,58,58,58,40,87,73,73,73,57,57,55,55,35,35,61,61,49,34,8,34,18,87,84,72,72,30,24,50,50,50,50,44,22,19,19,9,35,0,0],"gold":552,"neow_bonus":"ONE_RANDOM_RARE_CARD","is_daily":false,"chose_seed":false,"campfire_upgraded":4,"win_rate":0.0,"timestamp":1608486303,"path_taken":["M","M","?","M","?","R","E","R","T","$","M","?","?","?","R","BOSS","M","?","M","?","?","E","R","M","T","R","M","M","M","E","R","BOSS","M","M","$","M","?","R","?","R","T","?","M","M","M","M","R","BOSS"],"items_purchased_type":["Card","Card","Relic"],"build_version":"2020-12-13","purchased_purges":1,"victory":false,"max_hp_per_floor":[80,80,80,80,80,80,87,87,87,87,87,87,87,87,87,87,87,87,87,87,87,87,87,87,87,87,87,87,87,87,87,87,87,87,87,87,87,87,87,87,87,87,87,87,88,89,89,89,89,89,89],"card_choices":[{"not_picked":["theDuelist:Pyrorex","theDuelist:ScrapIronScarecrow","theDuelist:YamataDragon","theDuelist:AncientRules"],"picked":"theDuelist:LavaDragon","floor":1},{"not_picked":["theDuelist:DragonTreasure","theDuelist:CyberDragonSieger","theDuelist:Berserking"],"picked":"theDuelist:Mountain","floor":2},{"not_picked":["theDuelist:JurassicImpact","theDuelist:CyberLaserDragon","theDuelist:CyberEmergency","theDuelist:BerserkerSoul"],"picked":"theDuelist:MythicWaterDragon","floor":4},{"not_picked":["theDuelist:TailSwipe","theDuelist:OceanDragonLord","theDuelist:DoomkaiserDragon","theDuelist:BSkullDragon"],"picked":"theDuelist:QueenDragunDjinn","floor":5},{"not_picked":["theDuelist:MiraculousDescent","theDuelist:DragonRavine","theDuelist:Berserking"],"picked":"theDuelist:TotemDragon","floor":7},{"not_picked":["theDuelist:SeismicShockwave","theDuelist:OceanDragonLord","theDuelist:ArmedProtectorDragon"],"picked":"SKIP","floor":11},{"not_picked":["theDuelist:StardustDragon","theDuelist:BusterBladerDDS"],"picked":"theDuelist:ChimeratechOverdragon","floor":13},{"not_picked":["theDuelist:VoidOgreDragon","theDuelist:SeismicShockwave","theDuelist:LostWorld","theDuelist:BerserkScales"],"picked":"theDuelist:ChimeratechOverdragon","floor":16},{"not_picked":["theDuelist:ViceDragon","theDuelist:BlackPtera","theDuelist:Freezadon","theDuelist:CloudianGhost"],"picked":"theDuelist:FluteSummoning+1","floor":18},{"not_picked":["theDuelist:ThunderDragon","theDuelist:SnowdustDragon","theDuelist:CyberDragonCore","theDuelist:CaveDragon"],"picked":"theDuelist:MegafleetDragon+1","floor":20},{"not_picked":["theDuelist:RedRisingDragon","theDuelist:DarkHorus","theDuelist:Freezadon","theDuelist:ExploderDragonwing"],"picked":"theDuelist:MirageDragon","floor":21},{"not_picked":["theDuelist:LesserDragon+1","theDuelist:BabyDragon","theDuelist:MoltenDestruction","theDuelist:Freezadon"],"picked":"theDuelist:RedRisingDragon","floor":23},{"not_picked":["theDuelist:AtomicScrapDragon","theDuelist:CyberEltanin","theDuelist:BackupSoldier","theDuelist:DragonShield"],"picked":"theDuelist:GenesisDragon+1","floor":25},{"not_picked":["theDuelist:FireDarts","theDuelist:WaterDragonCluster","theDuelist:BarrelDragon","theDuelist:SeismicShockwave"],"picked":"theDuelist:Lancephorhynchus","floor":28},{"not_picked":["theDuelist:MadSwordBeast","theDuelist:MadFlameKaiju","theDuelist:FiendSkull+1","theDuelist:BarrelDragon+1"],"picked":"theDuelist:MaskedDragon","floor":29},{"not_picked":["theDuelist:CyberDinosaur","theDuelist:BlackBrutdrago","theDuelist:BusterDrake","theDuelist:AncientDragon"],"picked":"theDuelist:CyberDragonCore","floor":30},{"not_picked":["theDuelist:ThreateningRoar","theDuelist:SafeZone","theDuelist:DragonCaptureJar","theDuelist:ArtifactSanctum"],"picked":"theDuelist:CastleDragonSouls","floor":31},{"not_picked":["theDuelist:Lancephorhynchus","theDuelist:BlasterDragonInfernos","theDuelist:BSkullDragon","theDuelist:ArmedProtectorDragon"],"picked":"theDuelist:WingedDragonRa+1","floor":33},{"not_picked":["theDuelist:Pyrorex","theDuelist:SnowDragon+1"],"picked":"theDuelist:LordD+1","floor":35},{"not_picked":["theDuelist:CaveDragon","theDuelist:CyberDragonCore"],"picked":"theDuelist:ChimeratechOverdragon+1","floor":36},{"not_picked":["theDuelist:VoidOgreDragon","theDuelist:Lancephorhynchus+1"],"picked":"theDuelist:BlueEyesUltimate","floor":38},{"not_picked":["theDuelist:LesserDragon+1","theDuelist:DefenseZone+1","theDuelist:CyberLaserDragon+1"],"picked":"SKIP","floor":41},{"not_picked":["theDuelist:YamataDragon+1","theDuelist:SphereChaos+1"],"picked":"theDuelist:CyberDragonVier","floor":44},{"not_picked":["theDuelist:DragonRavine","theDuelist:CyberRevsystem"],"picked":"theDuelist:SilverWing","floor":45},{"not_picked":["theDuelist:GravityLash+1","theDuelist:ArtifactIgnition+1"],"picked":"theDuelist:DragonMastery","floor":46},{"not_picked":["theDuelist:ViceDragon","theDuelist:Kabazauls+1","theDuelist:CyberDinosaur"],"picked":"SKIP","floor":47},{"not_picked":["theDuelist:TailSwipe+1","theDuelist:GravityLash","theDuelist:ArtifactIgnition+1"],"picked":"SKIP","floor":48}],"player_experience":156860,"relics_obtained":[{"floor":7,"key":"Strawberry"},{"floor":9,"key":"Self Forming Clay"},{"floor":13,"key":"Odd Mushroom"},{"floor":23,"key":"theDuelist:SpellMaxHPRelic"},{"floor":26,"key":"Red Skull"},{"floor":31,"key":"Bag of Preparation"},{"floor":43,"key":"Art of War"}],"event_choices":[{"cards_removed":["theDuelist:Sparks"],"damage_healed":0,"gold_gain":0,"player_choice":"Purged","damage_taken":0,"max_hp_gain":0,"max_hp_loss":0,"event_name":"Purifier","floor":3,"gold_loss":0},{"damage_healed":0,"gold_gain":175,"player_choice":"AGREE","damage_taken":0,"max_hp_gain":0,"max_hp_loss":0,"event_name":"Liars Game","floor":12,"gold_loss":0,"cards_obtained":["Doubt"]},{"damage_healed":0,"gold_gain":0,"player_choice":"Fought Mushrooms","damage_taken":0,"max_hp_gain":0,"max_hp_loss":0,"event_name":"Mushrooms","floor":13,"gold_loss":0},{"total_magic_score":46,"gold_gain":0,"duelist":true,"damage_taken":0,"relics_obtained":[],"points":3,"max_hp_gain":0,"max_hp_loss":0,"spent_points":{"magic":3,"greed":0,"war":0,"power":0,"hunger":0},"event_name":"Nameless Tomb","floor":14,"gold_loss":0,"cards_obtained":[]},{"max_hp_gain":0,"max_hp_loss":0,"total_magic_score":50,"gold_gain":0,"event_name":"Nameless Tomb","duelist":true,"floor":19,"gold_loss":0,"damage_taken":0,"cards_obtained":[],"relics_obtained":[],"points":7},{"damage_healed":0,"gold_gain":0,"player_choice":"Ignored","damage_taken":0,"max_hp_gain":0,"max_hp_loss":0,"event_name":"The Mausoleum","floor":22,"gold_loss":0},{"damage_healed":0,"gold_gain":0,"player_choice":"Dig - random Duelist relic","duelist":true,"damage_taken":0,"max_hp_gain":0,"max_hp_loss":0,"event_name":"Aknamkanon\u0027s Tomb","floor":39,"gold_loss":0}],"is_beta":false,"boss_relics":[{"not_picked":["Empty Cage","Black Star"],"picked":"Mark of Pain"},{"not_picked":["Runic Cube","Runic Pyramid"],"picked":"Busted Crown"}],"items_purged_floors":[37],"is_endless":false,"potions_floor_spawned":[1,7,11,16,21,23,25,31,35,44,46,47],"killed_by":"Time Eater","ascension_level":1}}