{"host":"avjwtc49fhlk6kym","time":1608485494,"event":{"mods":["AchievementEnabler","BaseMod","Better Match","Better Note","Better Third Choice","Colored Map","Colored Powertips","Displayed Cursed Tome","Highlight Path","Minty Spire (QoL Compilation)","Permanent Neow","Quick Restart","StSLib"],"gold_per_floor":[114,130,149,169,183,208,208,226,226,226,258,278,292,292,292,392,392,410,420,420,431,22,22,35,63,133,164,164,183,183,103,103,200,200,219,232,232,252,267,267,302,5,29,40,40,72,90,140,140,140],"floor_reached":51,"playtime":2535,"items_purged":["Nirvana+1","Defend_P","Strike_P"],"score":838,"play_id":"46bbf65a-93a1-4f33-a399-df77004f151a","local_time":"20201220123134","is_ascension_mode":false,"campfire_choices":[{"data":"Eruption","floor":7.0,"key":"SMITH"},{"floor":10.0,"key":"REST"},{"floor":15.0,"key":"REST"},{"data":"CrushJoints","floor":23.0,"key":"SMITH"},{"floor":28.0,"key":"REST"},{"floor":30.0,"key":"REST"},{"data":"Devotion","floor":32.0,"key":"SMITH"},{"floor":40.0,"key":"REST"},{"floor":49,"key":"REST"}],"circlet_count":0,"master_deck":["Strike_P+1","Defend_P","Defend_P","Defend_P","Eruption+1","Vigilance+1","Consecrate","FollowUp+1","InnerPeace+1","WheelKick+1","LessonLearned","Protect+1","FearNoEvil+1","ReachHeaven+1","CrushJoints+1","Evaluate","Berserk+1","Brilliance","Study+1","ReachHeaven","ThirdEye","PathToVictory+1","Devotion+1","ThirdEye+1","SandsOfTime","Judgement","Wallop","BowlingBash+1","BowlingBash","PathToVictory","PathToVictory+1","Trip","SandsOfTime+1","Conclude+1","CarveReality+1"],"relics":["PureWater","CloakClasp","Bag of Preparation","The Courier","StrikeDummy","Akabeko","Empty Cage","Lee\u0027s Waffle","Whetstone","Anchor","Regal Pillow","Meat on the Bone","Letter Opener","Sozu","Bronze Scales","Oddly Smooth Stone","Singing Bowl","Dead Branch"],"acts_visited":["Exordium","TheCity","TheBeyond"],"potions_floor_usage":[],"damage_taken":[{"damage":0.0,"enemies":"Cultist","floor":1.0,"turns":2.0},{"damage":0.0,"enemies":"2 Louse","floor":2.0,"turns":3.0},{"damage":0.0,"enemies":"Small Slimes","floor":3.0,"turns":3.0},{"damage":5.0,"enemies":"Exordium Thugs","floor":4.0,"turns":5.0},{"damage":0.0,"enemies":"Red Slaver","floor":5.0,"turns":4.0},{"damage":19.0,"enemies":"Lagavulin","floor":6.0,"turns":8.0},{"damage":0.0,"enemies":"Blue Slaver","floor":8.0,"turns":2.0},{"damage":16.0,"enemies":"Gremlin Nob","floor":11.0,"turns":4.0},{"damage":3.0,"enemies":"Looter","floor":12.0,"turns":2.0},{"damage":0.0,"enemies":"Large Slime","floor":13.0,"turns":5.0},{"damage":0.0,"enemies":"Slime Boss","floor":16.0,"turns":4.0},{"damage":15.0,"enemies":"Shell Parasite","floor":18.0,"turns":6.0},{"damage":3.0,"enemies":"Chosen","floor":19.0,"turns":3.0},{"damage":22.0,"enemies":"Centurion and Healer","floor":21.0,"turns":6.0},{"damage":15.0,"enemies":"Chosen and Byrds","floor":24.0,"turns":7.0},{"damage":32.0,"enemies":"Slavers","floor":25.0,"turns":4.0},{"damage":27.0,"enemies":"Book of Stabbing","floor":27.0,"turns":4.0},{"damage":29.0,"enemies":"Sentry and Sphere","floor":29.0,"turns":6.0},{"damage":35.0,"enemies":"Champ","floor":33.0,"turns":6.0},{"damage":0.0,"enemies":"Orb Walker","floor":35.0,"turns":3.0},{"damage":30.0,"enemies":"3 Darklings","floor":36.0,"turns":4.0},{"damage":0.0,"enemies":"Maw","floor":38.0,"turns":6.0},{"damage":0.0,"enemies":"Sphere and 2 Shapes","floor":39.0,"turns":3.0},{"damage":67.0,"enemies":"Giant Head","floor":41.0,"turns":9.0},{"damage":1,"enemies":"4 Shapes","floor":44,"turns":6},{"damage":23,"enemies":"Reptomancer","floor":46,"turns":4},{"damage":8,"enemies":"3 Darklings","floor":47,"turns":4},{"damage":0,"enemies":"Mind Bloom Boss Battle","floor":48,"turns":5},{"damage":36,"enemies":"Time Eater","floor":50,"turns":8}],"seed_played":"2803802955860760526","potions_obtained":[{"floor":2.0,"key":"SneckoOil"},{"floor":5.0,"key":"Block Potion"},{"floor":6.0,"key":"DistilledChaos"},{"floor":11.0,"key":"CultistPotion"},{"floor":13.0,"key":"AttackPotion"},{"floor":19.0,"key":"Regen Potion"},{"floor":24.0,"key":"LiquidBronze"},{"floor":33.0,"key":"LiquidMemories"}],"is_trial":false,"path_per_floor":["M","M","M","M","M","E","R","M","T","R","E","M","M","?","R","B",null,"M","M","?","M","$","R","M","E","T","E","R","M","R","$","R","B",null,"M","M","?","M","M","R","E","$","T","M","$","E","M","?","R","B",null],"character_chosen":"WATCHER","items_purchased":["Lee\u0027s Waffle","Whetstone","Anchor","Trip","Oddly Smooth Stone"],"campfire_rested":6,"item_purchase_floors":[22,22,22,42,42],"current_hp_per_floor":[51,51,51,46,46,27,27,27,27,48,32,29,29,6,27,27,72,57,54,54,46,79,79,64,32,32,17,55,38,76,76,76,41,79,79,49,49,49,49,79,24,24,24,35,35,24,30,42,81,45],"gold":140,"neow_bonus":"ONE_RARE_RELIC","is_daily":false,"chose_seed":false,"campfire_upgraded":3,"win_rate":0.0,"timestamp":1608485494,"path_taken":["M","M","M","M","M","E","R","M","T","R","E","M","M","?","R","BOSS","M","M","?","M","$","R","M","E","T","E","R","?","R","$","R","BOSS","M","M","?","M","M","R","E","$","T","M","?","E","?","?","R","BOSS"],"items_purchased_type":["Relic","Relic","Relic","Card","Relic"],"build_version":"2020-12-13","purchased_purges":3,"victory":true,"max_hp_per_floor":[72,72,72,72,72,72,72,72,72,72,72,72,72,72,72,72,72,72,72,72,72,79,79,79,79,79,79,79,79,79,79,79,79,79,79,79,79,79,79,79,79,79,79,79,79,79,81,81,81,81],"card_choices":[{"not_picked":["Crescendo","Pray"],"picked":"Consecrate","floor":1.0},{"not_picked":["SashWhip","Collect"],"picked":"FollowUp","floor":2.0},{"not_picked":["Consecrate","ThirdEye"],"picked":"InnerPeace","floor":3.0},{"not_picked":["ThirdEye","Consecrate"],"picked":"WheelKick","floor":4.0},{"not_picked":["Consecrate","FlurryOfBlows"],"picked":"LessonLearned","floor":5.0},{"not_picked":["MentalFortress","Adaptation"],"picked":"Protect","floor":6.0},{"not_picked":["JustLucky","Halt"],"picked":"FearNoEvil","floor":8.0},{"not_picked":["CrushJoints","FlyingSleeves"],"picked":"ReachHeaven","floor":11.0},{"not_picked":["EmptyFist","Consecrate"],"picked":"CrushJoints","floor":12.0},{"not_picked":["Crescendo","EmptyFist"],"picked":"Evaluate","floor":13.0},{"not_picked":["Vault","Alpha"],"picked":"Brilliance","floor":16.0},{"not_picked":["Pray","FlyingSleeves+1"],"picked":"Study+1","floor":18.0},{"not_picked":["MentalFortress","EmptyBody"],"picked":"ReachHeaven","floor":19.0},{"not_picked":["Evaluate","MentalFortress+1"],"picked":"ThirdEye","floor":21.0},{"not_picked":["Study","SignatureMove"],"picked":"PathToVictory+1","floor":24.0},{"not_picked":["MentalFortress","Consecrate"],"picked":"Devotion","floor":25.0},{"not_picked":["Ragnarok","EmptyBody+1"],"picked":"ThirdEye","floor":27.0},{"not_picked":["FollowUp+1","Worship"],"picked":"SandsOfTime","floor":29.0},{"not_picked":["LessonLearned","SpiritShield"],"picked":"Judgement","floor":33.0},{"not_picked":["Consecrate+1","FlurryOfBlows+1"],"picked":"Wallop","floor":35.0},{"not_picked":["FlyingSleeves+1","FollowUp"],"picked":"BowlingBash+1","floor":36.0},{"not_picked":["WheelKick+1","DeceiveReality"],"picked":"BowlingBash","floor":38.0},{"not_picked":["Protect","MentalFortress+1"],"picked":"PathToVictory","floor":39.0},{"not_picked":["SashWhip","Consecrate+1"],"picked":"PathToVictory+1","floor":41.0},{"not_picked":["BowlingBash+1","WreathOfFlame+1"],"picked":"SandsOfTime+1","floor":44},{"not_picked":["Consecrate+1","FollowUp+1"],"picked":"Conclude+1","floor":46},{"not_picked":["EmptyBody+1","SignatureMove+1","Crescendo+1"],"picked":"Singing Bowl","floor":47},{"not_picked":["ReachHeaven+1","CutThroughFate"],"picked":"CarveReality+1","floor":48}],"player_experience":351302,"relics_obtained":[{"floor":6.0,"key":"Bag of Preparation"},{"floor":9.0,"key":"The Courier"},{"floor":11.0,"key":"StrikeDummy"},{"floor":25.0,"key":"Regal Pillow"},{"floor":26.0,"key":"Meat on the Bone"},{"floor":27.0,"key":"Letter Opener"},{"floor":41.0,"key":"Bronze Scales"},{"floor":46,"key":"Singing Bowl"},{"floor":48,"key":"Dead Branch"}],"event_choices":[{"damage_healed":0.0,"max_hp_gain":0.0,"max_hp_loss":0.0,"gold_gain":1.0,"event_name":"betterThird:BetterScrap","player_choice":"Card Relic ","floor":14.0,"gold_loss":0.0,"damage_taken":23.0,"cards_obtained":["Berserk","Demon Form"]},{"cards_removed":["Defend_P"],"damage_healed":0.0,"max_hp_gain":0.0,"max_hp_loss":0.0,"gold_gain":0.0,"event_name":"betterNote:BetterNote","player_choice":"Take \u0026 Give","floor":20.0,"gold_loss":0.0,"damage_taken":0.0,"cards_obtained":["Nirvana"]},{"damage_healed":0.0,"max_hp_gain":0.0,"max_hp_loss":0.0,"gold_gain":0.0,"event_name":"Lab","player_choice":"Got Potions","floor":37.0,"gold_loss":0.0,"damage_taken":0.0},{"damage_healed":0,"gold_gain":0,"player_choice":"Fight","damage_taken":0,"max_hp_gain":0,"max_hp_loss":0,"event_name":"MindBloom","floor":48,"gold_loss":0}],"is_beta":false,"boss_relics":[{"not_picked":["Ectoplasm","Fusion Hammer"],"picked":"Empty Cage"},{"not_picked":["HolyWater","Runic Pyramid"],"picked":"Sozu"}],"items_purged_floors":[22,31,42],"is_endless":false,"potions_floor_spawned":[2,5,6,11,13,19,24,33,38,41,44,47],"ascension_level":0}}