{"host":"87fdiiwflhrwsj8a","time":1608497705,"event":{"mods":["Aspiration","BaseMod","Better Match","Better Third Choice","BetterRewards","Colored Map","Downfall","GifTheSpireLib","Infinite Spire","Minty Spire (QoL Compilation)","Relic Sorter","Replay The Spire","Robot Space Explorer","StSLib","Stuff the Spire","The Cursed"],"gold_per_floor":[359,359,33,33,33,33,65,83,83,96,96,96,96],"floor_reached":12,"playtime":246,"items_purged":[],"score":152,"play_id":"412e13ff-c5d8-4e6e-90e0-dcf926326e2e","local_time":"20201220155505","is_ascension_mode":true,"campfire_choices":[{"data":"Bash","floor":6.0,"key":"SMITH"}],"circlet_count":0,"master_deck":["AscendersBane","Strike_R+1","Strike_R","Strike_R","Strike_R","Strike_R","Defend_R","Defend_R","Defend_R","Defend_R","Bash+1","Body Slam+1","Inflame+1","Pummel+1","Pummel+1"],"relics":["Burning Blood","Frozen Egg 2","Molten Egg 2","ReplayTheSpireMod:Ninjato"],"acts_visited":["Exordium"],"potions_floor_usage":[12],"damage_taken":[{"damage":13.0,"enemies":"Cultist","floor":1.0,"turns":5.0},{"damage":35.0,"enemies":"Lagavulin","floor":7.0,"turns":6.0},{"damage":7.0,"enemies":"Jaw Worm","floor":8.0,"turns":4.0},{"damage":0.0,"enemies":"2 Louse","floor":10.0,"turns":3.0},{"damage":23,"enemies":"3 Sentries","floor":12,"turns":6}],"seed_played":"5364515455010550347","potions_obtained":[{"floor":7.0,"key":"LifebloodPotion"}],"is_trial":false,"path_per_floor":["M","?","$","?","?","R","E","M","T","M","?","E"],"character_chosen":"IRONCLAD","items_purchased":["Frozen Egg 2","Inflame+1"],"campfire_rested":0,"item_purchase_floors":[3,3],"current_hp_per_floor":[43,43,43,43,43,43,14,13,13,19,19,0,0],"gold":96,"neow_bonus":"TWO_FIFTY_GOLD","is_daily":false,"chose_seed":false,"campfire_upgraded":1,"win_rate":0.0,"timestamp":1608497705,"path_taken":["M","?","$","?","?","R","E","M","T","?","?","E"],"items_purchased_type":["Relic","Card"],"build_version":"2020-12-13","purchased_purges":0,"victory":false,"max_hp_per_floor":[75,75,75,75,75,75,75,75,75,75,75,75,75],"card_choices":[{"not_picked":["StuffTheSpire:RockThrow","Entrench"],"picked":"Body Slam","floor":1.0},{"not_picked":["Flame Barrier","StuffTheSpire:BloodClot","Defy Death"],"picked":"SKIP","floor":7.0},{"not_picked":["Pommel Strike+1","Disarm"],"picked":"Pummel+1","floor":8.0},{"not_picked":["Clothesline+1","ReplayTheSpireMod:Stacked"],"picked":"Pummel+1","floor":10.0}],"player_experience":2599885,"relics_obtained":[{"floor":7.0,"key":"Molten Egg 2"},{"floor":9.0,"key":"ReplayTheSpireMod:Ninjato"}],"event_choices":[{"damage_healed":0.0,"max_hp_gain":0.0,"max_hp_loss":0.0,"gold_gain":0.0,"event_name":"Upgrade Shrine","player_choice":"Upgraded","floor":5.0,"gold_loss":0.0,"damage_taken":0.0,"cards_upgraded":["Body Slam"]},{"damage_healed":0,"gold_gain":0,"player_choice":"Searched \u00270\u0027 times","damage_taken":0,"max_hp_gain":0,"max_hp_loss":0,"event_name":"Dead Adventurer","floor":11,"gold_loss":0}],"is_beta":false,"boss_relics":[],"items_purged_floors":[],"is_endless":false,"potions_floor_spawned":[7],"killed_by":"3 Sentries","ascension_level":20}}