{"host":"g75gtovmj0ine2rf","time":1608465667,"event":{"mods":["2.2 Compatiblity","AchievementEnabler","Act Like it!","Aspiration","Astrologer","Bard","BaseMod","Better Match","BetterRewards","CapriCore","Challenge The Spire","ChefMod","Colored Map","Conspire","Energized Spire","Friendly Minions","Gensokyo","Halation","Hallownest","Hermit","HexUI Lib","Highlight Path","Hubris","Infinite Spire","Jedi Mod","Lobotomy","Minty Spire (QoL Compilation)","Puzzle Mod","Quick Restart","Rare Cards Sparkle","Relic Stats","Replay The Spire","Shade Mod","Shop Mod","Spicy Shops","StSLib","SuperFastMode","The Construct","The Cursed","The Factory","The Jungle","The Runesmith","TheBandit","TheFirefly","TheSwordswoman","TheVacant","Transform Curses","Wandering Minibosses","thorton","vexMod"],"gold_per_floor":[112,127,127,140,40,40,40],"floor_reached":6,"playtime":324,"items_purged":[],"score":36,"play_id":"fed4582f-1262-4ccb-9e31-99cf84418d4d","local_time":"20201220230107","is_ascension_mode":false,"campfire_choices":[],"circlet_count":0,"master_deck":["Strike_B","Strike_B","Strike_B","Strike_B","Defend_B","Defend_B","Defend_B","Defend_B","Zap","Dualcast","ShyLook","BasicCrystalCard+1","BeautyBeast","RedShoes","Core Surge","jedi:overflow"],"relics":["Cracked Core","CogitoBucket"],"acts_visited":["Exordium"],"potions_floor_usage":[],"damage_taken":[{"damage":0,"enemies":"Small Slimes","floor":1,"turns":3},{"damage":10,"enemies":"Jaw Worm","floor":2,"turns":4},{"damage":34,"enemies":"2 Louse","floor":4,"turns":5},{"damage":41,"enemies":"Gremlin Nob","floor":6,"turns":3}],"seed_played":"-8109030596327862953","potions_obtained":[{"floor":4,"key":"Elixir"}],"is_trial":false,"path_per_floor":["M","M","?","M","$","E"],"character_chosen":"DEFECT","items_purchased":["jedi:overflow"],"campfire_rested":0,"item_purchase_floors":[5],"current_hp_per_floor":[75,65,65,31,31,0,0],"gold":40,"neow_bonus":"","is_daily":false,"chose_seed":false,"campfire_upgraded":0,"win_rate":0.0,"timestamp":1608465667,"path_taken":["M","M","?","M","$","E"],"items_purchased_type":["Card"],"build_version":"2020-12-13","purchased_purges":0,"victory":false,"max_hp_per_floor":[75,75,75,75,75,75,75],"relic_stats":{"counters":[4,15],"obtain_stats":[{"CogitoBucket":0,"Cracked Core":0},{"CogitoBucket":0,"Cracked Core":0},{"CogitoBucket":0,"Cracked Core":0}]},"card_choices":[{"not_picked":["SpiderBud","MHz"],"picked":"ShyLook","floor":1},{"not_picked":["Turbo","Steam"],"picked":"BasicCrystalCard","floor":1},{"not_picked":["Wellcheers","CherryBlossoms"],"picked":"BeautyBeast","floor":2},{"not_picked":["Cold Snap","Stack","Coolheaded"],"picked":"SKIP","floor":2},{"not_picked":["LongBird","SpiderBud"],"picked":"RedShoes","floor":4},{"not_picked":["Stack","Hologram"],"picked":"Core Surge","floor":4}],"player_experience":1330207,"relics_obtained":[],"event_choices":[{"damage_healed":0,"gold_gain":0,"player_choice":"Grow","damage_taken":0,"max_hp_gain":0,"max_hp_loss":0,"event_name":"Living Wall","floor":3,"gold_loss":0,"cards_upgraded":["BasicCrystalCard"]}],"is_beta":false,"boss_relics":[],"items_purged_floors":[],"is_endless":false,"potions_floor_spawned":[4],"killed_by":"Gremlin Nob","ascension_level":0}}