{"host":"t6j3b2be3h8sm33f","time":1608456825,"event":{"mods":["BaseMod","Better Match","Better Skull","Colored Map","Colored Powertips","Downfall","Highlight Path","Infinite Spire","Jedi Mod","Minty Spire (QoL Compilation)","Quick Restart","Rare Cards Sparkle","Replay The Spire","StSLib","The Cursed"],"gold_per_floor":[99,117,136,136,150,179,259,259,259,290,302,321,334,346,366,463,563,563,576,289,289,289,289,363,395,412,412,360,377,51,61,79,184,184,184,218,218,218,249,249,349,349,422,422,435,469,332,344,356,373,384,485,485,485,504,537,555,555,414,440,454,454,479,492,513,525,538,551,656,656,656,687,687,706,806,834,834,834],"floor_reached":77,"playtime":5877,"items_purged":["Guardian:Strike_Guardian","Guardian:Strike_Guardian"],"score":1602,"play_id":"5d428f33-d9d4-4cb2-b4f3-64528452f022","local_time":"20201220043345","is_ascension_mode":false,"campfire_choices":[{"floor":1.0,"key":"DIG"},{"floor":8.0,"key":"REST"},{"data":"Guardian:ExploitGems","floor":23.0,"key":"SMITH"},{"data":"Guardian:SphericShield","floor":27.0,"key":"SMITH"},{"floor":40.0,"key":"REST"},{"data":"Guardian:Emergency","floor":42.0,"key":"SMITH"},{"data":"Guardian:SpikerProtocol","floor":44.0,"key":"SMITH"},{"floor":54.0,"key":"DIG"},{"data":"infinitespire:NeuralNetwork","floor":58.0,"key":"SMITH"},{"data":"Guardian:BaubleBeam","floor":62.0,"key":"SMITH"},{"data":"Guardian:Repulse","floor":71,"key":"SMITH"}],"circlet_count":0,"master_deck":["Guardian:Defend_Guardian","Guardian:Defend_Guardian","Guardian:Defend_Guardian","Guardian:Defend_Guardian","Guardian:CurlUp","Guardian:TwinSlam","Guardian:ExploitGems+1","Guardian:SpikerProtocol+1","Guardian:PiercingHide","Guardian:Repulse+1","Guardian:SpikerProtocol","Guardian:RollAttack","Guardian:BronzeOrb","Guardian:RollAttack","Guardian:Emergency+1","Guardian:SphericShield+1","Guardian:PrimingBeam+1","Guardian:EvasiveProtocol","Guardian:PrismaticBeam+1","Guardian:SpikerProtocol+1","Guardian:Suspension","Guardian:StasisField","Guardian:ExploitGems","CurseOfTheBell","Guardian:PrimingBeam","Guardian:Planning+1","Guardian:BaubleBeam+1","Guardian:CrystalBeam","Guardian:CrystalBeam","Guardian:TemporalShield","Guardian:ChargeCore","Guardian:Suspension+1","Guardian:ChargeCore","Guardian:BronzeArmor+1","Guardian:SphericShield","ReplayTheSpireMod:Splinters","TheCursedMod:CursedWand","expansioncontent:Flail","infinitespire:NeuralNetwork+1","Guardian:Planning","Overencumbered","Guardian:StasisStrike","Guardian:ChargeUp","Guardian:Repulse","Pot Of Greed+1","Pot Of Greed","Pot Of Greed","Pot Of Greed","Pot Of Greed","Guardian:Gem_Lightblue","Clumsy","Overencumbered","Guardian:Gem_Green","J.A.X.","Guardian:StasisField","Guardian:BronzeArmor","Pot Of Greed","Guardian:SpikerProtocol+1","Guardian:Harden"],"relics":["Guardian:ModeShifterPlus","MealTicket","Replay:Bottled Snecko","Replay:Ringing Soul","Onion Ring","Replay:Wanted Poster","Happy Flower","Enchiridion","Replay:Baseball","Eternal Feather","Kunai","Anchor","ClockworkSouvenir","Calling Bell","Bag of Marbles","infinitespire:BottledMercury","FossilizedHelix","Chameleon Ring","Darkstone Periapt","Potion Belt","infinitespire:Broken Mirror","Counterbalance","Replay:Grab Bag","Coffee Dripper","Philosopher\u0027s Stone","ReplayTheSpireMod:SealedPack","Question Card","infinitespire:FocusingShard","ReplayTheSpireMod:CursedCoin","Grinning Jar","Odd Mushroom","Replay:Ancient Bell","Blood Vial","jedi:HeartOfTheCards","Ice Cream","MutagenicStrength"],"acts_visited":["Exordium","TheCity","TheBeyond","Exordium","TheCity"],"potions_floor_usage":[74],"damage_taken":[{"damage":0.0,"enemies":"Small Slimes","floor":2.0,"turns":4.0},{"damage":5.0,"enemies":"2 Louse","floor":3.0,"turns":3.0},{"damage":0.0,"enemies":"Cultist","floor":5.0,"turns":4.0},{"damage":52.0,"enemies":"Gremlin Nob","floor":6.0,"turns":6.0},{"damage":34.0,"enemies":"Lagavulin","floor":10.0,"turns":12.0},{"damage":6.0,"enemies":"Red Slaver","floor":11.0,"turns":4.0},{"damage":15.0,"enemies":"Large Slime","floor":12.0,"turns":10.0},{"damage":0.0,"enemies":"3 Louse","floor":13.0,"turns":3.0},{"damage":0.0,"enemies":"Blue Slaver","floor":14.0,"turns":2.0},{"damage":0.0,"enemies":"Large Slime","floor":15.0,"turns":5.0},{"damage":24.0,"enemies":"downfall:Watcher","floor":16.0,"turns":9.0},{"damage":16.0,"enemies":"Chosen","floor":19.0,"turns":7.0},{"damage":0.0,"enemies":"downfall:FleeingMerchant","floor":20.0,"turns":4.0},{"damage":17.0,"enemies":"Book of Stabbing","floor":25.0,"turns":6.0},{"damage":2.0,"enemies":"Spheric Guardian","floor":26.0,"turns":4.0},{"damage":0.0,"enemies":"downfall:FleeingMerchant","floor":28.0,"turns":4.0},{"damage":0.0,"enemies":"Shelled Parasite and Fungi","floor":29.0,"turns":4.0},{"damage":0.0,"enemies":"downfall:FleeingMerchant","floor":30.0,"turns":4.0},{"damage":15.0,"enemies":"Snecko","floor":31.0,"turns":7.0},{"damage":6.0,"enemies":"Snake Plant","floor":32.0,"turns":3.0},{"damage":26.0,"enemies":"downfall:Silent","floor":33.0,"turns":6.0},{"damage":47.0,"enemies":"Nemesis","floor":36.0,"turns":11.0},{"damage":0.0,"enemies":"R_Hoarder","floor":39.0,"turns":10.0},{"damage":0.0,"enemies":"downfall:LadyInBlue","floor":41.0,"turns":10.0},{"damage":0.0,"enemies":"Orb Walker","floor":45.0,"turns":2.0},{"damage":45.0,"enemies":"Nightmare","floor":46.0,"turns":5.0},{"damage":0.0,"enemies":"downfall:FleeingMerchant","floor":47.0,"turns":4.0},{"damage":0.0,"enemies":"3 Darklings","floor":48.0,"turns":4.0},{"damage":0.0,"enemies":"Sphere and 2 Shapes","floor":49.0,"turns":4.0},{"damage":0.0,"enemies":"4 Shapes","floor":50.0,"turns":4.0},{"damage":0.0,"enemies":"Transient","floor":51.0,"turns":5.0},{"damage":13.0,"enemies":"downfall:Defect","floor":52.0,"turns":8.0},{"damage":0.0,"enemies":"Small Slimes","floor":55.0,"turns":2.0},{"damage":1.0,"enemies":"Nightmare","floor":56.0,"turns":8.0},{"damage":0.0,"enemies":"Cultist","floor":57.0,"turns":3.0},{"damage":0.0,"enemies":"downfall:FleeingMerchant","floor":59.0,"turns":2.0},{"damage":0.0,"enemies":"2 Louse","floor":61.0,"turns":2.0},{"damage":0.0,"enemies":"3 Sentries","floor":63.0,"turns":4.0},{"damage":0.0,"enemies":"Exordium Thugs","floor":64.0,"turns":3.0},{"damage":0.0,"enemies":"The Mushroom Lair","floor":65.0,"turns":2.0},{"damage":0.0,"enemies":"2 Fungi Beasts","floor":66.0,"turns":2.0},{"damage":0.0,"enemies":"Red Slaver","floor":67.0,"turns":1.0},{"damage":0.0,"enemies":"Large Slime","floor":68.0,"turns":6.0},{"damage":156,"enemies":"Hexaghost","floor":69,"turns":4},{"damage":0,"enemies":"Replay:Snechameleon","floor":72,"turns":6},{"damage":0,"enemies":"3 Byrds","floor":74,"turns":2},{"damage":0,"enemies":"downfall:Augmenter","floor":75,"turns":2},{"damage":0,"enemies":"Slavers","floor":76,"turns":3},{"damage":20,"enemies":"Gremlin Leader","floor":77,"turns":3}],"seed_played":"7650965622866147269","potions_obtained":[{"floor":2.0,"key":"jedi:StrikingPotion"},{"floor":10.0,"key":"Ancient Potion"},{"floor":11.0,"key":"Venom Potion"},{"floor":13.0,"key":"Reflective Coating"},{"floor":15.0,"key":"DistilledChaos"},{"floor":16.0,"key":"Energy Potion"},{"floor":36.0,"key":"Swift Potion"},{"floor":41.0,"key":"LifebloodPotion"},{"floor":41.0,"key":"SteroidPotion"},{"floor":41.0,"key":"Death Potion"},{"floor":45.0,"key":"Regen Potion"},{"floor":48.0,"key":"DistilledChaos"},{"floor":50.0,"key":"Energy Potion"},{"floor":52.0,"key":"ColorlessPotion"},{"floor":55.0,"key":"FearPotion"},{"floor":64.0,"key":"champ:CounterPotion"},{"floor":66.0,"key":"Guardian:StasisDiscoveryPotion"},{"floor":67.0,"key":"jedi:tentaclejuice"},{"floor":72,"key":"SkillPotion"},{"floor":74,"key":"Reflective Coating"}],"is_trial":false,"path_per_floor":["R_BF","M","M","?","M","E","T","R","?","E","M","M","M","M","M","B",null,"R_BF","M","$","?","?","R","T","E","M","R","$","M","$","M","M","B",null,"R_BF","E","PTL","PTL","E","R","?","R","T","R","M","NM","$","M","M","M","M","B",null,"R_BF","M","NM","M","R","$","T","M","R","E","M","?","M","M","M","B",null,"R","E","?","M","?","E","E"],"character_chosen":"GUARDIAN","items_purchased":["Guardian:EvasiveProtocol","Happy Flower","Guardian:Gem_Cyan","Guardian:Gem_Cyan","Anchor","ClockworkSouvenir","Guardian:ChargeCore","infinitespire:FocusingShard","ReplayTheSpireMod:CursedCoin","Guardian:StasisStrike","Guardian:ChargeUp","Guardian:Repulse"],"campfire_rested":2,"item_purchase_floors":[20,20,20,28,30,30,47,59,59,59,59,59],"current_hp_per_floor":[80,80,75,75,75,23,23,47,80,49,46,34,37,40,43,22,101,104,91,109,93,93,93,93,79,80,95,113,116,125,113,110,87,137,140,96,96,96,99,146,149,149,149,149,152,107,125,128,131,134,137,149,179,179,182,184,187,188,197,200,203,203,206,209,212,215,218,221,68,245,245,248,240,242,247,251,231,231],"gold":834,"neow_bonus":"ONE_RANDOM_RARE_CARD","is_daily":false,"chose_seed":false,"campfire_upgraded":7,"win_rate":0.0,"timestamp":1608456825,"path_taken":["R_BF","M","M","?","M","E","T","R","?","E","?","M","?","M","M","BOSS","R_BF","M","$","?","?","R","T","E","M","R","?","M","$","?","M","BOSS","R_BF","E","PTL","PTL","E","R","?","R","T","R","M","NM","$","M","M","M","M","BOSS","R_BF","M","NM","?","R","$","T","M","R","E","M","?","M","M","M","BOSS","R","E","?","?","?","?","E"],"items_purchased_type":["Card","Relic","Card","Card","Relic","Relic","Card","Relic","Relic","Card","Card","Card"],"build_version":"2020-12-13","purchased_purges":2,"victory":false,"max_hp_per_floor":[80,80,80,80,80,80,80,80,80,83,86,89,92,95,98,101,101,104,107,110,110,110,110,110,113,116,116,119,122,125,128,131,134,137,140,143,143,143,146,146,149,149,149,149,152,152,155,158,161,164,167,170,179,179,182,185,188,188,197,200,203,203,206,209,212,215,218,221,224,245,245,248,245,245,248,251,251,251],"card_choices":[{"not_picked":["Guardian:Clone","Guardian:BronzeOrb"],"picked":"Guardian:SpikerProtocol","floor":2.0},{"not_picked":["Guardian:BronzeArmor","Guardian:TemporalShield"],"picked":"Guardian:PiercingHide","floor":3.0},{"not_picked":["Guardian:TemporalStrike","Guardian:PrismaticBeam"],"picked":"Guardian:Repulse","floor":5.0},{"not_picked":["Guardian:Gem_Cyan","Guardian:StasisStrike"],"picked":"Guardian:SpikerProtocol","floor":6.0},{"not_picked":["Guardian:PolyBeam","Guardian:Incinerate"],"picked":"Guardian:RollAttack","floor":10.0},{"not_picked":["Guardian:ChargeUp","Guardian:ShieldCharger"],"picked":"Guardian:Gem_Red","floor":11.0},{"not_picked":["Guardian:VentSteam","Guardian:TemporalStrike"],"picked":"Guardian:BronzeOrb","floor":12.0},{"not_picked":["Guardian:CrystalBeam","Guardian:FastForward"],"picked":"Guardian:Gem_Lightblue","floor":13.0},{"not_picked":["Guardian:Reroute","Guardian:Planning"],"picked":"Guardian:RollAttack","floor":14.0},{"not_picked":["Guardian:TemporalShield","Guardian:Reroute"],"picked":"Guardian:Emergency","floor":15.0},{"not_picked":["Guardian:TimeSifter","Guardian:ConstructionForm"],"picked":"Guardian:SphericShield","floor":16.0},{"not_picked":["Guardian:VentSteam+1","Guardian:TemporalShield"],"picked":"Guardian:PrimingBeam+1","floor":19.0},{"not_picked":["Guardian:Suspension+1","Guardian:Incinerate"],"picked":"Guardian:Gem_Synthetic","floor":20.0},{"not_picked":["Guardian:CrystalBeam+1","Guardian:Gem_Cyan"],"picked":"Guardian:Gem_Orange","floor":25.0},{"not_picked":["Guardian:Planning","Guardian:ShieldSpikes"],"picked":"Guardian:Gem_Cyan","floor":26.0},{"not_picked":["Guardian:Planning+1","Guardian:PolyBeam"],"picked":"Guardian:PrismaticBeam+1","floor":28.0},{"not_picked":["Guardian:Reroute+1","Guardian:Clone+1"],"picked":"Guardian:Gem_Blue","floor":29.0},{"not_picked":["Guardian:FloatingOrbs","Guardian:Incinerate"],"picked":"Guardian:SpikerProtocol+1","floor":30.0},{"not_picked":["Guardian:TemporalStrike","Guardian:ChargeUp+1"],"picked":"Guardian:Suspension","floor":31.0},{"not_picked":["Guardian:WalkerClaw","Guardian:TemporalStrike"],"picked":"Guardian:StasisField","floor":32.0},{"not_picked":["Guardian:Gem_Orange","Guardian:HyperBeam_Guardian"],"picked":"Guardian:ExploitGems","floor":33.0},{"not_picked":["Guardian:Gem_Purple","Guardian:Gem_Blue"],"picked":"Guardian:Planning+1","floor":36.0},{"not_picked":["Guardian:Gem_Fragmented","Guardian:ChargeCore"],"picked":"Guardian:BaubleBeam","floor":39.0},{"not_picked":["Guardian:PrimingBeam","Guardian:Recover"],"picked":"Guardian:CrystalBeam","floor":41.0},{"not_picked":["Guardian:Incinerate","Guardian:RollAttack+1"],"picked":"Guardian:CrystalBeam","floor":45.0},{"not_picked":["Guardian:WalkerClaw","Guardian:VentSteam+1","Guardian:Recover+1"],"picked":"SKIP","floor":46.0},{"not_picked":["Guardian:Gem_Cyan","Guardian:HyperBeam_Guardian"],"picked":"Guardian:TemporalShield","floor":47.0},{"not_picked":["Guardian:Gem_Red","Guardian:TemporalStrike"],"picked":"Guardian:Suspension+1","floor":48.0},{"not_picked":["Guardian:RollAttack","Guardian:Suspension"],"picked":"Guardian:Gem_Red","floor":49.0},{"not_picked":["Guardian:Recover","Guardian:WalkerClaw"],"picked":"Guardian:ChargeCore","floor":50.0},{"not_picked":["Guardian:Incinerate","Guardian:ShieldCharger"],"picked":"Guardian:BronzeArmor+1","floor":51.0},{"not_picked":["Guardian:TimeSifter","Guardian:StasisField"],"picked":"Guardian:SphericShield","floor":52.0},{"not_picked":["hexamod:Float","Vigilance"],"picked":"TheCursedMod:CursedWand","floor":53.0},{"not_picked":["Guardian:ConstructionForm","Guardian:HyperBeam_Guardian"],"picked":"Guardian:Gem_Synthetic","floor":53.0},{"not_picked":["Forethought","ReplayTheSpireMod:Private Reserves"],"picked":"expansioncontent:Flail","floor":53.0},{"not_picked":["ReplayTheSpireMod:Echoes of Time","infinitespire:Execution"],"picked":"infinitespire:NeuralNetwork","floor":53.0},{"not_picked":["Guardian:SentryBeam","Guardian:PrismaticBarrier","Guardian:Gem_Red"],"picked":"Guardian:Gem_Lightblue","floor":55.0},{"not_picked":["Guardian:HyperBeam_Guardian","Guardian:Gem_Fragmented","Guardian:PrimingBeam"],"picked":"Guardian:Planning","floor":56.0},{"not_picked":["Guardian:Clone","Guardian:WalkerClaw","Guardian:BronzeArmor"],"picked":"Guardian:Gem_Lightblue","floor":57.0},{"not_picked":["Guardian:Gem_Cyan","Guardian:ArmoredProtocol","Guardian:FloatingOrbs"],"picked":"Guardian:Gem_Green","floor":59.0},{"not_picked":["Guardian:WalkerClaw","Guardian:CrystalBeam","Guardian:TimeBomb"],"picked":"Guardian:Gem_Red","floor":61.0},{"not_picked":["Guardian:Reroute","Guardian:WalkerClaw","Guardian:CrystalBeam"],"picked":"Guardian:Gem_Red","floor":63.0},{"not_picked":["Guardian:ChargeCore","Guardian:PiercingHide","Guardian:DonusPower"],"picked":"Guardian:Gem_Red","floor":64.0},{"not_picked":["Guardian:Gem_Crimson","Guardian:PrimingBeam","Guardian:ArmoredProtocol"],"picked":"Guardian:TimeBomb","floor":65.0},{"not_picked":["Guardian:Planning","Guardian:ArmoredProtocol","Guardian:RollAttack"],"picked":"Guardian:Gem_Crimson","floor":66.0},{"not_picked":["Guardian:Gem_Fragmented","Guardian:PiercingHide","Guardian:TemporalStrike"],"picked":"Guardian:TimeBomb","floor":67.0},{"not_picked":["Guardian:TemporalStrike","Guardian:Gem_Fragmented","Guardian:Incinerate"],"picked":"Guardian:Gem_Lightblue","floor":68.0},{"not_picked":["Guardian:SphericShield","Guardian:TimeSifter","Guardian:HyperBeam_Guardian"],"picked":"Guardian:Gem_Synthetic","floor":69},{"not_picked":["jedi:frostbite","Languid","Amnesia"],"picked":"Parasite","floor":70},{"not_picked":["TheCursedMod:Dregs","Shame","jedi:thedog"],"picked":"Clumsy","floor":70},{"not_picked":["jedi:BattleThirst","infinitespire:Pacifist","jedi:frostbite"],"picked":"Overencumbered","floor":70},{"not_picked":["Guardian:Gem_Lightblue","Guardian:SphericShield","Guardian:RevengeProtocol"],"picked":"Guardian:Gem_Green","floor":72},{"not_picked":["Guardian:RollAttack+1","Guardian:WalkerClaw","Guardian:PolyBeam","Guardian:Gem_Lightblue"],"picked":"SKIP","floor":74},{"not_picked":[],"picked":"J.A.X.","floor":75},{"not_picked":["Guardian:Gem_Lightblue","Guardian:VentSteam","Guardian:Recover"],"picked":"Guardian:SpikerProtocol+1","floor":75},{"not_picked":["Guardian:Reroute","Guardian:TemporalShield","Guardian:VentSteam"],"picked":"Guardian:Harden","floor":76}],"player_experience":47260,"relics_obtained":[{"floor":1.0,"key":"MealTicket"},{"floor":6.0,"key":"Replay:Bottled Snecko"},{"floor":7.0,"key":"Replay:Ringing Soul"},{"floor":10.0,"key":"Onion Ring"},{"floor":21.0,"key":"Enchiridion"},{"floor":22.0,"key":"Replay:Baseball"},{"floor":24.0,"key":"Eternal Feather"},{"floor":25.0,"key":"Kunai"},{"floor":34.0,"key":"Bag of Marbles"},{"floor":34.0,"key":"infinitespire:BottledMercury"},{"floor":34.0,"key":"FossilizedHelix"},{"floor":36.0,"key":"Chameleon Ring"},{"floor":39.0,"key":"Darkstone Periapt"},{"floor":41.0,"key":"Potion Belt"},{"floor":43.0,"key":"infinitespire:Broken Mirror"},{"floor":46.0,"key":"Counterbalance"},{"floor":54.0,"key":"Question Card"},{"floor":60.0,"key":"Grinning Jar"},{"floor":65.0,"key":"Odd Mushroom"},{"floor":75,"key":"MutagenicStrength"}],"event_choices":[{"damage_healed":33.0,"max_hp_gain":0.0,"max_hp_loss":0.0,"gold_gain":0.0,"event_name":"Wheel of Change","player_choice":"Full Heal","floor":9.0,"gold_loss":0.0,"damage_taken":0.0},{"damage_healed":0.0,"max_hp_gain":0.0,"max_hp_loss":0.0,"gold_gain":0.0,"event_name":"The Library","player_choice":"Read","floor":18.0,"gold_loss":0.0,"damage_taken":0.0,"cards_obtained":["Guardian:Gem_Purple"]},{"damage_healed":0.0,"max_hp_gain":0.0,"max_hp_loss":0.0,"gold_gain":0.0,"event_name":"Mushrooms","player_choice":"Fought Mushrooms","floor":65.0,"gold_loss":0.0,"damage_taken":0.0}],"is_beta":false,"boss_relics":[{"not_picked":["Black Star","jedi:hotpepper"],"picked":"Replay:Wanted Poster"},{"not_picked":["jedi:battlestandard","Replay:Drink Me"],"picked":"Calling Bell"},{"not_picked":["Replay:Bronze Core","Velvet Choker"],"picked":"Replay:Grab Bag"},{"not_picked":["Guardian:StasisSlotReductionRelic","Fusion Hammer"],"picked":"Coffee Dripper"},{"not_picked":["ReplayTheSpireMod:DimensionalGlitch","Runic Dome"],"picked":"Philosopher\u0027s Stone"},{"not_picked":["Astrolabe","SlaversCollar"],"picked":"Guardian:ModeShifterPlus"},{"not_picked":["Snecko Eye","Empty Cage"],"picked":"ReplayTheSpireMod:SealedPack"},{"not_picked":["Snecko Eye","Runic Dome"],"picked":"Replay:Ancient Bell"},{"not_picked":["Dream Catcher","Pen Nib"],"picked":"Blood Vial"},{"not_picked":["Pear","Golden Egg"],"picked":"jedi:HeartOfTheCards"},{"not_picked":["Peace Pipe","Prayer Wheel"],"picked":"Ice Cream"}],"items_purged_floors":[47,59],"is_endless":true,"potions_floor_spawned":[2,10,11,13,15,16,25,29,31,33,36,45,48,50,52,55,64,66,67,68,72,74,76],"killed_by":"Gremlin Leader","ascension_level":0}}