{"host":"7vidw0fny0glz923","time":1608463994,"event":{"mods":["Act Like it!","BaseMod","Challenge The Spire","Downfall","Friendly Minions","HololiveMod","KinomotoSakuraMod(木之本樱)","Kiyohime（清姬）","KomeijiMod","Lobotomy","Marisa（F雨　魔理沙）","Minty Spire (QoL Compilation)","MostiFishMod","Pale of the Ancients","READ ME - Guardian Mod","Reimu（博丽灵梦）","Remilia（蕾米莉亚）","Replay The Spire","RumiaBox-露米娅的神秘盒子","Shop Mod","StSLib","TestMod","The Cursed","The Jungle","The Poker Player","The Servant 0.9.4","Youmu（魂魄妖梦）","[地精首领爬塔]The Maniac","【东方二次创作】八云紫mod","【遗物卡牌】REMEMod"],"gold_per_floor":[118,134,59,59,75,104,104,176,176,176,193,207,219,249,249,249,249],"floor_reached":16,"playtime":560,"items_purged":[],"score":179,"play_id":"690ce55e-47f5-4508-a70a-52cb97c13257","local_time":"20201220113314","is_ascension_mode":true,"campfire_choices":[{"floor":7.0,"key":"REST"},{"data":"Eruption","floor":15,"key":"SMITH"}],"circlet_count":0,"master_deck":["AscendersBane","Strike_P","Strike_P","Strike_P","Defend_P","Defend_P","Defend_P","Defend_P","Eruption+1","Vigilance","Immolate","Eruption","Wellcheers","TalkToTheHand","ShyLook","RedShoes","QueenOfHatred","MostiFishMod:KamiSmash","NakedNest","EmptyBody","DespairKnight","Freischutz","MostiFishMod:Speedup"],"relics":["PureWater","testmod-TestBox","DaveBox","REME_ComplimentaryCards","CogitoBucket","Jackal-EndForJourney","testmod-Alchemist","Question Card","Happy Flower","Ccalipers","ChangeAnything"],"acts_visited":["Exordium"],"potions_floor_usage":[],"damage_taken":[{"damage":0.0,"enemies":"Cultist","floor":1.0,"turns":2.0},{"damage":2.0,"enemies":"Small Slimes","floor":2.0,"turns":3.0},{"damage":2.0,"enemies":"Jaw Worm","floor":5.0,"turns":4.0},{"damage":60.0,"enemies":"Lagavulin","floor":6.0,"turns":8.0},{"damage":8.0,"enemies":"Looter","floor":11.0,"turns":4.0},{"damage":0.0,"enemies":"Blue Slaver","floor":12.0,"turns":1.0},{"damage":9.0,"enemies":"2 Fungi Beasts","floor":13.0,"turns":4.0},{"damage":28,"enemies":"Hexaghost","floor":16,"turns":5}],"seed_played":"-3755629137286343400","potions_obtained":[{"floor":5.0,"key":"SpeedPotion"},{"floor":11.0,"key":"BlessingOfTheForge"},{"floor":12.0,"key":"Strength Potion"}],"is_trial":false,"path_per_floor":["M","M","?","$","M","E","R","T","T","?","M","M","M","?","R","B"],"character_chosen":"WATCHER","items_purchased":[],"campfire_rested":1,"item_purchase_floors":[],"current_hp_per_floor":[61,59,59,59,60,3,23,23,23,23,24,24,21,21,21,0,0],"gold":249,"neow_bonus":"","is_daily":false,"chose_seed":false,"campfire_upgraded":1,"win_rate":0.0,"timestamp":1608463994,"path_taken":["M","?","?","$","M","E","R","?","T","?","M","M","M","?","R","BOSS"],"items_purchased_type":[],"build_version":"2020-12-13","purchased_purges":0,"victory":false,"max_hp_per_floor":[68,68,68,68,68,68,68,68,68,68,68,68,68,68,68,68,68],"card_choices":[{"not_picked":["OSAHOGD","ShyLook"],"picked":"Wellcheers","floor":1.0},{"not_picked":["LikeWater","Replay:Battleflow"],"picked":"TalkToTheHand","floor":1.0},{"not_picked":["CrumblingArmor","Murderer"],"picked":"ShyLook","floor":2.0},{"not_picked":["FollowUp","Replay:Vibes","ReachHeaven","MostiFishMod:Clarity"],"picked":"SKIP","floor":2.0},{"not_picked":["SingingMachine","PunishingBird","CherryBlossoms"],"picked":"Singing Bowl","floor":5.0},{"not_picked":["LittleHelper","FairyFestival"],"picked":"RedShoes","floor":5.0},{"not_picked":["SandsOfTime","Crescendo","WaveOfTheHand","Replay:ManipulateFuture"],"picked":"SKIP","floor":5.0},{"not_picked":["LaLuna","MHz"],"picked":"QueenOfHatred","floor":6.0},{"not_picked":["EmptyBody","Replay:ManipulateFuture","WindmillStrike"],"picked":"MostiFishMod:KamiSmash","floor":6.0},{"not_picked":["LittleHelper","OldLady","MHz"],"picked":"Singing Bowl","floor":11.0},{"not_picked":["FieryBird","OSAHOGD"],"picked":"NakedNest","floor":11.0},{"not_picked":["SashWhip","SignatureMove","Wireheading"],"picked":"EmptyBody","floor":11.0},{"not_picked":["SpiderBud","Variant","PunishingBird"],"picked":"Singing Bowl","floor":12.0},{"not_picked":["UniverseFragment","BeautyBeast"],"picked":"DespairKnight","floor":12.0},{"not_picked":["Pray","Perseverance","PathToVictory","Replay:AtTheReady"],"picked":"SKIP","floor":12.0},{"not_picked":["Scorched","WallGazer","Murderer"],"picked":"Singing Bowl","floor":13.0},{"not_picked":["SpiderBud","Murderer"],"picked":"Freischutz","floor":13.0},{"not_picked":["Crescendo","PathToVictory","Protect"],"picked":"MostiFishMod:Speedup","floor":13.0}],"player_experience":868710,"relics_obtained":[{"floor":1.0,"key":"Question Card"},{"floor":6.0,"key":"Happy Flower"},{"floor":9.0,"key":"Ccalipers"}],"event_choices":[{"cards_removed":["Strike_P"],"damage_healed":0.0,"max_hp_gain":0.0,"max_hp_loss":0.0,"gold_gain":0.0,"event_name":"The Cleric","player_choice":"Card Removal","floor":3.0,"gold_loss":75.0,"damage_taken":0.0},{"damage_healed":0.0,"max_hp_gain":0.0,"max_hp_loss":0.0,"gold_gain":0.0,"event_name":"Liars Game","player_choice":"Ignored","floor":10.0,"gold_loss":0.0,"damage_taken":0.0},{"damage_healed":0,"gold_gain":30,"player_choice":"Searched \u00271\u0027 times","damage_taken":0,"max_hp_gain":0,"max_hp_loss":0,"event_name":"Dead Adventurer","floor":14,"gold_loss":0}],"is_beta":false,"boss_relics":[],"items_purged_floors":[],"is_endless":false,"potions_floor_spawned":[5,11,12],"killed_by":"Hexaghost","ascension_level":15}}