{"host":"0jm2u9rma46qko29","time":1608491496,"event":{"mods":["Act Like it!","BaseMod","Better Altar","Better Note","Better Skull","Better Third Choice","CapriCore","Hermit","Marisa????????","Minty Spire (QoL Compilation)","Relic Stats","Robot Space Explorer","Shade Mod","StSLib","The Alterego","Waifu the Spire"],"gold_per_floor":[114,114,114,114,114,114,143,143,143,181,356,395,420,465,465,598,598,622,622,631,664,664,664,714,729,729,639,639,667,667,710,710,844,844,869,811,839,543,568,568,621,636,636,424,424,449,449,449,449],"floor_reached":48,"playtime":2698,"items_purged":["Searing Blow+1","Clash"],"score":614,"play_id":"f32077e7-c3b2-4b8b-8a14-fbf63ac56fce","local_time":"20201220131136","is_ascension_mode":true,"campfire_choices":[{"data":"Body Slam","floor":6.0,"key":"SMITH"},{"data":"Searing Blow","floor":8,"key":"SMITH"},{"floor":15,"key":"REST"},{"data":"1","floor":23,"key":"LIFT"},{"data":"2","floor":28,"key":"LIFT"},{"floor":32,"key":"REST"},{"data":"3","floor":40,"key":"LIFT"},{"floor":45,"key":"REST"},{"floor":47,"key":"REST"}],"circlet_count":0,"master_deck":["Strike_R","Defend_R+1","Defend_R","Defend_R","Defend_R","Bash","Body Slam+1","Inflame","Auto Shields+1","Warcry","Cleave","Armaments","Armaments","Wild Strike","Body Slam","True Grit","Body Slam","Feel No Pain","Barricade","Shrug It Off+1","Shade:FuneraryJewels","Sword Boomerang+1","Limit Break","Seeing Red+1","Whirlwind","Offering+1","Flame Barrier+1","Warcry+1","Master of Strategy+1","Heavy Blade","Demon Form","Warcry+1","True Grit+1"],"relics":["Burning Blood","Centennial Puzzle","Golden Idol","Odd Mushroom","Girya","Boot","Bronze Scales","CeramicFish","SlaversCollar","alterego_mod:FleetingLove","Omamori","Toxic Egg 2","betterThird:NestCultRelic","Self Forming Clay","Sozu","Kunai","Molten Egg 2","White Beast Statue","Membership Card"],"acts_visited":["Exordium","TheCity","TheBeyond"],"potions_floor_usage":[15,16,24,37,39],"damage_taken":[{"damage":1.0,"enemies":"2 Louse","floor":1.0,"turns":2.0},{"damage":7.0,"enemies":"The Mushroom Lair","floor":7.0,"turns":4.0},{"damage":10,"enemies":"Lagavulin","floor":10,"turns":5},{"damage":10,"enemies":"3 Sentries","floor":12,"turns":5},{"damage":0,"enemies":"Small Slimes","floor":13,"turns":3},{"damage":13,"enemies":"Lagavulin","floor":14,"turns":5},{"damage":47,"enemies":"The Guardian","floor":16,"turns":9},{"damage":27,"enemies":"Shell Parasite","floor":18,"turns":7},{"damage":5,"enemies":"Chosen","floor":21,"turns":6},{"damage":6,"enemies":"Slavers","floor":24,"turns":5},{"damage":46,"enemies":"Sentry and Sphere","floor":25,"turns":8},{"damage":9,"enemies":"Centurion and Healer","floor":29,"turns":6},{"damage":20,"enemies":"Book of Stabbing","floor":31,"turns":4},{"damage":23,"enemies":"Collector","floor":33,"turns":8},{"damage":12,"enemies":"Orb Walker","floor":35,"turns":3},{"damage":9,"enemies":"3 Shapes","floor":37,"turns":6},{"damage":51,"enemies":"Spire Growth","floor":39,"turns":5},{"damage":30,"enemies":"Giant Head","floor":41,"turns":6},{"damage":9,"enemies":"4 Shapes","floor":42,"turns":10},{"damage":26,"enemies":"Transient","floor":46,"turns":5},{"damage":77,"enemies":"Nemesis","floor":48,"turns":8}],"seed_played":"-6996131819908473187","potions_obtained":[{"floor":1.0,"key":"Fruit Juice"},{"floor":12,"key":"SpeedPotion"},{"floor":14,"key":"Fruit Juice"},{"floor":18,"key":"HeartOfIron"},{"floor":24,"key":"CultistPotion"},{"floor":31,"key":"Fire Potion"},{"floor":33,"key":"Swift Potion"}],"is_trial":false,"path_per_floor":["M","?","?","?","?","R","?","R","T","E","?","E","M","E","R","B",null,"M","?","?","M","?","R","E","M","T","?","R","M","?","E","R","B",null,"M","?","M","$","M","R","E","M","T","$","R","M","R","E"],"character_chosen":"IRONCLAD","items_purchased":["Master of Strategy+1","Heavy Blade","Membership Card","True Grit+1"],"campfire_rested":4,"item_purchase_floors":[38,38,44,44],"current_hp_per_floor":[66,59,54,33,33,33,32,32,32,28,28,24,30,23,53,12,90,69,69,69,70,70,70,70,30,30,30,30,27,27,13,40,23,90,84,84,81,81,36,36,12,9,9,9,36,16,43,0,0],"gold":449,"neow_bonus":"TRANSFORM_TWO_CARDS","is_daily":false,"chose_seed":false,"campfire_upgraded":2,"win_rate":0.0,"timestamp":1608491496,"path_taken":["M","?","?","?","?","R","?","R","T","E","?","E","M","E","R","BOSS","M","?","?","M","?","R","E","M","T","?","R","?","?","E","R","BOSS","M","?","?","$","M","R","E","M","T","$","R","M","R","E"],"items_purchased_type":["Card","Card","Relic","Card"],"build_version":"2020-12-13","purchased_purges":2,"victory":false,"max_hp_per_floor":[85,85,85,85,85,85,85,85,85,85,85,85,85,85,90,90,90,90,90,90,90,90,90,90,90,90,90,90,90,90,90,90,90,90,90,90,90,90,90,90,90,90,90,90,90,90,90,90,90],"relic_stats":{"Sozu":3,"Centennial Puzzle":[57],"counters":[21,120],"Golden Idol":141,"Self Forming Clay":[57],"Bronze Scales":[246],"CeramicFish":144,"Kunai":[2],"Boot":[44],"obtain_stats":[{"Girya":9,"Golden Idol":4,"Self Forming Clay":31,"CeramicFish":14,"betterThird:NestCultRelic":30,"Omamori":24,"Odd Mushroom":7,"Boot":10,"Burning Blood":0,"White Beast Statue":43,"Sozu":34,"SlaversCollar":17,"Centennial Puzzle":3,"alterego_mod:FleetingLove":22,"Bronze Scales":12,"Molten Egg 2":41,"Kunai":36,"Membership Card":44,"Toxic Egg 2":26},{"Girya":2,"Golden Idol":1,"Self Forming Clay":13,"CeramicFish":6,"betterThird:NestCultRelic":12,"Omamori":10,"Odd Mushroom":2,"Boot":3,"Burning Blood":0,"White Beast Statue":19,"Sozu":14,"SlaversCollar":7,"Centennial Puzzle":1,"alterego_mod:FleetingLove":9,"Bronze Scales":4,"Molten Egg 2":18,"Kunai":15,"Membership Card":19,"Toxic Egg 2":11},{"Girya":6,"Golden Idol":2,"Self Forming Clay":69,"CeramicFish":24,"betterThird:NestCultRelic":65,"Omamori":51,"Odd Mushroom":6,"Boot":11,"Burning Blood":0,"White Beast Statue":107,"Sozu":77,"SlaversCollar":33,"Centennial Puzzle":2,"alterego_mod:FleetingLove":46,"Bronze Scales":16,"Molten Egg 2":97,"Kunai":80,"Membership Card":107,"Toxic Egg 2":59}],"Burning Blood":120},"card_choices":[{"not_picked":["Anger","Bloodletting"],"picked":"Inflame","floor":1.0},{"not_picked":["Twin Strike","Armaments"],"picked":"Wild Strike","floor":7.0},{"not_picked":["Dark Embrace","Burning Pact"],"picked":"Body Slam","floor":10},{"not_picked":["Twin Strike","Warcry"],"picked":"True Grit","floor":12},{"not_picked":["Headbutt","Heavy Blade"],"picked":"Body Slam","floor":13},{"not_picked":["Carnage","Clash"],"picked":"Feel No Pain","floor":14},{"not_picked":["Immolate","Feed"],"picked":"Barricade","floor":16},{"not_picked":["Anger","Power Through+1"],"picked":"Shrug It Off+1","floor":18},{"not_picked":["Reckless Charge","Blood for Blood"],"picked":"Sword Boomerang+1","floor":21},{"not_picked":["Pommel Strike+1","Perfected Strike"],"picked":"Limit Break","floor":24},{"not_picked":["Headbutt+1","Thunderclap","Havoc"],"picked":"SKIP","floor":25},{"not_picked":["Thunderclap+1","Clothesline"],"picked":"Seeing Red+1","floor":29},{"not_picked":["Clash+1","Feed"],"picked":"Whirlwind","floor":31},{"not_picked":["Juggernaut","Double Tap+1"],"picked":"Offering+1","floor":33},{"not_picked":["Clash","Armaments+1"],"picked":"Flame Barrier+1","floor":35},{"not_picked":["Flex+1","Headbutt"],"picked":"Warcry+1","floor":37},{"not_picked":["Pommel Strike+1","Wild Strike+1"],"picked":"Demon Form","floor":39},{"not_picked":["Feel No Pain","Whirlwind+1"],"picked":"Warcry+1","floor":41},{"not_picked":["Dropkick+1","Reckless Charge+1","Wild Strike+1"],"picked":"SKIP","floor":42},{"not_picked":["Wild Strike+1","Feel No Pain","Clothesline+1"],"picked":"SKIP","floor":46}],"player_experience":166251,"relics_obtained":[{"floor":7.0,"key":"Odd Mushroom"},{"floor":9,"key":"Girya"},{"floor":10,"key":"Boot"},{"floor":12,"key":"Bronze Scales"},{"floor":14,"key":"CeramicFish"},{"floor":24,"key":"Omamori"},{"floor":26,"key":"Toxic Egg 2"},{"floor":31,"key":"Self Forming Clay"},{"floor":41,"key":"Molten Egg 2"},{"floor":43,"key":"White Beast Statue"}],"event_choices":[{"cards_removed":["Strike_R"],"damage_healed":0.0,"max_hp_gain":0.0,"max_hp_loss":0.0,"gold_gain":0.0,"event_name":"Golden Wing","player_choice":"Card Removal","floor":2.0,"gold_loss":0.0,"damage_taken":7.0},{"damage_healed":0.0,"max_hp_gain":0.0,"max_hp_loss":0.0,"gold_gain":0.0,"event_name":"Golden Idol","player_choice":"Take Damage","floor":4.0,"gold_loss":0.0,"damage_taken":21.0,"relics_obtained":["Golden Idol"]},{"damage_healed":0.0,"max_hp_gain":0.0,"max_hp_loss":0.0,"gold_gain":0.0,"event_name":"Mushrooms","player_choice":"Fought Mushrooms","floor":7.0,"gold_loss":0.0,"damage_taken":0.0},{"damage_healed":0,"gold_gain":175,"player_choice":"AGREE","damage_taken":181,"max_hp_gain":0,"max_hp_loss":0,"event_name":"betterThird:BetterSerpent","floor":11,"gold_loss":0},{"cards_removed":["Doubt"],"damage_healed":0,"gold_gain":0,"player_choice":"Purged","damage_taken":0,"max_hp_gain":0,"max_hp_loss":0,"event_name":"Purifier","floor":19,"gold_loss":0},{"cards_removed":["Barricade"],"damage_healed":0,"gold_gain":0,"player_choice":"Take \u0026 Give","damage_taken":0,"max_hp_gain":0,"max_hp_loss":0,"event_name":"betterNote:BetterNote","floor":20,"gold_loss":0,"cards_obtained":["Shade:FuneraryJewels"]},{"damage_healed":0,"gold_gain":0,"player_choice":"Choice 1","damage_taken":0,"relics_obtained":["alterego_mod:FleetingLove"],"max_hp_gain":0,"max_hp_loss":0,"event_name":"Secret Garden","floor":22,"gold_loss":0},{"cards_removed":["Strike_R"],"damage_healed":0,"gold_gain":0,"player_choice":"Upgrade and Remove","damage_taken":0,"max_hp_gain":0,"max_hp_loss":0,"event_name":"Designer","floor":27,"gold_loss":90,"cards_upgraded":["Defend_R"]},{"damage_healed":0,"gold_gain":0,"player_choice":"Madness","damage_taken":0,"relics_obtained":["betterThird:NestCultRelic"],"max_hp_gain":0,"max_hp_loss":0,"event_name":"betterThird:BetterNest","floor":30,"gold_loss":0},{"damage_healed":0,"gold_gain":0,"player_choice":"Paid Gold","damage_taken":0,"relics_obtained":["Kunai"],"max_hp_gain":0,"max_hp_loss":0,"event_name":"WeMeetAgain","floor":36,"gold_loss":58}],"is_beta":false,"boss_relics":[{"not_picked":["Black Blood","Tiny House"],"picked":"SlaversCollar"},{"not_picked":["Velvet Choker","Mark of Pain"],"picked":"Sozu"}],"items_purged_floors":[38,44],"is_endless":false,"potions_floor_spawned":[1,12,14,18,24,31,33,37,42,46],"killed_by":"Nemesis","ascension_level":3}}