{"host":"0cm5wy4nhuju7tij","time":1608428970,"event":{"mods":["2.2 Compatiblity","AchievementEnabler","BaseMod","Better Third Choice","BetterRewards","Colored Powertips","Curses Come First","Custom Start","Displayed Cursed Tome","Downfall","Energized Spire","Filter the Spire","Fireblade Mod","Highlight Path","Jess\u0027s Bottle","Minty Spire (QoL Compilation)","Permanent Neow","Railgun Mod","Robot Space Explorer","Shop Mod","Spicy Shops","StSLib","The Marked","The Servant 0.9.4"],"gold_per_floor":[111,129,141,141,154,154,166,166,237,315,315,315,13,13,13,112,112,125,125,25,43,43,43],"floor_reached":22,"playtime":762,"items_purged":["theMarked:Strike","theMarked:Defend"],"score":174,"play_id":"632c9906-64dc-4d75-8dd0-ef38981f9011","local_time":"20201219204930","is_ascension_mode":false,"campfire_choices":[{"data":"theMarked:RogueSparks","floor":6,"key":"SMITH"},{"data":"theMarked:EnhancedHearing","floor":8,"key":"SMITH"},{"data":"theMarked:Electrocute","floor":12,"key":"SMITH"},{"data":"theMarked:BanishingStrike","floor":15,"key":"SMITH"}],"circlet_count":0,"master_deck":["theMarked:Strike","theMarked:Strike","theMarked:Defend","theMarked:Defend","theMarked:Defend","theMarked:SoldierOfQuellstein","theMarked:Electrocute+1","theMarked:RogueSparks+1","theMarked:ChainLightning","theMarked:SwordAndMagic","theMarked:EnhancedHearing+1","theMarked:MaelstromOfLightning+1","theMarked:BanishingStrike+1","theMarked:FavorableWinds+1","theMarked:Aftermath+1","theMarked:Static+1"],"relics":["theMarked:ArtifactOfAir","Toxic Egg 2","Eternal Feather","Vajra","Black Star","Omamori"],"acts_visited":["Exordium","TheCity"],"potions_floor_usage":[],"damage_taken":[{"damage":1,"enemies":"Cultist","floor":1,"turns":3},{"damage":1,"enemies":"Jaw Worm","floor":2,"turns":3},{"damage":7,"enemies":"Small Slimes","floor":3,"turns":4},{"damage":8,"enemies":"Red Slaver","floor":5,"turns":2},{"damage":8,"enemies":"2 Fungi Beasts","floor":7,"turns":3},{"damage":8,"enemies":"Slime Boss","floor":16,"turns":7},{"damage":12,"enemies":"Spheric Guardian","floor":18,"turns":4},{"damage":52,"enemies":"3 Byrds","floor":21,"turns":7},{"damage":8,"enemies":"Sentry and Sphere","floor":22,"turns":2}],"seed_played":"119187299333999410","potions_obtained":[{"floor":1,"key":"EntropicBrew"},{"floor":7,"key":"BlessingOfTheForge"},{"floor":21,"key":"BlessingOfTheForge"}],"is_trial":false,"path_per_floor":["M","M","M","?","M","R","M","R","T","T","?","R","$","?","R","B",null,"M","T","$","M","M"],"character_chosen":"THE_DEFAULT","items_purchased":["Vajra","theMarked:MaelstromOfLightning+1"],"campfire_rested":0,"item_purchase_floors":[13,13],"current_hp_per_floor":[69,68,61,61,53,53,45,45,45,45,38,44,44,44,50,42,70,58,58,58,6,0,0],"gold":43,"neow_bonus":"REMOVE_CARD","is_daily":false,"chose_seed":false,"campfire_upgraded":4,"win_rate":0.0,"timestamp":1608428970,"path_taken":["M","M","M","?","M","R","?","R","T","?","?","R","$","?","R","BOSS","M","?","$","M","M"],"items_purchased_type":["Relic","Card"],"build_version":"2020-12-13","purchased_purges":2,"victory":false,"max_hp_per_floor":[70,70,70,70,70,70,70,70,70,70,70,70,70,70,70,70,70,70,70,70,70,70,70],"card_choices":[{"not_picked":["theMarked:Generate","theMarked:EmpowerWeapon"],"picked":"theMarked:Electrocute","floor":1},{"not_picked":["theMarked:Reabsorb","theMarked:Overthink"],"picked":"theMarked:RogueSparks","floor":2},{"not_picked":["theMarked:SwordAndMagic","theMarked:ElectricStrings"],"picked":"theMarked:ChainLightning","floor":3},{"not_picked":["theMarked:Panic","theMarked:WastefulDefense"],"picked":"theMarked:SwordAndMagic","floor":5},{"not_picked":["theMarked:TwofoldDefense","theMarked:CreepingChasm"],"picked":"theMarked:EnhancedHearing","floor":7},{"not_picked":["theMarked:MuscleMemory","theMarked:Defy"],"picked":"theMarked:FavorableWinds+1","floor":16},{"not_picked":["theMarked:Generate+1","theMarked:Parkour"],"picked":"theMarked:Aftermath+1","floor":18},{"not_picked":["theMarked:DeterminationOfTheMarked+1","theMarked:Electrocute"],"picked":"theMarked:Static+1","floor":21}],"player_experience":238687,"relics_obtained":[{"floor":9,"key":"Toxic Egg 2"},{"floor":10,"key":"Eternal Feather"},{"floor":19,"key":"Omamori"}],"event_choices":[{"damage_healed":0,"gold_gain":0,"player_choice":"Ignored","damage_taken":0,"max_hp_gain":0,"max_hp_loss":0,"event_name":"NoteForYourself","floor":4,"gold_loss":0},{"cards_removed":["theMarked:Strike"],"damage_healed":0,"gold_gain":0,"player_choice":"Card Removal","damage_taken":7,"max_hp_gain":0,"max_hp_loss":0,"event_name":"Golden Wing","floor":11,"gold_loss":0},{"damage_healed":0,"gold_gain":0,"player_choice":"1 cards matched","damage_taken":0,"max_hp_gain":0,"max_hp_loss":0,"event_name":"Match and Keep!","floor":14,"gold_loss":0,"cards_obtained":["theMarked:BanishingStrike"]}],"is_beta":false,"boss_relics":[{"not_picked":["Busted Crown","Philosopher\u0027s Stone"],"picked":"Black Star"}],"items_purged_floors":[13,20],"is_endless":false,"potions_floor_spawned":[1,7,21],"killed_by":"Sentry and Sphere","ascension_level":0}}