{"host":"cc187","time":1608461230,"event":{"mods":["AchievementEnabler","BaseMod","Bestiary","Colored Map","Colored Powertips","Highlight Path","Keyboard Shortcuts","Minty Spire (QoL Compilation)","Quick Restart","Rare Cards Sparkle","Relic Stats","StSLib","SuperFastMode","Synergy Search"],"gold_per_floor":[115,190,190,190,206,206,244,244,244,267,315,315,39,72,72,72,72],"floor_reached":16,"playtime":549,"items_purged":[],"score":246,"play_id":"5b0d9e0f-7e16-41f7-8d99-cc262ec97ab8","local_time":"20201220104710","is_ascension_mode":true,"campfire_choices":[{"data":"Blade Dance","floor":6,"key":"SMITH"},{"data":"Blade Dance","floor":8,"key":"SMITH"},{"data":"Terror","floor":12,"key":"SMITH"},{"data":"Neutralize","floor":15,"key":"SMITH"}],"circlet_count":0,"master_deck":["AscendersBane","Strike_G","Strike_G","Strike_G","Strike_G","Strike_G","Defend_G","Defend_G","Defend_G","Defend_G","Defend_G","Survivor","Neutralize+1","Blade Dance+1","Backflip","Blade Dance+1","Terror+1","Prepared"],"relics":["Ring of the Snake","NeowsBlessing","Golden Idol","Oddly Smooth Stone","CeramicFish","Regal Pillow","Paper Crane"],"acts_visited":["Exordium"],"potions_floor_usage":[16,16],"damage_taken":[{"damage":0,"enemies":"Small Slimes","floor":1,"turns":1},{"damage":0,"enemies":"Jaw Worm","floor":5,"turns":1},{"damage":0,"enemies":"3 Sentries","floor":7,"turns":1},{"damage":0,"enemies":"Cultist","floor":10,"turns":2},{"damage":8,"enemies":"Lagavulin","floor":11,"turns":6},{"damage":3,"enemies":"3 Louse","floor":14,"turns":5},{"damage":59,"enemies":"Slime Boss","floor":16,"turns":7}],"seed_played":"-250787535534374407","potions_obtained":[{"floor":5,"key":"Dexterity Potion"},{"floor":10,"key":"Fire Potion"}],"is_trial":false,"path_per_floor":["M","?","?","?","M","R","E","R","T","M","E","R","$","M","R","B"],"character_chosen":"THE_SILENT","items_purchased":["Paper Crane"],"campfire_rested":0,"item_purchase_floors":[13],"current_hp_per_floor":[59,48,53,53,53,53,53,53,53,53,45,45,45,42,42,0,0],"gold":72,"neow_bonus":"THREE_ENEMY_KILL","is_daily":false,"chose_seed":false,"campfire_upgraded":4,"win_rate":0.0,"timestamp":1608461230,"path_taken":["M","?","?","?","M","R","E","R","T","M","E","R","?","M","R","BOSS"],"items_purchased_type":["Relic"],"build_version":"2020-12-18","purchased_purges":0,"victory":false,"max_hp_per_floor":[66,66,71,64,64,64,64,64,64,64,64,64,64,64,64,64,64],"relic_stats":{"Regal Pillow":0,"counters":[7,23],"Golden Idol":29,"CeramicFish":18,"obtain_stats":[{"Regal Pillow":11,"NeowsBlessing":0,"Golden Idol":4,"CeramicFish":9,"Oddly Smooth Stone":7,"Paper Crane":13,"Ring of the Snake":0},{"Regal Pillow":5,"NeowsBlessing":0,"Golden Idol":1,"CeramicFish":3,"Oddly Smooth Stone":3,"Paper Crane":5,"Ring of the Snake":0},{"Regal Pillow":11,"NeowsBlessing":0,"Golden Idol":1,"CeramicFish":3,"Oddly Smooth Stone":3,"Paper Crane":11,"Ring of the Snake":0}],"Ring of the Snake":[14]},"card_choices":[{"not_picked":["PiercingWail","Outmaneuver"],"picked":"Blade Dance","floor":1},{"not_picked":["Deflect","Dagger Throw"],"picked":"Backflip","floor":5},{"not_picked":["Reflex","Heel Hook"],"picked":"Blade Dance","floor":7},{"not_picked":["Eviscerate","Poisoned Stab","Dagger Throw"],"picked":"SKIP","floor":10},{"not_picked":["Backstab","Catalyst"],"picked":"Terror","floor":11},{"not_picked":["Dagger Throw","Flechettes"],"picked":"Prepared","floor":14}],"player_experience":799262,"relics_obtained":[{"floor":7,"key":"Oddly Smooth Stone"},{"floor":9,"key":"CeramicFish"},{"floor":11,"key":"Regal Pillow"}],"event_choices":[{"damage_healed":0,"gold_gain":75,"player_choice":"Gather Gold","damage_taken":11,"max_hp_gain":0,"max_hp_loss":0,"event_name":"World of Goop","floor":2,"gold_loss":0},{"damage_healed":0,"gold_gain":0,"player_choice":"Donut","damage_taken":0,"max_hp_gain":5,"max_hp_loss":0,"event_name":"Big Fish","floor":3,"gold_loss":0},{"damage_healed":0,"gold_gain":0,"player_choice":"Lose Max HP","damage_taken":0,"relics_obtained":["Golden Idol"],"max_hp_gain":0,"max_hp_loss":7,"event_name":"Golden Idol","floor":4,"gold_loss":0}],"is_beta":true,"boss_relics":[],"items_purged_floors":[],"is_endless":false,"potions_floor_spawned":[5,10,14],"killed_by":"Slime Boss","ascension_level":17}}