{"host":"zlgdkwtixcfrry6c","time":1608488694,"event":{"mods":["2.2 Compatiblity","BaseMod","Downfall","Minty Spire (QoL Compilation)","READ ME - Guardian Mod","Replay The Spire","StSLib","The Bug Knight","The Construct","The Cursed","The Jungle","The Runesmith"],"gold_per_floor":[111,111,128,185,33,33,50,150,231,242,268,4,304,320,320,415,415,415,415,415,415,415,415,415,415,415,415,415,20,20,20,20,20,20,20,20,20,20,20,20,20,20,20,20,20,20,20,20,20,20,20,20,20],"floor_reached":52,"playtime":3284,"items_purged":["ReplayTheSpireMod:Splinters","Writhe"],"score":685,"play_id":"8fa1e1d4-5536-42e1-bee4-0a803a02b757","local_time":"20201220192454","is_ascension_mode":true,"campfire_choices":[{"data":"Run Through","floor":6,"key":"SMITH"},{"floor":13,"key":"DIG"},{"floor":15,"key":"DIG"},{"floor":23,"key":"DIG"},{"floor":25,"key":"REST"},{"floor":30,"key":"DIG"},{"floor":34,"key":"REST"},{"floor":43,"key":"REST"},{"floor":48,"key":"DIG"},{"data":"Heavy Blade","floor":51,"key":"SMITH"}],"circlet_count":0,"master_deck":["Strike_R","Strike_R","Strike_R","Strike_R","Strike_R+1","Defend_R","Defend_R","Defend_R","Defend_R","Bash","Blood for Blood","Run Through+1","Reckless Charge","ReplayTheSpireMod:Muscle Training","Pommel Strike","Battle Trance","Flex","Uppercut","Run Through","Demon Form","ReplayTheSpireMod:Muscle Training","Headbutt","Blood for Blood","Heavy Blade+1","Dropkick","Rage+1","Whirlwind","Replay:Many Hands","Wild Strike+1","Whirlwind","Battle Trance+1","Thunderclap","Spot Weakness+1","Life Link","Wild Strike+1","Searing Blow"],"relics":["Burning Blood","Anchor","White Beast Statue","InkBottle","Shovel","Bag of Marbles","Old Coin","Replay:Bottled Flurry","Ectoplasm","theJungle:PaperFaux","Replay:Mystery Machine","Dream Catcher","Omamori","Replay:Wax Seal","Strawberry","Peace Pipe","Mark of Pain","Bottled Lightning","Bag of Preparation"],"acts_visited":["Exordium","Exordium","TheBeyond"],"potions_floor_usage":[10,16,16,16,24,32,32,35,40,40,41,42,42,52,52],"damage_taken":[{"damage":13,"enemies":"2 Louse","floor":1,"turns":2},{"damage":6,"enemies":"Cultist","floor":3,"turns":3},{"damage":2,"enemies":"Jaw Worm","floor":7,"turns":3},{"damage":1,"enemies":"Looter","floor":10,"turns":2},{"damage":9,"enemies":"HollowMod:MossKnight","floor":11,"turns":3},{"damage":1,"enemies":"Exordium Thugs","floor":14,"turns":3},{"damage":36,"enemies":"Fading Forest","floor":16,"turns":11},{"damage":23,"enemies":"theJungle:5_Spyders","floor":18,"turns":4},{"damage":14,"enemies":"theJungle:GiantWrat","floor":19,"turns":3},{"damage":17,"enemies":"theJungle:MamaSnecko","floor":24,"turns":5},{"damage":26,"enemies":"theJungle:Snecko_Cultist_And_Trap","floor":32,"turns":5},{"damage":8,"enemies":"theJungle:QueenSpyder","floor":35,"turns":5},{"damage":10,"enemies":"3 Darklings","floor":37,"turns":3},{"damage":7,"enemies":"Orb Walker","floor":38,"turns":2},{"damage":32,"enemies":"Sphere and 2 Shapes","floor":40,"turns":4},{"damage":3,"enemies":"Spire Growth","floor":41,"turns":3},{"damage":22,"enemies":"Maw","floor":42,"turns":5},{"damage":1,"enemies":"3 Darklings","floor":47,"turns":2},{"damage":2,"enemies":"Jaw Worm Horde","floor":49,"turns":2},{"damage":90,"enemies":"Awakened One","floor":52,"turns":6}],"seed_played":"-425926940489587178","potions_obtained":[{"floor":3,"key":"DistilledChaos"},{"floor":4,"key":"Milkshake"},{"floor":7,"key":"hexamod:EctoCoolerPotion"},{"floor":10,"key":"ColorlessPotion"},{"floor":14,"key":"SkillPotion"},{"floor":16,"key":"AttackPotion"},{"floor":18,"key":"HeartOfIron"},{"floor":19,"key":"hexamod:EctoCoolerPotion"},{"floor":24,"key":"LiquidMemories"},{"floor":32,"key":"SkillPotion"},{"floor":35,"key":"Block Potion"},{"floor":37,"key":"Toxic Potion"},{"floor":40,"key":"Languid Potion"},{"floor":41,"key":"SteroidPotion"},{"floor":42,"key":"champ:CounterPotion"},{"floor":47,"key":"Regen Potion"},{"floor":49,"key":"SpeedPotion"}],"is_trial":false,"path_per_floor":["M","?","M","?","$","R","M","?","T","M","E","$","R","M","R","B",null,"M","M","?","?","?","R","E","R","T","PTL","PTL","$","R","?","M","?","R","B",null,"M","M","?","M","M","M","R","$","T","?","M","R","M","$","R","B"],"character_chosen":"IRONCLAD","items_purchased":["Reckless Charge","Flex","Uppercut","Bag of Marbles","Heavy Blade","Replay:Wax Seal","Strawberry","Dropkick"],"campfire_rested":3,"item_purchase_floors":[5,12,12,12,29,29,29,29],"current_hp_per_floor":[65,65,65,65,65,65,69,69,69,74,71,71,71,76,76,54,74,57,49,49,49,49,49,38,62,62,62,62,69,69,59,39,51,77,75,84,80,79,79,53,56,40,66,66,66,66,71,71,75,75,75,0,0],"gold":20,"neow_bonus":"RANDOM_EVENT","is_daily":false,"chose_seed":false,"campfire_upgraded":2,"win_rate":0.0,"timestamp":1608488694,"path_taken":["M","?","?","?","?","R","M","?","T","M","E","$","R","M","R","BOSS","M","?","?","?","?","R","E","R","T","PTL","PTL","$","R","?","M","?","R","BOSS","M","M","?","?","M","?","R","$","T","?","?","R","M","?","R","BOSS"],"items_purchased_type":["Card","Card","Card","Relic","Card","Relic","Relic","Card"],"build_version":"2020-12-13","purchased_purges":2,"victory":false,"max_hp_per_floor":[80,80,80,80,80,80,80,80,80,80,80,80,80,80,80,80,80,80,80,80,80,80,80,80,80,80,80,80,87,87,87,87,87,87,87,87,87,87,87,87,87,87,87,87,87,87,87,87,87,87,87,87,87],"card_choices":[{"not_picked":["Warcry","True Grit"],"picked":"Bloodletting","floor":1},{"not_picked":["ReplayReversal","Iron Wave"],"picked":"Blood for Blood","floor":3},{"not_picked":["Sword Boomerang","Armaments"],"picked":"Run Through","floor":4},{"not_picked":["Uppercut","Dropkick"],"picked":"ReplayTheSpireMod:Muscle Training","floor":7},{"not_picked":["True Grit","Metallicize"],"picked":"Pommel Strike","floor":10},{"not_picked":["Clothesline","Iron Wave"],"picked":"Battle Trance","floor":11},{"not_picked":["Anger","Feel No Pain"],"picked":"Run Through","floor":14},{"not_picked":["Hemogenesis","Limit Break"],"picked":"Demon Form","floor":16},{"not_picked":["Anger","Abandon","Feel No Pain"],"picked":"SKIP","floor":18},{"not_picked":["Clash","Shockwave"],"picked":"ReplayTheSpireMod:Muscle Training","floor":19},{"not_picked":["ReplayTheSpireMod:Stacked","ReplayTheSpireMod:Strike From Hell+1"],"picked":"Headbutt","floor":24},{"not_picked":["Fire Breathing","Replay:Undeath\u0027s Touch"],"picked":"Blood for Blood","floor":25},{"not_picked":["True Grit","Sword Boomerang+1"],"picked":"Rage+1","floor":32},{"not_picked":["Rampage","Flex"],"picked":"Whirlwind","floor":34},{"not_picked":["Berserk","Barricade"],"picked":"Replay:Many Hands","floor":35},{"not_picked":["Clash+1","Abandon+1"],"picked":"Wild Strike+1","floor":37},{"not_picked":["Iron Wave+1","True Grit+1","Clothesline+1"],"picked":"SKIP","floor":38},{"not_picked":["Flex","Armaments+1"],"picked":"Battle Trance+1","floor":40},{"not_picked":["Flex","Exhume"],"picked":"Thunderclap","floor":41},{"not_picked":["Wild Strike+1","Pommel Strike"],"picked":"Spot Weakness+1","floor":42},{"not_picked":["Run Through+1","Dual Wield+1"],"picked":"Life Link","floor":43},{"not_picked":["Thunderclap","Shrug It Off+1"],"picked":"Wild Strike+1","floor":47},{"not_picked":["Clothesline+1","Armaments"],"picked":"Searing Blow","floor":49}],"player_experience":317218,"relics_obtained":[{"floor":4,"key":"White Beast Statue"},{"floor":9,"key":"InkBottle"},{"floor":11,"key":"Shovel"},{"floor":13,"key":"Old Coin"},{"floor":15,"key":"Replay:Bottled Flurry"},{"floor":23,"key":"Replay:Mystery Machine"},{"floor":24,"key":"Dream Catcher"},{"floor":26,"key":"Omamori"},{"floor":30,"key":"Peace Pipe"},{"floor":45,"key":"Bottled Lightning"},{"floor":48,"key":"Bag of Preparation"}],"event_choices":[{"cards_removed":["Bloodletting"],"damage_healed":0,"gold_gain":0,"player_choice":"Gave Card","damage_taken":0,"relics_obtained":["Anchor"],"max_hp_gain":0,"max_hp_loss":0,"event_name":"WeMeetAgain","floor":2,"gold_loss":0},{"damage_healed":0,"gold_gain":100,"player_choice":"Pray","damage_taken":0,"max_hp_gain":0,"max_hp_loss":0,"event_name":"Golden Shrine","floor":8,"gold_loss":0},{"damage_healed":0,"gold_gain":0,"player_choice":"Copied","damage_taken":0,"max_hp_gain":0,"max_hp_loss":0,"event_name":"Duplicator","floor":39,"gold_loss":0,"cards_obtained":["Whirlwind"]},{"damage_healed":0,"gold_gain":0,"player_choice":"Ignored","damage_taken":0,"max_hp_gain":0,"max_hp_loss":0,"event_name":"SecretPortal","floor":46,"gold_loss":0}],"is_beta":false,"boss_relics":[{"not_picked":["Sozu","Busted Crown"],"picked":"Ectoplasm"},{"not_picked":["construct:ClawGrip","Replay:Fungal Core"],"picked":"Mark of Pain"}],"items_purged_floors":[5,29],"is_endless":false,"potions_floor_spawned":[3,7,10,11,14,16,18,19,24,32,35,37,38,40,41,42,47,49],"killed_by":"Awakened One","ascension_level":7}}