{"host":"pgqkv8mh62pnrbci","time":1608435403,"event":{"mods":["AchievementEnabler","BaseMod","Custom Start","Minty Spire (QoL Compilation)","StSLib","SuperFastMode"],"gold_per_floor":[109,34,34,34,53,80,100,133,133,133,147,179,179,197,197,276,276,296,111,125,138,228,228,253,253,253,36,66,66,66],"floor_reached":29,"playtime":1081,"items_purged":["Strike_P","Strike_P"],"score":597,"play_id":"6c267f94-dbcc-4eee-aac3-31074f76909d","local_time":"20201220123643","is_ascension_mode":true,"campfire_choices":[{"data":"Eruption","floor":10.0,"key":"SMITH"},{"data":"Study","floor":15.0,"key":"SMITH"},{"floor":23.0,"key":"REST"},{"data":"Collect","floor":25.0,"key":"SMITH"}],"circlet_count":0,"master_deck":["AscendersBane","Strike_P","Strike_P","Defend_P+1","Defend_P","Defend_P","Defend_P","Eruption+1","Vigilance+1","DeceiveReality","TalkToTheHand","Study+1","Halt","Brilliance","Collect+1","TalkToTheHand","ClearTheMind","FollowUp","Injury","Apotheosis"],"relics":["PureWater","NeowsBlessing","War Paint","Shuriken","Ginger","PreservedInsect","White Beast Statue","Cursed Key","Pear","Bag of Marbles","Omamori"],"acts_visited":["Exordium","TheCity"],"potions_floor_usage":[29],"damage_taken":[{"damage":0.0,"enemies":"Cultist","floor":1.0,"turns":1.0},{"damage":0.0,"enemies":"Small Slimes","floor":5.0,"turns":2.0},{"damage":0.0,"enemies":"3 Sentries","floor":6.0,"turns":2.0},{"damage":0.0,"enemies":"Jaw Worm","floor":7.0,"turns":3.0},{"damage":2.0,"enemies":"Lagavulin","floor":8.0,"turns":7.0},{"damage":0.0,"enemies":"Lots of Slimes","floor":11.0,"turns":6.0},{"damage":4.0,"enemies":"3 Sentries","floor":12.0,"turns":6.0},{"damage":2.0,"enemies":"Exordium Thugs","floor":14.0,"turns":3.0},{"damage":11.0,"enemies":"The Guardian","floor":16.0,"turns":18.0},{"damage":29.0,"enemies":"2 Thieves","floor":18.0,"turns":3.0},{"damage":15.0,"enemies":"Chosen","floor":20.0,"turns":6.0},{"damage":3.0,"enemies":"Snecko","floor":21.0,"turns":8.0},{"damage":4.0,"enemies":"Book of Stabbing","floor":24.0,"turns":4.0},{"damage":20.0,"enemies":"Slavers","floor":28.0,"turns":6.0},{"damage":14,"enemies":"3 Cultists","floor":29,"turns":5}],"seed_played":"2966232842769997727","potions_obtained":[{"floor":5.0,"key":"Energy Potion"},{"floor":7.0,"key":"SkillPotion"},{"floor":8.0,"key":"Energy Potion"},{"floor":13.0,"key":"ColorlessPotion"},{"floor":13.0,"key":"SkillPotion"},{"floor":14.0,"key":"SkillPotion"},{"floor":16.0,"key":"Block Potion"},{"floor":18.0,"key":"Swift Potion"},{"floor":20.0,"key":"BlessingOfTheForge"},{"floor":21.0,"key":"FearPotion"},{"floor":24.0,"key":"Energy Potion"},{"floor":28.0,"key":"Energy Potion"}],"is_trial":false,"path_per_floor":["M","$","?","$","M","E","M","E","T","R","M","E","?","M","R","B",null,"M","$","M","M","?","R","E","R","T","$","E","M"],"character_chosen":"WATCHER","items_purchased":["Collect","Apotheosis"],"campfire_rested":1,"item_purchase_floors":[19,27],"current_hp_per_floor":[61,61,61,61,61,61,61,59,59,59,59,55,55,53,53,42,62,33,33,18,15,3,23,29,29,29,29,9,0,0],"gold":66,"neow_bonus":"THREE_ENEMY_KILL","is_daily":false,"chose_seed":false,"campfire_upgraded":3,"win_rate":0.0,"timestamp":1608435403,"path_taken":["M","?","?","$","?","E","M","E","T","R","M","E","?","M","R","BOSS","M","$","M","?","?","R","E","R","T","$","E","M"],"items_purchased_type":["Card","Card"],"build_version":"2020-12-13","purchased_purges":2,"victory":false,"max_hp_per_floor":[68,68,68,68,68,68,68,68,68,68,68,68,68,68,68,68,68,68,68,68,68,68,68,78,78,78,78,78,78,78],"card_choices":[{"not_picked":["Protect","Perseverance"],"picked":"InnerPeace","floor":1.0},{"not_picked":["Consecrate","CutThroughFate","FollowUp"],"picked":"SKIP","floor":5.0},{"not_picked":["SpiritShield","EmptyBody"],"picked":"DeceiveReality","floor":6.0},{"not_picked":["Prostrate","Protect"],"picked":"TalkToTheHand","floor":7.0},{"not_picked":["Consecrate","SpiritShield"],"picked":"Study","floor":8.0},{"not_picked":["JustLucky","FlyingSleeves","BowlingBash"],"picked":"SKIP","floor":11.0},{"not_picked":["JustLucky","Perseverance"],"picked":"Halt","floor":12.0},{"not_picked":["ReachHeaven","SashWhip","Consecrate"],"picked":"SKIP","floor":14.0},{"not_picked":["Wish","ConjureBlade"],"picked":"Brilliance","floor":16.0},{"not_picked":["WindmillStrike","FlyingSleeves","Halt"],"picked":"SKIP","floor":18.0},{"not_picked":["Wallop","LikeWater"],"picked":"TalkToTheHand","floor":20.0},{"not_picked":["WaveOfTheHand","Sanctity"],"picked":"ClearTheMind","floor":21.0},{"not_picked":["Wallop","DevaForm"],"picked":"FollowUp","floor":24.0},{"not_picked":["Wallop","Crescendo","Prostrate"],"picked":"SKIP","floor":28.0}],"player_experience":561126,"relics_obtained":[{"floor":6.0,"key":"Shuriken"},{"floor":8.0,"key":"Ginger"},{"floor":9.0,"key":"PreservedInsect"},{"floor":12.0,"key":"White Beast Statue"},{"floor":24.0,"key":"Pear"},{"floor":26.0,"key":"Bag of Marbles"},{"floor":28.0,"key":"Omamori"}],"event_choices":[{"cards_removed":["InnerPeace"],"damage_healed":0.0,"max_hp_gain":0.0,"max_hp_loss":0.0,"gold_gain":0.0,"event_name":"WeMeetAgain","player_choice":"Gave Card","floor":3.0,"gold_loss":0.0,"damage_taken":0.0,"relics_obtained":["War Paint"]},{"damage_healed":0.0,"max_hp_gain":0.0,"max_hp_loss":0.0,"gold_gain":0.0,"event_name":"Lab","player_choice":"Got Potions","floor":13.0,"gold_loss":0.0,"damage_taken":0.0},{"damage_healed":0.0,"max_hp_gain":0.0,"max_hp_loss":0.0,"gold_gain":90.0,"event_name":"Knowing Skull","player_choice":"GOLD ","floor":22.0,"potions_obtained":[],"gold_loss":0.0,"damage_taken":12.0,"cards_obtained":[]}],"is_beta":false,"boss_relics":[{"not_picked":["Empty Cage","Calling Bell"],"picked":"Cursed Key"}],"items_purged_floors":[2,19],"is_endless":false,"potions_floor_spawned":[5,7,8,14,16,18,20,21,24,28],"killed_by":"3 Cultists","ascension_level":19}}