{"host":"d8hh7rr4yzitjeuj","time":1608453510,"event":{"mods":["2.2 Compatiblity","AchievementEnabler","BaseMod","CapriCore","Colored Map","Colored Powertips","Highlight Path","Keyboard Shortcuts","Minty Spire (QoL Compilation)","Permanent Neow","Quick Restart","StSLib","SuperFastMode"],"gold_per_floor":[111,130,180,190,202,202,221,61,142,142,142],"floor_reached":10,"playtime":290,"items_purged":[],"score":120,"play_id":"d0506977-981d-4e44-a5ed-0b148690b37c","local_time":"20201220173830","is_ascension_mode":true,"campfire_choices":[{"data":"Zap","floor":6,"key":"SMITH"}],"circlet_count":0,"master_deck":["AscendersBane","Strike_B","Strike_B","Strike_B","Strike_B","Defend_B","Defend_B","Defend_B","Defend_B","Zap+1","Dualcast","Rebound","Go for the Eyes","Cold Snap","Sweeping Beam","BootSequence"],"relics":["Inserter","Bronze Scales","Cables"],"acts_visited":["Exordium"],"potions_floor_usage":[10,10],"damage_taken":[{"damage":4,"enemies":"Small Slimes","floor":1,"turns":4},{"damage":1,"enemies":"Cultist","floor":2,"turns":3},{"damage":9,"enemies":"Jaw Worm","floor":4,"turns":4},{"damage":5,"enemies":"2 Fungi Beasts","floor":5,"turns":4},{"damage":23,"enemies":"Lots of Slimes","floor":7,"turns":4},{"damage":26,"enemies":"Lagavulin","floor":10,"turns":6}],"seed_played":"6660030312068110705","potions_obtained":[{"floor":1,"key":"DuplicationPotion"},{"floor":5,"key":"LiquidMemories"}],"is_trial":false,"path_per_floor":["M","M","?","M","M","R","M","$","T","E"],"character_chosen":"DEFECT","items_purchased":["Bronze Scales"],"campfire_rested":0,"item_purchase_floors":[8],"current_hp_per_floor":[60,59,52,43,38,38,15,15,15,0,0],"gold":142,"neow_bonus":"BOSS_RELIC","is_daily":false,"chose_seed":false,"campfire_upgraded":1,"win_rate":0.0,"timestamp":1608453510,"path_taken":["M","M","?","M","M","R","M","$","T","E"],"items_purchased_type":["Relic"],"build_version":"2020-12-13","purchased_purges":0,"victory":false,"max_hp_per_floor":[71,71,71,71,71,71,71,71,71,71,71],"card_choices":[{"not_picked":["Rip and Tear","Redo"],"picked":"Rebound","floor":1},{"not_picked":["Conserve Battery","Steam Power"],"picked":"Go for the Eyes","floor":2},{"not_picked":["Barrage","Capacitor"],"picked":"Cold Snap","floor":4},{"not_picked":["FTL","Double Energy"],"picked":"Sweeping Beam","floor":5},{"not_picked":["Steam","Static Discharge"],"picked":"BootSequence","floor":7}],"player_experience":1371957,"relics_obtained":[{"floor":9,"key":"Cables"}],"event_choices":[{"damage_healed":0,"gold_gain":50,"player_choice":"Touch","damage_taken":7,"max_hp_gain":0,"max_hp_loss":0,"event_name":"FaceTrader","floor":3,"gold_loss":0}],"is_beta":false,"boss_relics":[],"items_purged_floors":[],"is_endless":false,"potions_floor_spawned":[1,5],"killed_by":"Lagavulin","ascension_level":20}}