{"host":"zsm7nv3crm3m4x5c","time":1608503413,"event":{"mods":["AchievementEnabler","BaseMod","Colored Map","Colored Powertips","Minty Spire (QoL Compilation)","Shop Mod"],"gold_per_floor":[110,110,110,29,40,40,59,59,85,102,130,205,205,220,220,297,297,279,297,297,297],"floor_reached":20,"playtime":715,"items_purged":[],"score":313,"play_id":"5f8de076-615f-464d-a248-0f9ac1465195","local_time":"20201220173013","is_ascension_mode":true,"campfire_choices":[{"data":"Apotheosis","floor":6,"key":"SMITH"},{"data":"Flex","floor":8,"key":"SMITH"},{"floor":15,"key":"REST"}],"circlet_count":0,"master_deck":["AscendersBane","Strike_R","Strike_R","Strike_R","Strike_R","Strike_R+1","Defend_R","Defend_R","Defend_R","Defend_R","Bash","Apotheosis+1","Flex+1","Sword Boomerang","Battle Trance","Impervious+1"],"relics":["Burning Blood","Nunchaku","Frozen Egg 2","Black Star"],"acts_visited":["Exordium","TheCity"],"potions_floor_usage":[16,16,18],"damage_taken":[{"damage":7,"enemies":"Small Slimes","floor":1,"turns":4},{"damage":1,"enemies":"Cultist","floor":5,"turns":3},{"damage":4,"enemies":"Jaw Worm","floor":7,"turns":2},{"damage":6,"enemies":"2 Fungi Beasts","floor":10,"turns":2},{"damage":12,"enemies":"Lagavulin","floor":11,"turns":4},{"damage":0,"enemies":"Large Slime","floor":14,"turns":5},{"damage":12,"enemies":"Hexaghost","floor":16,"turns":7},{"damage":44,"enemies":"2 Thieves","floor":18,"turns":4},{"damage":19,"enemies":"Chosen","floor":19,"turns":6},{"damage":29,"enemies":"Centurion and Healer","floor":20,"turns":6}],"seed_played":"7840620519041884095","potions_obtained":[{"floor":10,"key":"DuplicationPotion"},{"floor":14,"key":"LiquidMemories"},{"floor":16,"key":"FearPotion"},{"floor":18,"key":"Explosive Potion"}],"is_trial":false,"path_per_floor":["M","?","?","$","M","R","M","R","T","M","E","?","?","M","R","B",null,"M","M","M"],"character_chosen":"IRONCLAD","items_purchased":["Flex","Sword Boomerang"],"campfire_rested":1,"item_purchase_floors":[4,4],"current_hp_per_floor":[67,67,67,67,68,68,68,68,68,68,62,51,31,37,57,51,64,26,13,0,0],"gold":297,"neow_bonus":"RANDOM_COLORLESS_2","is_daily":false,"chose_seed":false,"campfire_upgraded":2,"win_rate":0.0,"timestamp":1608503413,"path_taken":["M","?","?","$","M","R","M","R","T","?","E","?","?","M","R","BOSS","M","M","M"],"items_purchased_type":["Card","Card"],"build_version":"2020-12-13","purchased_purges":0,"victory":false,"max_hp_per_floor":[68,68,68,68,68,68,68,68,68,68,68,68,68,68,68,68,68,68,68,68,68],"card_choices":[{"not_picked":["Mayhem","Master of Strategy"],"picked":"Apotheosis","floor":0},{"not_picked":["Armaments","Twin Strike","Clash"],"picked":"SKIP","floor":1},{"not_picked":["Feel No Pain","Pummel"],"picked":"Battle Trance","floor":5},{"not_picked":["Body Slam","Perfected Strike","Wild Strike"],"picked":"SKIP","floor":7},{"not_picked":["Rampage","Body Slam","Evolve"],"picked":"SKIP","floor":10},{"not_picked":["Uppercut","Reaper"],"picked":"Impervious","floor":11},{"not_picked":["Thunderclap","Reckless Charge","Sword Boomerang"],"picked":"SKIP","floor":14},{"not_picked":["Evolve+1","Warcry","Rupture+1"],"picked":"SKIP","floor":18},{"not_picked":["Cleave","Shrug It Off","Wild Strike"],"picked":"SKIP","floor":19}],"player_experience":507735,"relics_obtained":[{"floor":9,"key":"Nunchaku"},{"floor":11,"key":"Frozen Egg 2"}],"event_choices":[{"damage_healed":0,"gold_gain":0,"player_choice":"Leave","damage_taken":0,"max_hp_gain":0,"max_hp_loss":0,"event_name":"The Cleric","floor":2,"gold_loss":0},{"damage_healed":0,"gold_gain":0,"player_choice":"0 cards matched","damage_taken":0,"max_hp_gain":0,"max_hp_loss":0,"event_name":"Match and Keep!","floor":3,"gold_loss":0,"cards_obtained":[]},{"damage_healed":0,"gold_gain":75,"player_choice":"Gather Gold","damage_taken":11,"max_hp_gain":0,"max_hp_loss":0,"event_name":"World of Goop","floor":12,"gold_loss":0},{"damage_healed":0,"gold_gain":0,"player_choice":"Entered Light","damage_taken":20,"max_hp_gain":0,"max_hp_loss":0,"event_name":"Shining Light","floor":13,"gold_loss":0,"cards_upgraded":["Strike_R","Impervious"]}],"is_beta":false,"boss_relics":[{"not_picked":["Runic Cube","Pandora\u0027s Box"],"picked":"Black Star"}],"items_purged_floors":[],"is_endless":false,"potions_floor_spawned":[10,14,16,18],"killed_by":"Centurion and Healer","ascension_level":16}}