{"host":"zsm7nv3crm3m4x5c","time":1608506823,"event":{"mods":["AchievementEnabler","BaseMod","Colored Map","Colored Powertips","Minty Spire (QoL Compilation)","Shop Mod"],"gold_per_floor":[114,164,89,89,103,137,137,166,166,166,166,177,8,19,19,92,92,103,103,51,51,51,77,77,109,134,134,134],"floor_reached":27,"playtime":689,"items_purged":["Strike_R"],"score":529,"play_id":"2a3eecdd-24f6-431f-ba08-9aa6cc3b7b37","local_time":"20201220182702","is_ascension_mode":true,"campfire_choices":[{"data":"Spot Weakness","floor":7,"key":"SMITH"},{"data":"Flex","floor":10,"key":"SMITH"},{"floor":15,"key":"REST"},{"floor":24,"key":"REST"}],"circlet_count":0,"master_deck":["AscendersBane","Defend_R","Defend_R","Defend_R","Defend_R","Bash","Flex+1","Thunderclap+1","Spot Weakness+1","Pummel+1","Sword Boomerang+1","Immolate+1","Uppercut+1","Bite+1","Bite+1","Bite+1","Bite+1","Bite+1","Heavy Blade+1","Whirlwind+1"],"relics":["Burning Blood","NeowsBlessing","Molten Egg 2","Boot","Shuriken","Sundial","Red Skull","Empty Cage","Question Card","Matryoshka","CeramicFish","Omamori"],"acts_visited":["Exordium","TheCity"],"potions_floor_usage":[16,16],"damage_taken":[{"damage":0,"enemies":"Small Slimes","floor":1,"turns":1},{"damage":0,"enemies":"Cultist","floor":5,"turns":1},{"damage":0,"enemies":"Lagavulin","floor":6,"turns":1},{"damage":36,"enemies":"Gremlin Nob","floor":8,"turns":4},{"damage":7,"enemies":"Jaw Worm","floor":12,"turns":2},{"damage":0,"enemies":"Exordium Wildlife","floor":14,"turns":3},{"damage":28,"enemies":"Hexaghost","floor":16,"turns":7},{"damage":12,"enemies":"Shell Parasite","floor":18,"turns":2},{"damage":47,"enemies":"Book of Stabbing","floor":23,"turns":4},{"damage":53,"enemies":"Gremlin Leader","floor":25,"turns":5},{"damage":43,"enemies":"Book of Stabbing","floor":27,"turns":3}],"seed_played":"3021113040564980980","potions_obtained":[{"floor":12,"key":"ElixirPotion"},{"floor":14,"key":"SteroidPotion"},{"floor":23,"key":"Explosive Potion"}],"is_trial":false,"path_per_floor":["M","?","$","T","M","E","R","E","T","R","?","M","$","M","R","B",null,"M","?","$","?","?","E","R","E","T","E"],"character_chosen":"IRONCLAD","items_purchased":["Blood Vial","Heavy Blade+1"],"campfire_rested":2,"item_purchase_floors":[13,20],"current_hp_per_floor":[74,67,67,67,73,75,75,45,45,45,10,9,9,17,39,19,61,57,57,57,57,72,43,65,30,30,0,0],"gold":134,"neow_bonus":"THREE_ENEMY_KILL","is_daily":false,"chose_seed":false,"campfire_upgraded":2,"win_rate":0.0,"timestamp":1608506822,"path_taken":["M","?","$","?","M","E","R","E","T","R","?","M","$","?","R","BOSS","M","?","$","?","?","E","R","E","T","E"],"items_purchased_type":["Relic","Card"],"build_version":"2020-12-13","purchased_purges":1,"victory":false,"max_hp_per_floor":[75,75,75,75,75,75,75,75,75,75,75,75,75,75,75,75,75,75,75,75,75,75,75,75,75,75,75,75],"card_choices":[{"not_picked":["Sword Boomerang","Warcry"],"picked":"Flex","floor":1},{"not_picked":["Havoc","Warcry"],"picked":"Thunderclap+1","floor":5},{"not_picked":["Havoc","Body Slam+1"],"picked":"Spot Weakness","floor":6},{"not_picked":["Sentinel","Flame Barrier","Evolve"],"picked":"SKIP","floor":8},{"not_picked":["Entrench","Anger+1"],"picked":"Pummel+1","floor":12},{"not_picked":["Burning Pact","Offering"],"picked":"Sword Boomerang+1","floor":14},{"not_picked":["Brutality","Barricade"],"picked":"Immolate+1","floor":16},{"not_picked":["Thunderclap+1","Clash+1"],"picked":"Uppercut+1","floor":18},{"not_picked":["Cleave+1","Flex+1","True Grit+1"],"picked":"SKIP","floor":23},{"not_picked":["Flame Barrier","Reckless Charge+1","Pommel Strike+1"],"picked":"Whirlwind+1","floor":25}],"player_experience":508638,"relics_obtained":[{"floor":4,"key":"Molten Egg 2"},{"floor":6,"key":"Boot"},{"floor":8,"key":"Shuriken"},{"floor":9,"key":"Sundial"},{"floor":23,"key":"Question Card"},{"floor":25,"key":"Matryoshka"},{"floor":26,"key":"CeramicFish"},{"floor":26,"key":"Omamori"}],"event_choices":[{"damage_healed":0,"gold_gain":50,"player_choice":"Touch","damage_taken":7,"max_hp_gain":0,"max_hp_loss":0,"event_name":"FaceTrader","floor":2,"gold_loss":0},{"damage_healed":0,"gold_gain":0,"player_choice":"Success","damage_taken":35,"relics_obtained":["Red Skull"],"max_hp_gain":0,"max_hp_loss":0,"event_name":"Scrap Ooze","floor":11,"gold_loss":0},{"damage_healed":0,"gold_gain":0,"player_choice":"Became a vampire (Vial)","damage_taken":0,"max_hp_gain":0,"max_hp_loss":0,"event_name":"Vampires","floor":19,"relics_lost":["Blood Vial"],"gold_loss":0,"cards_obtained":["Bite","Bite","Bite","Bite","Bite"]},{"damage_healed":0,"gold_gain":0,"player_choice":"Ignored","damage_taken":0,"max_hp_gain":0,"max_hp_loss":0,"event_name":"Ghosts","floor":21,"gold_loss":0},{"damage_healed":15,"gold_gain":0,"player_choice":"Heal","damage_taken":0,"max_hp_gain":0,"max_hp_loss":0,"event_name":"The Library","floor":22,"gold_loss":0}],"is_beta":false,"boss_relics":[{"not_picked":["Runic Cube","Coffee Dripper"],"picked":"Empty Cage"}],"items_purged_floors":[3],"is_endless":false,"potions_floor_spawned":[12,14,23],"killed_by":"Book of Stabbing","ascension_level":16}}