{"host":"h5acbxt0wmjo1kpm","time":1608450230,"event":{"mods":["2.2 Compatiblity","Act Like it!","AlwaysNeverKeys","Aspiration","Bartender","BaseMod","Better Third Choice","Colored Map","Downfall","Elementarium","Gensokyo","GifTheSpireLib","Hallownest","Marisa????????","Minty Spire (QoL Compilation)","Permanent Neow","Potionbrewer","Relic Filter","Replay The Spire","Robot Space Explorer","RumiaBox-????????","Shade Mod","Spicy Shops","StSLib","The Blackbeard","The Dragon Tamer","The Forsaken","The Gatherer","The Problem Sleuth","The Servant 0.9.4","Wandering Minibosses","vexMod"],"gold_per_floor":[99,116,126,126,126,126,126,153,41,41,58,58,72,84,101,101,101],"floor_reached":16,"playtime":1114,"items_purged":[],"score":111,"play_id":"8be1d24f-77e8-4a64-a8c9-15a5a89796c5","local_time":"20201219234350","is_ascension_mode":true,"campfire_choices":[{"data":"champ:Taunt","floor":1,"key":"SMITH"},{"data":"champ:Haymaker","floor":5,"key":"SMITH"},{"data":"champ:GladiatorStyle","floor":10,"key":"SMITH"}],"circlet_count":0,"master_deck":["champ:Strike","champ:Strike","champ:Strike","champ:Strike","champ:Defend","champ:Defend","champ:Defend","champ:Defend","champ:Execute","champ:Taunt+1","champ:Haymaker+1","champ:GladiatorStyle+1","champ:SwordSigil","champ:BerserkersShout","champ:SwordSigil","champ:ShieldThrow","champ:DefensiveShout","champ:CrookedStrike"],"relics":["champ:ChampionCrown","aspiration:DSix","Gensokyo:NagashiBinaDoll","Cleaning_Rag","theForsaken:Lifeblossom","HornCleat"],"acts_visited":["Gensokyo:Gensokyo"],"potions_floor_usage":[3,13,13,16,16],"damage_taken":[{"damage":21,"enemies":"Gensokyo:Gryphon","floor":2,"turns":4},{"damage":0,"enemies":"Gensokyo:Python","floor":3,"turns":2},{"damage":58,"enemies":"Gensokyo:Cirno","floor":8,"turns":8},{"damage":10,"enemies":"downfall:FleeingMerchant","floor":9,"turns":5},{"damage":1,"enemies":"Gensokyo:3_Fairies","floor":11,"turns":3},{"damage":18,"enemies":"Gensokyo:CorruptedTreant","floor":13,"turns":5},{"damage":6,"enemies":"Gensokyo:3_Kodama","floor":14,"turns":5},{"damage":0,"enemies":"Gensokyo:Kitsune","floor":15,"turns":3},{"damage":65,"enemies":"downfall:Ironclad","floor":16,"turns":9}],"seed_played":"2066975578533204941","potions_obtained":[{"floor":2,"key":"Energy Potion"},{"floor":11,"key":"EntropicBrew"},{"floor":13,"key":"AttackPotion"}],"is_trial":false,"path_per_floor":["R","M","M","?","R","?","T","E","$","R","M","T","M","M","M","B"],"character_chosen":"THE_CHAMP","items_purchased":["theForsaken:Lifeblossom","champ:SwordSigil"],"campfire_rested":0,"item_purchase_floors":[9,9],"current_hp_per_floor":[90,74,74,74,74,83,83,41,41,41,45,45,51,51,56,0,0],"gold":101,"neow_bonus":"DSIX","is_daily":false,"chose_seed":false,"campfire_upgraded":3,"win_rate":0.0,"timestamp":1608450230,"path_taken":["R","?","M","?","R","?","T","E","$","R","M","?","M","?","M","BOSS"],"items_purchased_type":["Relic","Card"],"build_version":"2020-12-13","purchased_purges":0,"victory":false,"max_hp_per_floor":[90,90,90,90,90,99,99,99,99,99,99,99,99,99,99,99,99],"card_choices":[{"not_picked":["champ:TornadoPunch","champ:ShieldSigil"],"picked":"champ:Haymaker","floor":2},{"not_picked":["champ:BladeFlurry","champ:BerserkersShout"],"picked":"champ:GladiatorStyle","floor":3},{"not_picked":["champ:HeartStrike","champ:DeathBlow"],"picked":"champ:SwordSigil","floor":8},{"not_picked":["champ:Circumvent","champ:RageSigil"],"picked":"champ:BerserkersShout","floor":9},{"not_picked":["champ:TornadoPunch","champ:Backstep"],"picked":"champ:ShieldThrow","floor":11},{"not_picked":["champ:Encircle","champ:Shatter"],"picked":"champ:DefensiveShout","floor":13},{"not_picked":["champ:Backstep","champ:TornadoPunch"],"picked":"champ:CrookedStrike","floor":14},{"not_picked":["champ:Backstep","champ:Duel","champ:SwordSigil"],"picked":"SKIP","floor":15}],"player_experience":2284824,"relics_obtained":[{"floor":8,"key":"Cleaning_Rag"},{"floor":12,"key":"HornCleat"}],"event_choices":[],"is_beta":false,"boss_relics":[],"items_purged_floors":[],"is_endless":false,"potions_floor_spawned":[2,11,13],"killed_by":"downfall:Ironclad","ascension_level":2}}