{"host":"y89x8uui45kcjy42","time":1608437227,"event":{"mods":["2.2 Compatiblity","BaseMod","CapriCore","Colored Map","Colored Powertips","Custom Start","Friendly Minions","Highlight Path","Keyboard Shortcuts","Minty Spire (QoL Compilation)","Relic Stats","Slay the Relics Exporter","StSLib","SuperFastMode","Waifu the Spire"],"gold_per_floor":[359,369,134,146,146,146,156,156,182,182,182,195,224,9,9,81,81,92,112,123,48,48,48,48],"floor_reached":23,"playtime":438,"items_purged":["Shame","Strike_B"],"score":382,"play_id":"ff04d061-de1a-4d66-9813-0f1f81ffcd08","local_time":"20201220130707","is_ascension_mode":true,"campfire_choices":[{"data":"Zap","floor":6,"key":"SMITH"},{"data":"Dualcast","floor":11,"key":"SMITH"},{"data":"Go for the Eyes","floor":15,"key":"SMITH"}],"circlet_count":0,"master_deck":["AscendersBane","Strike_B","Strike_B","Defend_B","Defend_B","Defend_B","Defend_B","Zap+1","Dualcast+1","Go for the Eyes+1","FTL","Beam Cell+1","Biased Cognition","Self Repair"],"relics":["Cracked Core","Bag of Preparation","Shuriken","Smiling Mask","Bronze Scales","Anchor","Sozu","Oddly Smooth Stone"],"acts_visited":["Exordium","TheCity"],"potions_floor_usage":[13,13],"damage_taken":[{"damage":11,"enemies":"Cultist","floor":1,"turns":4},{"damage":8,"enemies":"2 Louse","floor":2,"turns":3},{"damage":4,"enemies":"Small Slimes","floor":4,"turns":3},{"damage":8,"enemies":"Blue Slaver","floor":7,"turns":3},{"damage":0,"enemies":"2 Fungi Beasts","floor":12,"turns":3},{"damage":9,"enemies":"Gremlin Nob","floor":13,"turns":3},{"damage":22,"enemies":"Hexaghost","floor":16,"turns":8},{"damage":6,"enemies":"Spheric Guardian","floor":18,"turns":3},{"damage":20,"enemies":"Chosen","floor":19,"turns":4},{"damage":37,"enemies":"Shelled Parasite and Fungi","floor":20,"turns":5},{"damage":12,"enemies":"Slavers","floor":23,"turns":1}],"seed_played":"3761015047973038326","potions_obtained":[{"floor":1,"key":"FearPotion"},{"floor":2,"key":"PowerPotion"}],"is_trial":false,"path_per_floor":["M","M","$","M","T","R","M","?","T","?","R","M","E","$","R","B",null,"M","M","M","?","?","E"],"character_chosen":"DEFECT","items_purchased":["Bag of Preparation","Anchor"],"campfire_rested":0,"item_purchase_floors":[3,14],"current_hp_per_floor":[53,45,45,41,41,41,33,56,56,56,56,56,47,47,47,25,60,54,41,11,11,11,0,0],"gold":48,"neow_bonus":"TWO_FIFTY_GOLD","is_daily":false,"chose_seed":false,"campfire_upgraded":3,"win_rate":0.0,"timestamp":1608437227,"path_taken":["M","?","$","M","?","R","M","?","T","?","R","M","E","?","R","BOSS","M","M","M","?","?","E"],"items_purchased_type":["Relic","Relic"],"build_version":"2020-12-13","purchased_purges":2,"victory":false,"max_hp_per_floor":[71,71,71,71,71,71,71,71,71,71,71,71,71,71,71,71,71,71,71,71,71,71,71,71],"relic_stats":{"Sozu":2,"counters":[11,40],"Shuriken":[14],"Bronze Scales":[72],"Bag of Preparation":[18],"Smiling Mask":50,"obtain_stats":[{"Sozu":17,"Anchor":14,"Shuriken":5,"Bronze Scales":13,"Oddly Smooth Stone":22,"Bag of Preparation":3,"Cracked Core":0,"Smiling Mask":9},{"Sozu":7,"Anchor":6,"Shuriken":3,"Bronze Scales":6,"Oddly Smooth Stone":10,"Bag of Preparation":2,"Cracked Core":0,"Smiling Mask":4},{"Sozu":27,"Anchor":19,"Shuriken":10,"Bronze Scales":19,"Oddly Smooth Stone":39,"Bag of Preparation":7,"Cracked Core":0,"Smiling Mask":13}]},"card_choices":[{"not_picked":["Stack","Sweeping Beam","Hello World"],"picked":"SKIP","floor":1},{"not_picked":["Stack","BootSequence"],"picked":"Go for the Eyes","floor":2},{"not_picked":["Steam","Compile Driver"],"picked":"FTL","floor":4},{"not_picked":["Doom and Gloom","Stack"],"picked":"Beam Cell","floor":7},{"not_picked":["Leap","Reinforced Body","Sweeping Beam"],"picked":"SKIP","floor":12},{"not_picked":["Steam","FTL"],"picked":"Heatsinks","floor":13},{"not_picked":["Amplify","All For One"],"picked":"Biased Cognition","floor":16},{"not_picked":["Aggregate","Beam Cell"],"picked":"Self Repair","floor":18},{"not_picked":["Melter","Fusion","Compile Driver"],"picked":"SKIP","floor":19},{"not_picked":["Beam Cell","Force Field","Redo"],"picked":"SKIP","floor":20}],"player_experience":507409,"relics_obtained":[{"floor":5,"key":"Shuriken"},{"floor":9,"key":"Smiling Mask"},{"floor":13,"key":"Bronze Scales"}],"event_choices":[{"damage_healed":23,"gold_gain":0,"player_choice":"Banana","damage_taken":0,"max_hp_gain":0,"max_hp_loss":0,"event_name":"Big Fish","floor":8,"gold_loss":0},{"damage_healed":0,"gold_gain":0,"player_choice":"Grow","damage_taken":0,"max_hp_gain":0,"max_hp_loss":0,"event_name":"Living Wall","floor":10,"gold_loss":0,"cards_upgraded":["Beam Cell"]},{"cards_removed":["Strike_B"],"damage_healed":0,"gold_gain":0,"player_choice":"Gave Gold","damage_taken":0,"max_hp_gain":0,"max_hp_loss":0,"event_name":"Beggar","floor":21,"gold_loss":75},{"cards_removed":["Heatsinks"],"damage_healed":0,"gold_gain":0,"player_choice":"Gave Card","damage_taken":0,"relics_obtained":["Oddly Smooth Stone"],"max_hp_gain":0,"max_hp_loss":0,"event_name":"WeMeetAgain","floor":22,"gold_loss":0}],"is_beta":false,"boss_relics":[{"not_picked":["Snecko Eye","Runic Pyramid"],"picked":"Sozu"}],"items_purged_floors":[3,14],"is_endless":false,"potions_floor_spawned":[1,2,19,20],"killed_by":"Slavers","ascension_level":20}}