{"host":"8fjsnt81u6xsmhji","time":1608437442,"event":{"mods":["BaseMod","Colored Powertips","Downfall","Glutton Mod","Minty Spire (QoL Compilation)","Quick Restart","Somnambulant","StSLib","The Bug Knight","The Construct","The Forsaken","The Hierophant","The Mystic"],"gold_per_floor":[116,116,41,53,71,103,115,125,151,151,165,182,196,110,110,206,206,221,221,221,231,251,251,262,262,262,280,280,280],"floor_reached":28,"playtime":2334,"items_purged":["Pain"],"score":226,"play_id":"af826670-8730-4db9-ae21-9c4e8ec4fc84","local_time":"20201219221042","is_ascension_mode":false,"campfire_choices":[{"floor":10.0,"key":"REST"},{"data":"theForsaken:Confusion","floor":15.0,"key":"SMITH"},{"floor":23.0,"key":"RECALL"},{"data":"theForsaken:FuryStrikes","floor":25.0,"key":"SMITH"}],"circlet_count":0,"master_deck":["theForsaken:TheForsaken_Strike+1","theForsaken:TheForsaken_Strike+1","theForsaken:TheForsaken_Strike+1","theForsaken:TheForsaken_Strike+1","theForsaken:TheForsaken_Defend+1","theForsaken:TheForsaken_Defend+1","theForsaken:TheForsaken_Defend+1","theForsaken:TheForsaken_Defend+1","theForsaken:Smite","theForsaken:Penitence","theForsaken:Confusion+1","theForsaken:ChargeAttack","theForsaken:Smite","theForsaken:Devotion","theForsaken:DarkBargain","theForsaken:HealingLight","theForsaken:Backlash","theForsaken:MagicWeapon","theForsaken:HealingLight","theForsaken:DarkBargain","expansioncontent:DecasProtection","theForsaken:FountainOfLife","theForsaken:AncientWords","theForsaken:Terrorize","theForsaken:FuryStrikes+1","theForsaken:Preservation"],"relics":["theForsaken:JudgementScales","Bottled Tornado","Orichalcum","Philosopher\u0027s Stone"],"acts_visited":["Exordium","TheCity"],"potions_floor_usage":[28,28],"damage_taken":[{"damage":0.0,"enemies":"Jaw Worm","floor":1.0,"turns":1.0},{"damage":0.0,"enemies":"Cultist","floor":4.0,"turns":3.0},{"damage":0.0,"enemies":"2 Louse","floor":5.0,"turns":3.0},{"damage":35.0,"enemies":"3 Sentries","floor":6.0,"turns":7.0},{"damage":10.0,"enemies":"Looter","floor":7.0,"turns":2.0},{"damage":2.0,"enemies":"3 Louse","floor":8.0,"turns":3.0},{"damage":2.0,"enemies":"Blue Slaver","floor":11.0,"turns":3.0},{"damage":5.0,"enemies":"Red Slaver","floor":12.0,"turns":3.0},{"damage":0.0,"enemies":"Large Slime","floor":13.0,"turns":7.0},{"damage":53.0,"enemies":"The Guardian","floor":16.0,"turns":10.0},{"damage":32.0,"enemies":"Spheric Guardian","floor":18.0,"turns":6.0},{"damage":3.0,"enemies":"Shell Parasite","floor":21.0,"turns":4.0},{"damage":12.0,"enemies":"3 Cultists","floor":22.0,"turns":4.0},{"damage":11.0,"enemies":"Centurion and Healer","floor":24.0,"turns":9.0},{"damage":37.0,"enemies":"Shelled Parasite and Fungi","floor":27.0,"turns":8.0},{"damage":110,"enemies":"Gremlin Leader","floor":28,"turns":11}],"seed_played":"-5098130423486935852","potions_obtained":[{"floor":4.0,"key":"DistilledChaos"},{"floor":8.0,"key":"champ:CounterPotion"},{"floor":13.0,"key":"Weak Potion"},{"floor":16.0,"key":"Fire Potion"},{"floor":18.0,"key":"EntropicBrew"},{"floor":27.0,"key":"SteroidPotion"}],"is_trial":false,"path_per_floor":["M","?","$","M","M","E","M","M","T","R","M","M","M","$","R","B",null,"M","?","?","M","M","R","M","R","T","M","E"],"character_chosen":"THE_FORSAKEN","items_purchased":["expansioncontent:DecasProtection"],"campfire_rested":1,"item_purchase_floors":[14],"current_hp_per_floor":[65,65,65,65,65,46,36,43,43,62,63,60,65,65,65,36,65,51,51,51,59,61,61,61,61,61,43,0,0],"gold":280,"neow_bonus":"THREE_RARE_CARDS","is_daily":false,"chose_seed":false,"campfire_upgraded":2,"win_rate":0.0,"timestamp":1608437442,"path_taken":["M","?","?","M","M","E","M","M","T","R","M","?","M","?","R","BOSS","M","?","?","M","M","R","M","R","T","M","E"],"items_purchased_type":["Card"],"build_version":"2020-12-13","purchased_purges":1,"victory":false,"max_hp_per_floor":[65,65,65,65,65,65,65,65,65,65,65,65,65,65,65,65,65,67,67,67,69,71,71,74,74,74,76,76,76],"card_choices":[{"not_picked":["theForsaken:CorruptDeck","theForsaken:Retribution"],"picked":"theForsaken:Confusion","floor":0.0},{"not_picked":["theForsaken:HymnOfPatience","theForsaken:ScorchingSunlight","theForsaken:ChargeAttack"],"picked":"SKIP","floor":1.0},{"not_picked":["theForsaken:ChargeAttack","theForsaken:PowerUp"],"picked":"theForsaken:Devotion","floor":4.0},{"not_picked":["theForsaken:HymnOfPatience","theForsaken:LightRoll"],"picked":"theForsaken:DarkBargain","floor":5.0},{"not_picked":["theForsaken:Devotion","theForsaken:HymnOfPatience","theForsaken:ShieldCharge"],"picked":"SKIP","floor":6.0},{"not_picked":["theForsaken:Purification","theForsaken:WardingHymn"],"picked":"theForsaken:HealingLight","floor":7.0},{"not_picked":["theForsaken:ShieldCharge","theForsaken:HorrifyingStrike"],"picked":"theForsaken:Backlash","floor":8.0},{"not_picked":["theForsaken:CreepingInfection","theForsaken:Backlash"],"picked":"theForsaken:MagicWeapon","floor":11.0},{"not_picked":["theForsaken:HymnOfRest","theForsaken:FuryStrikes"],"picked":"theForsaken:HealingLight","floor":12.0},{"not_picked":["theForsaken:RainingSunlight","theForsaken:ScorchingSunlight"],"picked":"theForsaken:DarkBargain","floor":13.0},{"not_picked":["theForsaken:Temperance","theForsaken:Mantra"],"picked":"theForsaken:FountainOfLife","floor":16.0},{"not_picked":["theForsaken:PowerUp","theForsaken:CreepingInfection"],"picked":"theForsaken:AncientWords","floor":18.0},{"not_picked":["theForsaken:PowerUp","theForsaken:RainingSunlight","theForsaken:ChargeAttack"],"picked":"SKIP","floor":21.0},{"not_picked":["theForsaken:ScorchingSunlight+1","theForsaken:Eulogy"],"picked":"theForsaken:Terrorize","floor":22.0},{"not_picked":["theForsaken:RainingSunlight","theForsaken:PanicDive"],"picked":"theForsaken:FuryStrikes","floor":24.0},{"not_picked":["theForsaken:ShieldCharge","theForsaken:RainingSunlight"],"picked":"theForsaken:Preservation","floor":27.0}],"player_experience":585007,"relics_obtained":[{"floor":6.0,"key":"Bottled Tornado"},{"floor":9.0,"key":"Orichalcum"}],"event_choices":[{"damage_healed":0.0,"max_hp_gain":0.0,"max_hp_loss":0.0,"gold_gain":0.0,"event_name":"Match and Keep!","player_choice":"2 cards matched","floor":2.0,"gold_loss":0.0,"damage_taken":0.0,"cards_obtained":["theForsaken:ChargeAttack","theForsaken:Smite"]},{"damage_healed":0.0,"max_hp_gain":0.0,"max_hp_loss":0.0,"gold_gain":0.0,"event_name":"Back to Basics","player_choice":"Simplicity","floor":19.0,"gold_loss":0.0,"damage_taken":0.0,"cards_upgraded":["theForsaken:TheForsaken_Strike","theForsaken:TheForsaken_Strike","theForsaken:TheForsaken_Strike","theForsaken:TheForsaken_Strike","theForsaken:TheForsaken_Defend","theForsaken:TheForsaken_Defend","theForsaken:TheForsaken_Defend","theForsaken:TheForsaken_Defend"]},{"damage_healed":0.0,"max_hp_gain":0.0,"max_hp_loss":0.0,"gold_gain":0.0,"event_name":"Ghosts","player_choice":"Ignored","floor":20.0,"gold_loss":0.0,"damage_taken":0.0}],"is_beta":false,"boss_relics":[{"not_picked":["Tiny House","theForsaken:PaleLantern"],"picked":"Philosopher\u0027s Stone"}],"items_purged_floors":[3],"is_endless":false,"potions_floor_spawned":[4,8,13,16,18,27],"killed_by":"Gremlin Leader","ascension_level":0}}