{"host":"ry4pu9xcjr7tzcbd","time":1608489945,"event":{"mods":["BaseMod","Beaked The Cultist","Downfall","Minty Spire (QoL Compilation)","StSLib"],"gold_per_floor":[99,133,133,133,308,338,364,289,300,300,317,317,329,429,449,449,449],"floor_reached":16,"playtime":689,"items_purged":[],"score":158,"play_id":"c03d157a-02db-4763-9a39-7440927b6a37","local_time":"20201220194545","is_ascension_mode":false,"campfire_choices":[{"data":"Slimebound:Split","floor":1,"key":"SMITH"},{"data":"Slimebound:CorrosiveSpit","floor":3,"key":"SMITH"},{"data":"Slimebound:MinionMaster","floor":8,"key":"SMITH"},{"data":"Slimebound:SlimeSpikes","floor":10,"key":"SMITH"}],"circlet_count":0,"master_deck":["Slimebound:Strike_Slimebound","Slimebound:Strike_Slimebound","Slimebound:Tackle","Slimebound:Defend_Slimebound","Slimebound:Defend_Slimebound","Slimebound:Defend_Slimebound","Slimebound:Split+1","Slimebound:CorrosiveSpit+1","Slimebound:SlimeBarrage+1","Slimebound:MinionMaster+1","Slimebound:SlimeSpikes+1","Slimebound:LeechingTouch","Slimebound:Prepare"],"relics":["Slimebound:AbsorbEndCombat","downfall:HeartsMalice","Sundial","Bag of Marbles","Orichalcum","downfall:HeartBlessingGreen"],"acts_visited":["Exordium"],"potions_floor_usage":[16,16],"damage_taken":[{"damage":0,"enemies":"Gremlin Nob","floor":2,"turns":1},{"damage":0,"enemies":"Jaw Worm","floor":4,"turns":1},{"damage":0,"enemies":"Lagavulin","floor":6,"turns":1},{"damage":12,"enemies":"2 Louse","floor":9,"turns":2},{"damage":11,"enemies":"Cultist","floor":11,"turns":3},{"damage":9,"enemies":"2 Fungi Beasts","floor":13,"turns":3},{"damage":42,"enemies":"downfall:Heads","floor":14,"turns":6},{"damage":14,"enemies":"Exordium Wildlife","floor":15,"turns":4},{"damage":8,"enemies":"downfall:Defect","floor":16,"turns":3}],"seed_played":"-1762395598973802440","potions_obtained":[{"floor":6,"key":"sneckomod:MuddlingPotion"},{"floor":9,"key":"Slimebound:SlimyTonguePotion"},{"floor":15,"key":"ColorlessPotion"}],"is_trial":false,"path_per_floor":["R","E","R","M","?","E","T","R","M","R","M","?","M","?","M","B"],"character_chosen":"SLIMEBOUND","items_purchased":[],"campfire_rested":0,"item_purchase_floors":[],"current_hp_per_floor":[60,60,60,60,60,60,60,60,58,58,59,59,60,38,36,30,30],"gold":449,"neow_bonus":"THREE_ENEMY_KILL","is_daily":false,"chose_seed":false,"campfire_upgraded":4,"win_rate":0.0,"timestamp":1608489945,"path_taken":["R","E","R","M","?","E","T","R","M","R","M","?","?","?","M","BOSS"],"items_purchased_type":[],"build_version":"2020-12-13","purchased_purges":0,"victory":false,"max_hp_per_floor":[60,60,60,60,60,60,60,60,60,60,60,60,60,60,60,60,60],"card_choices":[{"not_picked":["Slimebound:SplitBruiser","Slimebound:ForwardTackle","Slimebound:SpikyOuterGoop"],"picked":"SKIP","floor":2},{"not_picked":["Slimebound:DivideAndConquer","Slimebound:FinishingTackle"],"picked":"Slimebound:SlimeBarrage","floor":4},{"not_picked":["Slimebound:FormOfPuddle","Slimebound:ComboTackle"],"picked":"Slimebound:MinionMaster","floor":6},{"not_picked":["Slimebound:GrowthPunch","Slimebound:GoopSpray"],"picked":"Slimebound:SlimeSpikes","floor":9},{"not_picked":["Slimebound:MegaLick","Slimebound:PressTheAttack","Slimebound:SlimeBarrage"],"picked":"SKIP","floor":11},{"not_picked":["Slimebound:HauntingLick","Slimebound:LeechingTouch","Slimebound:SamplingLick"],"picked":"SKIP","floor":13},{"not_picked":["Slimebound:SlimeSpikes","Slimebound:FormOfPuddle"],"picked":"Slimebound:Prepare","floor":14},{"not_picked":["Slimebound:GrowthPunch","Slimebound:SamplingLick","Slimebound:RollThrough"],"picked":"SKIP","floor":15}],"player_experience":1221428,"relics_obtained":[{"floor":2,"key":"Sundial"},{"floor":6,"key":"Bag of Marbles"},{"floor":7,"key":"Orichalcum"}],"event_choices":[{"cards_removed":["Doubt"],"damage_healed":0,"gold_gain":0,"player_choice":"Card Removal","damage_taken":0,"max_hp_gain":0,"max_hp_loss":0,"event_name":"Wheel of Change","floor":12,"gold_loss":0}],"is_beta":false,"boss_relics":[],"items_purged_floors":[],"is_endless":false,"potions_floor_spawned":[6,9,15],"killed_by":"downfall:Defect","ascension_level":0}}