{"host":"e1pm3b7xpcm97e5w","time":1608427740,"event":{"mods":["BaseMod","Better Skull","Googly Eyes","Minty Spire (QoL Compilation)","Relic Stats","Shop Mod","Spicy Shops","StSLib"],"gold_per_floor":[111,111,186,55,70,70,83,83,83,95,106,139,32,32,32,106,106,122,122,147,72,72,72,72,72,72,85,95,95,129,141,141,214,214,225,241,73,73,88,119,119,19,46,71,71,83,108,137,149,161],"floor_reached":51,"playtime":18021,"items_purged":["Strike_G","Strike_G"],"score":1301,"play_id":"96abbe6b-b6c8-45c0-9fa7-ec67c38dd28e","local_time":"20201219202900","is_ascension_mode":true,"campfire_choices":[{"data":"After Image","floor":6.0,"key":"SMITH"},{"data":"Burst","floor":8.0,"key":"SMITH"},{"data":"Footwork","floor":15.0,"key":"SMITH"},{"floor":23.0,"key":"REST"},{"data":"Deadly Poison","floor":25.0,"key":"SMITH"},{"data":"Survivor","floor":29.0,"key":"SMITH"},{"floor":32.0,"key":"REST"},{"floor":45,"key":"REST"},{"data":"Strike_G","floor":49,"key":"PURGE"}],"circlet_count":0,"master_deck":["AscendersBane","Strike_G","Defend_G","Defend_G","Defend_G","Defend_G","Defend_G","Survivor+1","Neutralize+1","After Image+1","PiercingWail","Burst+1","Footwork+1","Deadly Poison+1","Crippling Poison+1","Escape Plan+1","PiercingWail+1","Burst+1","Deadly Poison+1","Catalyst+1","Deadly Poison+1","Dodge and Roll+1","Malaise+1","Catalyst+1","Footwork+1","Malaise+1","Escape Plan+1"],"relics":["Ring of the Snake","Matryoshka","Paper Crane","Omamori","Toxic Egg 2","Philosopher\u0027s Stone","Mummified Hand","Centennial Puzzle","Ornamental Fan","Mercury Hourglass","Runic Pyramid","DollysMirror","Anchor","Nunchaku","Peace Pipe","MawBank"],"acts_visited":["Exordium","TheCity","TheBeyond"],"potions_floor_usage":[40,44,50,50],"damage_taken":[{"damage":3.0,"enemies":"Jaw Worm","floor":1.0,"turns":5.0},{"damage":1.0,"enemies":"Small Slimes","floor":5.0,"turns":4.0},{"damage":0.0,"enemies":"2 Louse","floor":7.0,"turns":3.0},{"damage":3.0,"enemies":"Large Slime","floor":10.0,"turns":9.0},{"damage":15.0,"enemies":"Exordium Thugs","floor":11.0,"turns":7.0},{"damage":14.0,"enemies":"Gremlin Nob","floor":12.0,"turns":5.0},{"damage":17.0,"enemies":"Hexaghost","floor":16.0,"turns":14.0},{"damage":2.0,"enemies":"Spheric Guardian","floor":18.0,"turns":6.0},{"damage":0.0,"enemies":"Chosen","floor":27.0,"turns":3.0},{"damage":0.0,"enemies":"Centurion and Healer","floor":28.0,"turns":7.0},{"damage":18.0,"enemies":"Slavers","floor":30.0,"turns":6.0},{"damage":11.0,"enemies":"Snecko","floor":31.0,"turns":4.0},{"damage":12,"enemies":"Automaton","floor":33,"turns":6},{"damage":9,"enemies":"Orb Walker","floor":35,"turns":3},{"damage":0,"enemies":"3 Shapes","floor":36,"turns":4},{"damage":0,"enemies":"Spire Growth","floor":39,"turns":4},{"damage":31,"enemies":"Reptomancer","floor":40,"turns":4},{"damage":0,"enemies":"Mind Bloom Boss Battle","floor":44,"turns":3},{"damage":0,"enemies":"4 Shapes","floor":46,"turns":4},{"damage":0,"enemies":"Nemesis","floor":47,"turns":3},{"damage":0,"enemies":"Jaw Worm Horde","floor":48,"turns":5},{"damage":3,"enemies":"Donu and Deca","floor":50,"turns":8}],"seed_played":"-3815062165325958743","potions_obtained":[{"floor":11.0,"key":"SkillPotion"},{"floor":12.0,"key":"GhostInAJar"},{"floor":16.0,"key":"Poison Potion"},{"floor":39,"key":"GhostInAJar"},{"floor":44,"key":"Fire Potion"},{"floor":46,"key":"Energy Potion"},{"floor":47,"key":"LiquidBronze"}],"is_trial":false,"path_per_floor":["M","?","?","$","M","R","M","R","T","M","M","E","$","?","R","B",null,"M","?","T","$","?","R","?","R","T","M","M","R","E","M","R","B",null,"M","M","$","?","M","E","?","$","T","?","R","M","E","M","R","B",null],"character_chosen":"THE_SILENT","items_purchased":["Matryoshka","Escape Plan+1","PiercingWail+1","DollysMirror"],"campfire_rested":3,"item_purchase_floors":[4,13,13,37],"current_hp_per_floor":[56,56,45,45,44,44,44,44,44,41,26,12,12,34,34,17,54,52,52,52,52,34,55,55,55,55,55,55,55,37,26,47,35,62,53,53,53,58,58,27,27,27,27,27,48,48,48,48,48,45],"gold":173,"neow_bonus":"ONE_RANDOM_RARE_CARD","is_daily":false,"chose_seed":false,"campfire_upgraded":5,"win_rate":0.0,"timestamp":1608427740,"path_taken":["M","?","?","$","M","R","M","R","T","M","M","E","$","?","R","BOSS","M","?","?","$","?","R","?","R","T","M","M","R","E","M","R","BOSS","M","M","$","?","?","E","?","?","T","?","R","M","E","M","R","BOSS"],"items_purchased_type":["Relic","Card","Card","Relic"],"build_version":"2020-12-13","purchased_purges":2,"victory":true,"max_hp_per_floor":[66,66,66,66,66,66,66,66,66,66,66,66,66,66,66,66,66,66,66,66,66,71,71,71,71,71,71,71,71,71,71,71,71,71,71,71,71,71,71,71,71,71,71,71,71,71,71,71,71,71],"relic_stats":{"Peace Pipe":1,"Centennial Puzzle":[18],"Nunchaku":[0],"counters":[22,117],"Mummified Hand":[33],"Ornamental Fan":[32],"MawBank":48,"obtain_stats":[{"Omamori":9,"Paper Crane":9,"MawBank":47,"Mercury Hourglass":30,"Peace Pipe":44,"Centennial Puzzle":20,"Anchor":40,"Nunchaku":43,"Matryoshka":4,"Mummified Hand":20,"Ornamental Fan":26,"DollysMirror":37,"Philosopher\u0027s Stone":17,"Toxic Egg 2":12,"Ring of the Snake":0,"Runic Pyramid":34},{"Omamori":3,"Paper Crane":3,"MawBank":20,"Mercury Hourglass":11,"Peace Pipe":18,"Centennial Puzzle":8,"Anchor":17,"Nunchaku":17,"Matryoshka":1,"Mummified Hand":8,"Ornamental Fan":8,"DollysMirror":15,"Philosopher\u0027s Stone":7,"Toxic Egg 2":6,"Ring of the Snake":0,"Runic Pyramid":13},{"Omamori":12,"Paper Crane":12,"MawBank":104,"Mercury Hourglass":69,"Peace Pipe":97,"Centennial Puzzle":53,"Anchor":94,"Nunchaku":94,"Matryoshka":5,"Mummified Hand":53,"Ornamental Fan":53,"DollysMirror":86,"Philosopher\u0027s Stone":47,"Toxic Egg 2":33,"Ring of the Snake":0,"Runic Pyramid":79}],"Ring of the Snake":[44],"Mercury Hourglass":[201]},"card_choices":[{"not_picked":["Slice","Backflip"],"picked":"Blade Dance","floor":1.0},{"not_picked":["Dash","Deadly Poison"],"picked":"PiercingWail","floor":5.0},{"not_picked":["Backflip","Slice"],"picked":"Burst","floor":7.0},{"not_picked":["Dagger Throw","Deadly Poison"],"picked":"Footwork","floor":10.0},{"not_picked":["Dagger Throw","Quick Slash"],"picked":"Deadly Poison","floor":11.0},{"not_picked":["Cloak And Dagger+1","Setup+1"],"picked":"Crippling Poison+1","floor":12.0},{"not_picked":["Grand Finale","Unload"],"picked":"Burst+1","floor":16.0},{"not_picked":["Backflip+1","Bane"],"picked":"Deadly Poison+1","floor":18.0},{"not_picked":["Dagger Throw","PiercingWail+1"],"picked":"Deadly Poison+1","floor":27.0},{"not_picked":["PiercingWail+1","Eviscerate"],"picked":"Dodge and Roll+1","floor":28.0},{"not_picked":["Dodge and Roll+1","Poisoned Stab","Distraction+1"],"picked":"SKIP","floor":30.0},{"not_picked":["Infinite Blades","Dagger Spray","Tactician+1"],"picked":"SKIP","floor":31.0},{"not_picked":["Envenom","Grand Finale"],"picked":"Malaise+1","floor":33},{"not_picked":["Underhanded Strike+1","Bane"],"picked":"Catalyst+1","floor":35},{"not_picked":["All Out Attack","Reflex+1","Accuracy"],"picked":"SKIP","floor":36},{"not_picked":["Poisoned Stab","Acrobatics+1","Outmaneuver+1"],"picked":"SKIP","floor":39},{"not_picked":["Backflip+1","PiercingWail+1"],"picked":"Malaise+1","floor":40},{"not_picked":["Flying Knee","Predator+1"],"picked":"Escape Plan+1","floor":44},{"not_picked":["Flying Knee","Deadly Poison+1","Blade Dance+1"],"picked":"SKIP","floor":46},{"not_picked":["Dodge and Roll+1","Underhanded Strike","All Out Attack"],"picked":"SKIP","floor":47},{"not_picked":["Slice","Blade Dance+1","Flying Knee+1"],"picked":"SKIP","floor":48}],"player_experience":401807,"relics_obtained":[{"floor":9.0,"key":"Paper Crane"},{"floor":9.0,"key":"Omamori"},{"floor":12.0,"key":"Toxic Egg 2"},{"floor":20.0,"key":"Mummified Hand"},{"floor":20.0,"key":"Centennial Puzzle"},{"floor":26.0,"key":"Ornamental Fan"},{"floor":30.0,"key":"Mercury Hourglass"},{"floor":40,"key":"Anchor"},{"floor":43,"key":"Nunchaku"},{"floor":44,"key":"Peace Pipe"},{"floor":47,"key":"MawBank"}],"event_choices":[{"damage_healed":0.0,"max_hp_gain":0.0,"max_hp_loss":0.0,"gold_gain":0.0,"event_name":"Living Wall","player_choice":"Grow","floor":2.0,"gold_loss":0.0,"damage_taken":0.0,"cards_upgraded":["Neutralize"]},{"damage_healed":0.0,"max_hp_gain":0.0,"max_hp_loss":0.0,"gold_gain":75.0,"event_name":"World of Goop","player_choice":"Gather Gold","floor":3.0,"gold_loss":0.0,"damage_taken":11.0},{"damage_healed":22.0,"max_hp_gain":0.0,"max_hp_loss":0.0,"gold_gain":0.0,"event_name":"Big Fish","player_choice":"Banana","floor":14.0,"gold_loss":0.0,"damage_taken":0.0},{"damage_healed":0.0,"max_hp_gain":0.0,"max_hp_loss":0.0,"gold_gain":0.0,"event_name":"The Library","player_choice":"Read","floor":19.0,"gold_loss":0.0,"damage_taken":0.0,"cards_obtained":["Catalyst"]},{"damage_healed":0.0,"max_hp_gain":5.0,"max_hp_loss":0.0,"gold_gain":0.0,"event_name":"Forgotten Altar","player_choice":"Shed Blood","floor":22.0,"gold_loss":0.0,"damage_taken":23.0},{"damage_healed":0.0,"max_hp_gain":0.0,"max_hp_loss":0.0,"gold_gain":0.0,"event_name":"The Mausoleum","player_choice":"Ignored","floor":24.0,"gold_loss":0.0,"damage_taken":0.0},{"cards_removed":["Blade Dance"],"damage_healed":5,"gold_gain":0,"player_choice":"Offered Common","damage_taken":0,"max_hp_gain":0,"max_hp_loss":0,"event_name":"Bonfire Elementals","floor":38,"gold_loss":0},{"cards_removed":["Blade Dance"],"damage_healed":5,"gold_gain":0,"player_choice":"Offered Special","damage_taken":0,"max_hp_gain":0,"max_hp_loss":0,"event_name":"Bonfire Elementals","floor":38,"gold_loss":0},{"cards_removed":["Strike_G"],"damage_healed":0,"gold_gain":0,"player_choice":"Purged","damage_taken":0,"max_hp_gain":0,"max_hp_loss":0,"event_name":"Purifier","floor":41,"gold_loss":0},{"damage_healed":0,"gold_gain":0,"player_choice":"Fight","damage_taken":0,"max_hp_gain":0,"max_hp_loss":0,"event_name":"MindBloom","floor":44,"gold_loss":0}],"is_beta":false,"boss_relics":[{"not_picked":["Cursed Key","HoveringKite"],"picked":"Philosopher\u0027s Stone"},{"not_picked":["Tiny House","Sozu"],"picked":"Runic Pyramid"}],"items_purged_floors":[21,42],"is_endless":false,"potions_floor_spawned":[11,12,16,30,31,33,36,39,44,46,47],"ascension_level":16}}