{"host":"xcuflocadasoaqda","time":1608450466,"event":{"mods":["BaseMod","Bestiary","Filter the Spire","Minty Spire (QoL Compilation)","Relic Stats"],"gold_per_floor":[118,137,153,24,37,37,68,68,68,68,113,123,135,170,170,242,242,255,255,274,274,294,294,324,324,397,397,409,446,30,46,46,123,123,133,133,145,46,46,46,46,46],"floor_reached":41,"playtime":2422,"items_purged":["Perfected Strike","Brutality"],"score":913,"play_id":"d081dc15-4563-4ba6-86a1-d1f56e06f7a6","local_time":"20201220014746","is_ascension_mode":true,"campfire_choices":[{"data":"Searing Blow","floor":6.0,"key":"SMITH"},{"data":"Searing Blow+1","floor":8.0,"key":"SMITH"},{"floor":10.0,"key":"REST"},{"data":"Searing Blow+2","floor":15.0,"key":"SMITH"},{"floor":23.0,"key":"REST"},{"data":"Searing Blow+4","floor":25.0,"key":"SMITH"},{"data":"Armaments","floor":28.0,"key":"SMITH"},{"data":"Impervious","floor":32.0,"key":"SMITH"},{"floor":40,"key":"RECALL"}],"circlet_count":0,"master_deck":["AscendersBane","Bash","Evolve","Blood for Blood","Intimidate","Offering","Barricade","Flame Barrier","Wild Strike","Searing Blow+5","Feel No Pain","Armaments+1","Shrug It Off","Feed","Shrug It Off","Entrench","Immolate","Shrug It Off+1","Shockwave+1","Headbutt+1","Disarm","Impervious+1","Reaper","Impervious","Dark Embrace","True Grit"],"relics":["Pandora\u0027s Box","Paper Frog","Champion Belt","Art of War","Lizard Tail","SlaversCollar","Red Mask","Matryoshka","MawBank","Eternal Feather","Akabeko","Toolbox","Mark of Pain","CeramicFish","Thread and Needle"],"acts_visited":["Exordium","TheCity","TheBeyond"],"potions_floor_usage":[],"damage_taken":[{"damage":6.0,"enemies":"Cultist","floor":1.0,"turns":2.0},{"damage":6.0,"enemies":"2 Louse","floor":2.0,"turns":2.0},{"damage":6.0,"enemies":"Jaw Worm","floor":3.0,"turns":3.0},{"damage":11.0,"enemies":"Lots of Slimes","floor":5.0,"turns":5.0},{"damage":35.0,"enemies":"Gremlin Nob","floor":7.0,"turns":4.0},{"damage":5.0,"enemies":"Exordium Wildlife","floor":12.0,"turns":3.0},{"damage":10.0,"enemies":"Exordium Thugs","floor":13.0,"turns":6.0},{"damage":6.0,"enemies":"Lagavulin","floor":14.0,"turns":9.0},{"damage":26.0,"enemies":"The Guardian","floor":16.0,"turns":13.0},{"damage":17.0,"enemies":"Chosen","floor":18.0,"turns":8.0},{"damage":26.0,"enemies":"Spheric Guardian","floor":20.0,"turns":4.0},{"damage":37.0,"enemies":"Cultist and Chosen","floor":22.0,"turns":7.0},{"damage":3.0,"enemies":"Masked Bandits","floor":24.0,"turns":2.0},{"damage":23.0,"enemies":"Book of Stabbing","floor":29.0,"turns":5.0},{"damage":16.0,"enemies":"Snake Plant","floor":31.0,"turns":7.0},{"damage":10.0,"enemies":"Champ","floor":33.0,"turns":13.0},{"damage":6.0,"enemies":"Orb Walker","floor":35.0,"turns":3.0},{"damage":0,"enemies":"3 Shapes","floor":37,"turns":7},{"damage":15,"enemies":"3 Darklings","floor":41,"turns":20}],"seed_played":"5969319630635792907","potions_obtained":[{"floor":3.0,"key":"PowerPotion"},{"floor":5.0,"key":"GamblersBrew"},{"floor":7.0,"key":"EssenceOfSteel"},{"floor":14.0,"key":"Dexterity Potion"},{"floor":18.0,"key":"EssenceOfSteel"},{"floor":22.0,"key":"Explosive Potion"},{"floor":24.0,"key":"Weak Potion"},{"floor":35.0,"key":"DuplicationPotion"}],"is_trial":false,"path_per_floor":["M","M","M","$","M","R","E","R","T","R","T","M","M","E","R","B",null,"M","?","M","?","M","R","?","R","T","T","R","E","$","M","R","B",null,"M","?","M","$","T","R","M"],"character_chosen":"IRONCLAD","items_purchased":["Shrug It Off","Impervious","Toolbox","Dark Embrace","True Grit"],"campfire_rested":2,"item_purchase_floors":[4,30,30,38,38],"current_hp_per_floor":[62,56,50,50,39,39,4,4,4,26,26,24,18,16,16,37,77,64,64,38,38,5,34,31,31,31,31,43,20,20,8,20,10,79,80,80,109,109,109,109,109,109],"gold":46,"neow_bonus":"BOSS_RELIC","is_daily":false,"chose_seed":false,"campfire_upgraded":6,"win_rate":0.0,"timestamp":1608450466,"path_taken":["M","M","?","$","M","R","E","R","T","R","?","M","M","E","R","BOSS","M","?","M","?","?","R","?","R","T","?","R","E","$","M","R","BOSS","M","?","M","$","?","R","?"],"items_purchased_type":["Card","Card","Relic","Card","Card"],"build_version":"2020-12-13","purchased_purges":2,"victory":false,"max_hp_per_floor":[75,75,75,75,75,75,75,75,75,75,75,78,82,86,86,90,90,94,94,94,94,98,98,98,98,98,98,98,98,98,102,102,102,102,105,105,109,109,109,109,109,109],"relic_stats":{"Lizard Tail":43,"counters":[19,123],"CeramicFish":0,"Pandora\u0027s Box":["Perfected Strike","Evolve","Blood for Blood","Intimidate","Offering","Barricade","Flame Barrier","Brutality","Wild Strike"],"Eternal Feather":24,"Art of War":[47],"Champion Belt":[20],"MawBank":36,"obtain_stats":[{"CeramicFish":39,"Eternal Feather":27,"Thread and Needle":39,"MawBank":27,"Burning Blood":0,"Akabeko":29,"SlaversCollar":17,"Lizard Tail":14,"Matryoshka":26,"Toolbox":30,"Pandora\u0027s Box":0,"Mark of Pain":34,"Art of War":11,"Red Mask":24,"Champion Belt":9,"Paper Frog":7},{"CeramicFish":18,"Eternal Feather":13,"Thread and Needle":18,"MawBank":13,"Burning Blood":0,"Akabeko":14,"SlaversCollar":9,"Lizard Tail":8,"Matryoshka":13,"Toolbox":14,"Pandora\u0027s Box":0,"Mark of Pain":16,"Art of War":5,"Red Mask":13,"Champion Belt":5,"Paper Frog":5},{"CeramicFish":103,"Eternal Feather":68,"Thread and Needle":103,"MawBank":68,"Burning Blood":0,"Akabeko":73,"SlaversCollar":47,"Lizard Tail":34,"Matryoshka":68,"Toolbox":73,"Pandora\u0027s Box":0,"Mark of Pain":93,"Art of War":16,"Red Mask":68,"Champion Belt":16,"Paper Frog":16}]},"card_choices":[{"not_picked":["Twin Strike","Metallicize"],"picked":"Searing Blow","floor":1.0},{"not_picked":["Anger","Sword Boomerang"],"picked":"Feel No Pain","floor":2.0},{"not_picked":["Iron Wave","Anger"],"picked":"Armaments","floor":3.0},{"not_picked":["Dropkick","Metallicize","Rampage"],"picked":"SKIP","floor":5.0},{"not_picked":["Anger","Thunderclap"],"picked":"Feed","floor":7.0},{"not_picked":["Flex","Body Slam"],"picked":"Shrug It Off","floor":12.0},{"not_picked":["Warcry","Searing Blow"],"picked":"Entrench","floor":13.0},{"not_picked":["Armaments","Fire Breathing","Carnage"],"picked":"SKIP","floor":14.0},{"not_picked":["Juggernaut","Limit Break"],"picked":"Immolate","floor":16.0},{"not_picked":["Thunderclap","Pommel Strike+1"],"picked":"Shrug It Off+1","floor":18.0},{"not_picked":["Fire Breathing+1","Headbutt","Sentinel"],"picked":"SKIP","floor":20.0},{"not_picked":["Anger","Rupture"],"picked":"Shockwave+1","floor":22.0},{"not_picked":["Warcry","Rampage"],"picked":"Headbutt+1","floor":24.0},{"not_picked":["Whirlwind","Dropkick"],"picked":"Disarm","floor":29.0},{"not_picked":["Dual Wield","Wild Strike","Armaments"],"picked":"SKIP","floor":31.0},{"not_picked":["Immolate","Barricade"],"picked":"Reaper","floor":33.0},{"not_picked":["Rupture+1","Rampage","Cleave"],"picked":"SKIP","floor":35.0},{"not_picked":["Seeing Red","Havoc","Sword Boomerang"],"picked":"SKIP","floor":37}],"player_experience":1769634,"relics_obtained":[{"floor":7.0,"key":"Paper Frog"},{"floor":9.0,"key":"Champion Belt"},{"floor":11.0,"key":"Art of War"},{"floor":14.0,"key":"Lizard Tail"},{"floor":24.0,"key":"Red Mask"},{"floor":26.0,"key":"Matryoshka"},{"floor":27.0,"key":"MawBank"},{"floor":27.0,"key":"Eternal Feather"},{"floor":29.0,"key":"Akabeko"},{"floor":39,"key":"CeramicFish"},{"floor":39,"key":"Thread and Needle"}],"event_choices":[{"damage_healed":0.0,"max_hp_gain":0.0,"max_hp_loss":0.0,"gold_gain":0.0,"event_name":"The Mausoleum","player_choice":"Ignored","floor":19.0,"gold_loss":0.0,"damage_taken":0.0},{"damage_healed":0.0,"max_hp_gain":0.0,"max_hp_loss":0.0,"gold_gain":0.0,"event_name":"Upgrade Shrine","player_choice":"Upgraded","floor":21.0,"gold_loss":0.0,"damage_taken":0.0,"cards_upgraded":["Searing Blow"]},{"damage_healed":0.0,"max_hp_gain":0.0,"max_hp_loss":0.0,"gold_gain":0.0,"event_name":"Masked Bandits","player_choice":"Fought Bandits","floor":24.0,"gold_loss":0.0,"damage_taken":0.0},{"damage_healed":0.0,"max_hp_gain":0.0,"max_hp_loss":0.0,"gold_gain":0.0,"event_name":"Match and Keep!","player_choice":"1 cards matched","floor":36.0,"gold_loss":0.0,"damage_taken":0.0,"cards_obtained":["Impervious"]}],"is_beta":false,"boss_relics":[{"not_picked":["SacredBark","Coffee Dripper"],"picked":"SlaversCollar"},{"not_picked":["Runic Cube","Philosopher\u0027s Stone"],"picked":"Mark of Pain"}],"items_purged_floors":[4,30],"is_endless":false,"potions_floor_spawned":[3,5,7,14,18,22,24,33,35,37],"killed_by":"3 Darklings","ascension_level":20}}