{"host":"qgwlv9366poilr0p","time":1608490115,"event":{"mods":["Aspiration","BaseMod","Better Match","Better Note","Colored Powertips","Conspire","Dota2Spire","Friendly Minions","Halation","Hubris","Infinite Spire","JesterMod","Minty Spire (QoL Compilation)","Relic Stats","Replay The Spire","Shop Mod","StSLib","The Blue Laboratory","Wandering Minibosses","vexMod"],"gold_per_floor":[110,4,4,79,79,111,111,111,161,12,41,41,41,69,69,148,148,158,158,158,176,176,209,284,284,309,324,138,138,168,187,187,265,265,283,283,283,293,293,293,293,293,343,343,384,178,178,215,215,224],"floor_reached":51,"playtime":2900,"items_purged":["Strike_R","Strike_R","Strike_R"],"score":1548,"play_id":"02884361-5ca1-4628-9b8a-81b4ed554184","local_time":"20201220194835","is_ascension_mode":true,"campfire_choices":[{"data":"Clothesline","floor":7.0,"key":"SMITH"},{"data":"Bash","floor":13.0,"key":"SMITH"},{"data":"Disarm","floor":15.0,"key":"SMITH"},{"data":"Feed","floor":25.0,"key":"SMITH"},{"data":"hubris:StunningStrike","floor":32.0,"key":"SMITH"},{"data":"Berserk","floor":40,"key":"SMITH"},{"data":"Battle Trance","floor":42,"key":"SMITH"},{"data":"Seeing Red","floor":44,"key":"SMITH"},{"data":"Feed","floor":49,"key":"SMITH"}],"circlet_count":0,"master_deck":["AscendersBane","Defend_R","Defend_R","Defend_R","Defend_R","Bash+1","Carnage+1","Clothesline+1","Voices","infinitespire:OneForAll","Feed+1","Disarm+1","Feed+1","infinitespire:UltimateForm+1","Seeing Red+1","hubris:StunningStrike+1","Battle Trance+1","Berserk+1","conspire:Banana+1"],"relics":["Burning Blood","NeowsBlessing","Ring of Misfortune","ReplayTheSpireMod:Ring of Collecting","Dota2Spire:MaskOfMadness","Dota2Spire:ShivaGuard","Blood Vial","ReplayTheSpireMod:Ninjato","Eternal Feather","infinitespire:Cupcake","Dota2Spire:LotusOrb","Potion Belt","Ring of Searing","halation:PromiseList","Membership Card","aspiration:RitualStick","Dota2Spire:PhaseBoots","Runic Pyramid","wanderingMiniBosses:AbyssPearl","halation:PapillonHeart","Oddly Smooth Stone","aspiration:StickyExplosives_weak","Ring of Greed","halation:IllGainedPizza","Blue Doll","Juzu Bracelet","Iron Hammer","Pen Nib"],"acts_visited":["Exordium","TheCity","TheBeyond"],"potions_floor_usage":[38],"damage_taken":[{"damage":0.0,"enemies":"Cultist","floor":1.0,"turns":1.0},{"damage":0.0,"enemies":"Lagavulin","floor":6.0,"turns":1.0},{"damage":0.0,"enemies":"3 Sentries","floor":11.0,"turns":2.0},{"damage":26.0,"enemies":"Lagavulin","floor":14.0,"turns":7.0},{"damage":4.0,"enemies":"Fading Forest","floor":16.0,"turns":11.0},{"damage":10.0,"enemies":"Spheric Guardian","floor":18.0,"turns":4.0},{"damage":1.0,"enemies":"Chosen","floor":21.0,"turns":6.0},{"damage":13.0,"enemies":"conspire:SneckoGhost","floor":23.0,"turns":7.0},{"damage":7.0,"enemies":"3 Cultists","floor":27.0,"turns":8.0},{"damage":15.0,"enemies":"Book of Stabbing","floor":30.0,"turns":9.0},{"damage":5.0,"enemies":"Snake Plant","floor":31.0,"turns":3.0},{"damage":41.0,"enemies":"Champ","floor":33.0,"turns":13.0},{"damage":19,"enemies":"3 Shapes","floor":35,"turns":4},{"damage":49,"enemies":"3 Darklings","floor":38,"turns":6},{"damage":0,"enemies":"Nightmare","floor":45,"turns":7},{"damage":2,"enemies":"Giant Head","floor":48,"turns":5},{"damage":49,"enemies":"Donu and Deca","floor":50,"turns":6}],"seed_played":"634526027308591672","potions_obtained":[{"floor":6.0,"key":"blueLaboratory:NullPotion"},{"floor":14.0,"key":"Death Potion"},{"floor":31.0,"key":"blueLaboratory:FrostheartPotion"},{"floor":33.0,"key":"blueLaboratory:RememoryPotion"},{"floor":45,"key":"Flashbang"},{"floor":48,"key":"Swift Potion"}],"is_trial":false,"path_per_floor":["M","$","?","?","?","E","R","?","T","$","E","$","R","E","R","B",null,"M","?","?","M","?","E","?","R","T","M","$","?","E","M","R","B",null,"M","?","?","M","?","R","AVR","R","T","R","NM","$","?","E","R","B",null],"character_chosen":"IRONCLAD","items_purchased":["Carnage+1","Clothesline","Feed","Membership Card","Iron Hammer","conspire:Banana+1"],"campfire_rested":0,"item_purchase_floors":[2,2,10,28,46,46],"current_hp_per_floor":[74,74,74,63,63,69,69,69,69,69,78,78,78,61,70,74,79,80,59,59,69,69,67,38,47,47,55,55,31,28,35,47,14,82,78,78,78,44,44,56,56,65,65,74,85,85,85,93,102,63],"gold":224,"neow_bonus":"THREE_ENEMY_KILL","is_daily":false,"chose_seed":false,"campfire_upgraded":9,"win_rate":0.0,"timestamp":1608490115,"path_taken":["M","$","?","?","?","E","R","?","T","$","E","$","R","E","R","BOSS","M","?","?","?","?","E","?","R","T","M","$","?","E","M","R","BOSS","M","?","?","?","?","R","AVR","R","T","R","NM","$","?","E","R","BOSS"],"items_purchased_type":["Card","Card","Card","Relic","Relic","Card"],"build_version":"2020-12-13","purchased_purges":3,"victory":true,"max_hp_per_floor":[75,75,75,75,75,75,75,75,75,75,78,78,78,81,81,81,81,84,84,84,87,87,90,90,90,90,97,97,97,101,105,105,105,105,112,112,112,119,113,113,113,113,113,113,116,116,116,118,118,120],"relic_stats":{"Blood Vial":28,"counters":[17,100],"Eternal Feather":69,"Pen Nib":[1],"Juzu Bracelet":0,"obtain_stats":[{"Dota2Spire:MaskOfMadness":6,"halation:PapillonHeart":39,"Blue Doll":43,"wanderingMiniBosses:AbyssPearl":38,"Juzu Bracelet":45,"Burning Blood":0,"Dota2Spire:LotusOrb":23,"aspiration:RitualStick":29,"Ring of Searing":26,"aspiration:StickyExplosives_weak":43,"Blood Vial":9,"Iron Hammer":46,"halation:PromiseList":26,"Runic Pyramid":34,"Potion Belt":24,"ReplayTheSpireMod:Ninjato":11,"NeowsBlessing":0,"Oddly Smooth Stone":41,"halation:IllGainedPizza":43,"Dota2Spire:ShivaGuard":8,"Eternal Feather":14,"Pen Nib":48,"Ring of Greed":43,"Ring of Misfortune":5,"ReplayTheSpireMod:Ring of Collecting":5,"Membership Card":28,"infinitespire:Cupcake":17,"Dota2Spire:PhaseBoots":30},{"Dota2Spire:MaskOfMadness":2,"halation:PapillonHeart":14,"Blue Doll":14,"wanderingMiniBosses:AbyssPearl":14,"Juzu Bracelet":15,"Burning Blood":0,"Dota2Spire:LotusOrb":8,"aspiration:RitualStick":9,"Ring of Searing":8,"aspiration:StickyExplosives_weak":14,"Blood Vial":2,"Iron Hammer":15,"halation:PromiseList":8,"Runic Pyramid":12,"Potion Belt":8,"ReplayTheSpireMod:Ninjato":3,"NeowsBlessing":0,"Oddly Smooth Stone":14,"halation:IllGainedPizza":14,"Dota2Spire:ShivaGuard":2,"Eternal Feather":4,"Pen Nib":16,"Ring of Greed":14,"Ring of Misfortune":1,"ReplayTheSpireMod:Ring of Collecting":1,"Membership Card":9,"infinitespire:Cupcake":5,"Dota2Spire:PhaseBoots":10},{"Dota2Spire:MaskOfMadness":2,"halation:PapillonHeart":82,"Blue Doll":82,"wanderingMiniBosses:AbyssPearl":82,"Juzu Bracelet":89,"Burning Blood":0,"Dota2Spire:LotusOrb":39,"aspiration:RitualStick":47,"Ring of Searing":39,"aspiration:StickyExplosives_weak":82,"Blood Vial":2,"Iron Hammer":89,"halation:PromiseList":39,"Runic Pyramid":72,"Potion Belt":39,"ReplayTheSpireMod:Ninjato":4,"NeowsBlessing":0,"Oddly Smooth Stone":82,"halation:IllGainedPizza":82,"Dota2Spire:ShivaGuard":2,"Eternal Feather":11,"Pen Nib":94,"Ring of Greed":82,"Ring of Misfortune":1,"ReplayTheSpireMod:Ring of Collecting":1,"Membership Card":47,"infinitespire:Cupcake":22,"Dota2Spire:PhaseBoots":56}],"Burning Blood":100,"aspiration:RitualStick":[4]},"card_choices":[{"not_picked":["conspire:ExplosiveBarrier","Havoc","Rupture"],"picked":"SKIP","floor":1.0},{"not_picked":["Pommel Strike","Dark Embrace"],"picked":"infinitespire:OneForAll","floor":6.0},{"not_picked":["Carnage","Combust","hubris:ReadiedAction"],"picked":"SKIP","floor":11.0},{"not_picked":["Iron Wave","Corruption"],"picked":"Disarm","floor":14.0},{"not_picked":["Brutality","conspire:Purge"],"picked":"Feed","floor":16.0},{"not_picked":["Twin Strike","Warcry","Perfected Strike"],"picked":"SKIP","floor":18.0},{"not_picked":["infinitespire:TheBestDefense","infinitespire:Collect"],"picked":"infinitespire:UltimateForm","floor":19.0},{"not_picked":["conspire:ExplosiveBarrier","Heavy Blade","Anger"],"picked":"SKIP","floor":21.0},{"not_picked":["conspire:Charge","Searing Blow","Carnage"],"picked":"SKIP","floor":23.0},{"not_picked":["Perfected Strike","Dark Embrace"],"picked":"Seeing Red","floor":24.0},{"not_picked":["Perfected Strike","Entrench"],"picked":"hubris:StunningStrike","floor":27.0},{"not_picked":["Blood for Blood","conspire:HitWhereItHurts","Clothesline"],"picked":"SKIP","floor":30.0},{"not_picked":["infinitespire:OneForAll","Dropkick"],"picked":"Battle Trance","floor":31.0},{"not_picked":["Feed","Impervious"],"picked":"Berserk","floor":33.0},{"not_picked":["Metallicize+1","Pommel Strike","Thunderclap"],"picked":"SKIP","floor":35},{"not_picked":["Body Slam+1","Havoc","Heavy Blade"],"picked":"SKIP","floor":38},{"not_picked":["Havoc","Juggernaut"],"picked":"Seeing Red","floor":45},{"not_picked":["infinitespire:OneForAll","Rampage","Searing Blow"],"picked":"SKIP","floor":48}],"player_experience":1080785,"relics_obtained":[{"floor":5.0,"key":"Ring of Misfortune"},{"floor":5.0,"key":"ReplayTheSpireMod:Ring of Collecting"},{"floor":6.0,"key":"Dota2Spire:MaskOfMadness"},{"floor":8.0,"key":"Dota2Spire:ShivaGuard"},{"floor":9.0,"key":"Blood Vial"},{"floor":11.0,"key":"ReplayTheSpireMod:Ninjato"},{"floor":14.0,"key":"Eternal Feather"},{"floor":23.0,"key":"Dota2Spire:LotusOrb"},{"floor":24.0,"key":"Potion Belt"},{"floor":26.0,"key":"Ring of Searing"},{"floor":26.0,"key":"halation:PromiseList"},{"floor":30.0,"key":"Dota2Spire:PhaseBoots"},{"floor":38,"key":"wanderingMiniBosses:AbyssPearl"},{"floor":43,"key":"aspiration:StickyExplosives_weak"},{"floor":43,"key":"Ring of Greed"},{"floor":43,"key":"halation:IllGainedPizza"},{"floor":43,"key":"Blue Doll"},{"floor":45,"key":"Juzu Bracelet"},{"floor":48,"key":"Pen Nib"}],"event_choices":[{"damage_healed":0.0,"max_hp_gain":0.0,"max_hp_loss":0.0,"gold_gain":75.0,"event_name":"World of Goop","player_choice":"Gather Gold","floor":4.0,"gold_loss":0.0,"damage_taken":11.0},{"damage_healed":0.0,"max_hp_gain":0.0,"max_hp_loss":0.0,"gold_gain":0.0,"event_name":"Upgrade Shrine","player_choice":"Upgraded","floor":20.0,"gold_loss":0.0,"damage_taken":0.0,"cards_upgraded":["infinitespire:UltimateForm"]},{"damage_healed":0,"gold_gain":0,"player_choice":"Memory 1","damage_taken":0,"max_hp_gain":0,"max_hp_loss":0,"event_name":"SensoryStone","floor":36,"gold_loss":0},{"cards_removed":["Strike_R"],"damage_healed":0,"gold_gain":0,"player_choice":"Purged","damage_taken":0,"max_hp_gain":0,"max_hp_loss":0,"event_name":"Purifier","floor":37,"gold_loss":0},{"cards_removed":["Seeing Red"],"damage_healed":0,"gold_gain":0,"player_choice":"Removed Skill","damage_taken":0,"max_hp_gain":0,"max_hp_loss":0,"event_name":"Falling","floor":47,"gold_loss":0}],"is_beta":false,"boss_relics":[{"not_picked":["aspiration:RitualDagger","ReplayTheSpireMod:DimensionalGlitch"],"picked":"infinitespire:Cupcake"},{"not_picked":["Honey Jar","hubris:Backtick"],"picked":"Runic Pyramid"}],"items_purged_floors":[28,41,46],"is_endless":false,"potions_floor_spawned":[6,14,18,21,31,33,45,48],"ascension_level":15}}