{"host":"6pgtslebjnyv5xmi","time":1608458933,"event":{"mods":["AchievementEnabler","BaseMod","Colored Map","Minty Spire (QoL Compilation)","Rare Cards Sparkle","SuperFastMode","everything is the same but u backflip on backflip"],"gold_per_floor":[113,124,49,49,49,49,74,74,74,74,74,88,103,103,103,204,204,218,218,218,75,86,86,112,112,112,142,142,154,154,154,154,154,154],"floor_reached":33,"playtime":1062,"items_purged":["Strike_R"],"score":277,"play_id":"e14f5fe9-49ff-4b5a-80b8-d690b541d887","local_time":"20201220190853","is_ascension_mode":true,"campfire_choices":[{"data":"Whirlwind","floor":6,"key":"SMITH"},{"data":"Bash","floor":8,"key":"SMITH"},{"floor":11,"key":"RECALL"},{"data":"Defend_R","floor":15,"key":"SMITH"},{"data":"Seeing Red","floor":23,"key":"SMITH"},{"data":"Impervious","floor":28,"key":"SMITH"},{"floor":30,"key":"REST"},{"floor":32,"key":"REST"}],"circlet_count":0,"master_deck":["Strike_R+1","Strike_R+1","Strike_R+1","Strike_R+1","Defend_R+1","Defend_R+1","Defend_R+1","Defend_R+1","Bash+1","Whirlwind+1","Flame Barrier+1","Impervious+1","Entrench+1","Seeing Red+1"],"relics":["Burning Blood","NeowsBlessing","Boot","Shuriken","TungstenRod","Runic Pyramid","Vajra","Blue Candle","Juzu Bracelet","Red Mask","Enchiridion"],"acts_visited":["Exordium","TheCity"],"potions_floor_usage":[16,16,27],"damage_taken":[{"damage":0,"enemies":"Small Slimes","floor":1,"turns":1},{"damage":0,"enemies":"Cultist","floor":2,"turns":1},{"damage":0,"enemies":"3 Sentries","floor":7,"turns":1},{"damage":0,"enemies":"2 Louse","floor":12,"turns":1},{"damage":2,"enemies":"Red Slaver","floor":13,"turns":4},{"damage":77,"enemies":"The Guardian","floor":16,"turns":17},{"damage":0,"enemies":"Chosen","floor":18,"turns":5},{"damage":1,"enemies":"Spheric Guardian","floor":22,"turns":4},{"damage":1,"enemies":"Masked Bandits","floor":27,"turns":2},{"damage":13,"enemies":"Chosen and Byrds","floor":29,"turns":6},{"damage":91,"enemies":"Collector","floor":33,"turns":13}],"seed_played":"-2363710192365886319","potions_obtained":[{"floor":1,"key":"Dexterity Potion"},{"floor":7,"key":"FearPotion"},{"floor":22,"key":"SkillPotion"}],"is_trial":false,"path_per_floor":["M","M","$","?","?","R","E","R","T","?","R","M","M","?","R","B",null,"M","?","?","$","M","R","T","?","T","?","R","M","R","?","R","B"],"character_chosen":"IRONCLAD","items_purchased":["Vajra"],"campfire_rested":2,"item_purchase_floors":[21],"current_hp_per_floor":[80,80,80,77,82,82,85,85,85,85,85,85,85,85,85,14,85,85,85,85,85,85,85,85,85,85,85,85,78,85,73,85,0,0],"gold":154,"neow_bonus":"THREE_ENEMY_KILL","is_daily":false,"chose_seed":false,"campfire_upgraded":5,"win_rate":0.0,"timestamp":1608458933,"path_taken":["M","M","$","?","?","R","E","R","T","?","R","M","?","?","R","BOSS","M","?","?","$","M","R","?","?","T","?","R","M","R","?","R","BOSS"],"items_purchased_type":["Relic"],"build_version":"2020-12-13","purchased_purges":1,"victory":false,"max_hp_per_floor":[80,80,80,80,85,85,85,85,85,85,85,85,85,85,85,85,85,85,85,85,85,85,85,85,85,85,85,85,85,85,85,85,85,85],"card_choices":[{"not_picked":["Burning Pact","Heavy Blade"],"picked":"Whirlwind","floor":1},{"not_picked":["Shockwave","Armaments","Sword Boomerang"],"picked":"SKIP","floor":2},{"not_picked":["Rupture","Anger","Combust"],"picked":"SKIP","floor":7},{"not_picked":["Havoc","Twin Strike"],"picked":"Flame Barrier","floor":12},{"not_picked":["Body Slam","Entrench","Fiend Fire"],"picked":"SKIP","floor":13},{"not_picked":["Fiend Fire","Feed"],"picked":"Impervious","floor":16},{"not_picked":["Ghostly Armor+1","Metallicize"],"picked":"Entrench+1","floor":18},{"not_picked":["Dark Embrace+1","Heavy Blade","Rupture"],"picked":"SKIP","floor":22},{"not_picked":["Pommel Strike","Evolve","Searing Blow+1"],"picked":"SKIP","floor":29}],"player_experience":282871,"relics_obtained":[{"floor":7,"key":"Shuriken"},{"floor":9,"key":"TungstenRod"},{"floor":25,"key":"Blue Candle"},{"floor":26,"key":"Juzu Bracelet"},{"floor":27,"key":"Red Mask"},{"floor":31,"key":"Enchiridion"}],"event_choices":[{"damage_healed":0,"gold_gain":0,"player_choice":"Success","damage_taken":3,"relics_obtained":["Boot"],"max_hp_gain":0,"max_hp_loss":0,"event_name":"Scrap Ooze","floor":4,"gold_loss":0},{"damage_healed":0,"gold_gain":0,"player_choice":"Donut","damage_taken":0,"max_hp_gain":5,"max_hp_loss":0,"event_name":"Big Fish","floor":5,"gold_loss":0},{"damage_healed":0,"gold_gain":0,"player_choice":"0 cards matched","damage_taken":0,"max_hp_gain":0,"max_hp_loss":0,"event_name":"Match and Keep!","floor":10,"gold_loss":0,"cards_obtained":[]},{"damage_healed":0,"gold_gain":0,"player_choice":"Forge","damage_taken":0,"max_hp_gain":0,"max_hp_loss":0,"event_name":"Accursed Blacksmith","floor":14,"gold_loss":0,"cards_upgraded":["Flame Barrier"]},{"damage_healed":0,"gold_gain":0,"player_choice":"Read","damage_taken":0,"max_hp_gain":0,"max_hp_loss":0,"event_name":"The Library","floor":19,"gold_loss":0,"cards_obtained":["Seeing Red"]},{"damage_healed":0,"gold_gain":0,"player_choice":"Simplicity","damage_taken":0,"max_hp_gain":0,"max_hp_loss":0,"event_name":"Back to Basics","floor":20,"gold_loss":0,"cards_upgraded":["Strike_R","Strike_R","Strike_R","Strike_R","Defend_R","Defend_R","Defend_R"]},{"damage_healed":0,"gold_gain":0,"player_choice":"Relic","damage_taken":0,"max_hp_gain":0,"max_hp_loss":0,"event_name":"Wheel of Change","floor":25,"gold_loss":0},{"damage_healed":0,"gold_gain":0,"player_choice":"Fought Bandits","damage_taken":0,"max_hp_gain":0,"max_hp_loss":0,"event_name":"Masked Bandits","floor":27,"gold_loss":0},{"damage_healed":0,"gold_gain":0,"player_choice":"Obtained Book","damage_taken":16,"max_hp_gain":0,"max_hp_loss":0,"event_name":"Cursed Tome","floor":31,"gold_loss":0}],"is_beta":false,"boss_relics":[{"not_picked":["Velvet Choker","Sozu"],"picked":"Runic Pyramid"}],"items_purged_floors":[3],"is_endless":false,"potions_floor_spawned":[1,7,22],"killed_by":"Collector","ascension_level":1}}