{"host":"mgc7o2tpy0ck407l","time":1608479642,"event":{"mods":["Alarm Clock","AlwaysNeverKeys","BaseMod","Better Altar","Better Match","Better Note","Better Sensory Stone","Better Skull","Better Third Choice","Better Vampires","Block Reminder","Booster Modes","Challenge The Spire","Colored Map","Colored Powertips","Disable Question Mark Monsters","Emptier Cage","Infinite Spire","Minty Spire (QoL Compilation)","Permanent Neow","Quick Restart","Rare Cards Sparkle","Reorder Act Four","Replay The Spire","Spicy Shops","StSLib","The Blue Laboratory","Transform Curses","Unceasing Turn Reminder"],"gold_per_floor":[276,106,136,70,102,102,3,3,38,72,100,100,50,0,33,60,86,112],"floor_reached":19,"playtime":1205,"items_purged":["Strike_G","Skewer","ReplayTheSpireMod:Speed Training","Survivor"],"score":495,"play_id":"26a9b80d-3bd8-45e4-8f86-0771b7248cb2","local_time":"20201220105402","daily_mods":["challengethespire:Bronze Difficulty","challengethespire:Elite Rush","Uncertain Future"],"is_ascension_mode":false,"campfire_choices":[{"data":"Apotheosis","floor":8,"key":"SMITH"}],"circlet_count":0,"master_deck":["Neutralize","Footwork","Apotheosis+1","Infinite Blades","Backflip","Blade Dance","Blur","Blur+1","Dagger Spray","Phantasmal Killer","Hidden Blade","Backflip+1","Concentrate","Dodge and Roll","Replay:Poison Smokescreen","Cloak And Dagger","ReplayTheSpireMod:The Works","Prepared","Prepared"],"relics":["Ring of the Snake","Black Star","Sling","PreservedInsect","Kunai","TheAbacus","ReplayTheSpireMod:CursedCoin","Akabeko","Smiling Mask","Divine Protection","Quantum Egg","Gambling Chip","Replay:Bottled Flurry","Replay:Grab Bag","Philosopher\u0027s Stone","Painkiller Herb","Empty Cage","Pandora\u0027s Box","Art of War","Replay:Bottled Snecko","infinitespire:Satchel","War Paint","Oddly Smooth Stone","Bottled Tornado","SlaversCollar","Garlic","infinitespire:FocusingShard","infinitespire:Broken Mirror","Strawberry","Bag of Marbles","Gremlin Food","Replay:Accelerometer","Mango"],"acts_visited":["Exordium"],"potions_floor_usage":[5],"damage_taken":[{"damage":12,"enemies":"Gremlin Nob","floor":3,"turns":5},{"damage":2,"enemies":"Lagavulin","floor":4,"turns":5},{"damage":0,"enemies":"3 Sentries","floor":5,"turns":4},{"damage":0,"enemies":"Gremlin Leader","floor":9,"turns":4},{"damage":3,"enemies":"Slavers","floor":10,"turns":2},{"damage":0,"enemies":"Book of Stabbing","floor":11,"turns":3},{"damage":0,"enemies":"Reptomancer","floor":15,"turns":3},{"damage":0,"enemies":"Giant Head","floor":16,"turns":4},{"damage":0,"enemies":"Nemesis","floor":17,"turns":3},{"damage":0,"enemies":"Shield and Spear","floor":18,"turns":3}],"seed_played":"4343620583285145545","potions_obtained":[{"floor":4,"key":"Adrenaline Potion"},{"floor":10,"key":"Poison Potion"},{"floor":11,"key":"blueLaboratory:HummingbirdPotion"},{"floor":16,"key":"blueLaboratory:NinjaPotion"},{"floor":17,"key":"Regen Potion"}],"is_trial":true,"path_per_floor":["$","$","E","E","E","T","T","T","E","E","E","T","T","T","E","E","E","E",null],"character_chosen":"THE_SILENT","items_purchased":["Footwork","Kunai","ReplayTheSpireMod:Speed Training","TheAbacus","ReplayTheSpireMod:CursedCoin","Apotheosis","Infinite Blades","Backflip","Dodge and Roll"],"campfire_rested":0,"item_purchase_floors":[1,1,1,1,2,2,2,2,7],"current_hp_per_floor":[70,70,58,56,56,56,56,56,56,53,53,53,53,53,53,60,60,74],"gold":112,"neow_bonus":"","is_daily":false,"chose_seed":false,"campfire_upgraded":1,"win_rate":0.0,"timestamp":1608479642,"path_taken":["$","$","E","E","E","T","T","T","E","E","E","T","T","T","E","E","E","E"],"items_purchased_type":["Card","Relic","Card","Relic","Relic","Card","Card","Card","Card"],"build_version":"2020-12-13","purchased_purges":4,"victory":true,"max_hp_per_floor":[70,70,70,70,70,70,70,70,70,70,70,70,70,70,70,77,77,91],"card_choices":[],"player_experience":680159,"relics_obtained":[{"floor":3,"key":"Akabeko"},{"floor":3,"key":"Smiling Mask"},{"floor":4,"key":"Divine Protection"},{"floor":4,"key":"Quantum Egg"},{"floor":5,"key":"Gambling Chip"},{"floor":5,"key":"Replay:Bottled Flurry"},{"floor":9,"key":"Art of War"},{"floor":9,"key":"Replay:Bottled Snecko"},{"floor":10,"key":"infinitespire:Satchel"},{"floor":10,"key":"War Paint"},{"floor":11,"key":"Oddly Smooth Stone"},{"floor":11,"key":"Bottled Tornado"},{"floor":15,"key":"Garlic"},{"floor":15,"key":"infinitespire:FocusingShard"},{"floor":16,"key":"infinitespire:Broken Mirror"},{"floor":16,"key":"Strawberry"},{"floor":17,"key":"Bag of Marbles"},{"floor":17,"key":"Gremlin Food"},{"floor":18,"key":"Replay:Accelerometer"},{"floor":18,"key":"Mango"}],"event_choices":[],"is_beta":false,"boss_relics":[{"not_picked":["ReplayTheSpireMod:DimensionalGlitch","Abe\u0027s Treasure"],"picked":"Replay:Grab Bag"},{"not_picked":["Velvet Choker","Replay:Wanted Poster"],"picked":"Philosopher\u0027s Stone"},{"not_picked":["Coffee Dripper","ChewingGum"],"picked":"Painkiller Herb"},{"not_picked":["Kintsugi","ReplayTheSpireMod:SealedPack"],"picked":"Empty Cage"},{"not_picked":["Snecko Eye","Runic Pyramid"],"picked":"Pandora\u0027s Box"},{"not_picked":["Cursed Key","infinitespire:Cupcake"],"picked":"SlaversCollar"}],"items_purged_floors":[1,7,13,14],"is_endless":false,"potions_floor_spawned":[4,10,11,16,17,18],"ascension_level":0}}