{"host":"0ueeacaatm8t6jyh","time":1608482388,"event":{"mods":["AchievementEnabler","BaseMod","Colored Powertips","Minty Spire (QoL Compilation)","Quick Restart","Rare Cards Sparkle","Shop Mod","StSLib"],"gold_per_floor":[111,111,111,111,123,150,167,202,202,214,214,227,17,32,32,133,133,148,0,0,13,13,38,51,51,129,143,143,169,169,13,13,115,165,182,532,532,342,217,242,242,262,286,317,417,224,240,260,260,260,260,260,17,45,45,45],"floor_reached":55,"playtime":10616,"items_purged":["Strike_G","Strike_G","Defend_G"],"score":990,"play_id":"07737c4f-5fd3-4f63-ba71-fa26e3bab3ef","local_time":"20201221003948","is_ascension_mode":true,"campfire_choices":[{"floor":11.0,"key":"REST"},{"data":"Dash","floor":15.0,"key":"SMITH"},{"floor":25.0,"key":"RECALL"},{"floor":28.0,"key":"REST"},{"data":"Blade Dance","floor":30.0,"key":"SMITH"},{"data":"Caltrops","floor":32.0,"key":"SMITH"},{"data":"Storm of Steel","floor":41.0,"key":"SMITH"},{"floor":49.0,"key":"REST"},{"data":"Cloak And Dagger","floor":52.0,"key":"SMITH"}],"circlet_count":0,"master_deck":["Strike_G+1","Defend_G","Defend_G","Defend_G","Defend_G+1","Survivor","Neutralize","Caltrops+1","Noxious Fumes+1","Dash+1","Calculated Gamble","PiercingWail","Wraith Form v2+1","Cloak And Dagger+1","Envenom+1","Cloak And Dagger","Venomology","Blade Dance+1","A Thousand Cuts+1","Backflip","Choke+1","Doppelganger","Dagger Spray+1","Accuracy+1","Deep Breath","Storm of Steel+1","Sucker Punch+1","Catalyst+1","Footwork+1","Madness","Madness","Purity","Tools of the Trade+1","Accuracy+1","Terror+1","Finisher"],"relics":["Ring of the Snake","Ninja Scroll","Ice Cream","Frozen Egg 2","Runic Pyramid","MutagenicStrength","Bird Faced Urn","Paper Crane","Thread and Needle","Tiny House","Old Coin","Blue Candle","Potion Belt","Anchor","Membership Card","Mummified Hand","InkBottle"],"acts_visited":["Exordium","TheCity","TheBeyond","TheEnding"],"potions_floor_usage":[55,55,55,55,55],"damage_taken":[{"damage":0.0,"enemies":"Cultist","floor":1.0,"turns":4.0},{"damage":0.0,"enemies":"2 Louse","floor":5.0,"turns":3.0},{"damage":17.0,"enemies":"3 Sentries","floor":6.0,"turns":6.0},{"damage":2.0,"enemies":"Small Slimes","floor":7.0,"turns":3.0},{"damage":10.0,"enemies":"Lagavulin","floor":8.0,"turns":6.0},{"damage":0.0,"enemies":"Exordium Wildlife","floor":10.0,"turns":2.0},{"damage":6.0,"enemies":"Gremlin Gang","floor":12.0,"turns":6.0},{"damage":7.0,"enemies":"Lots of Slimes","floor":14.0,"turns":5.0},{"damage":12.0,"enemies":"The Guardian","floor":16.0,"turns":10.0},{"damage":2.0,"enemies":"Spheric Guardian","floor":18.0,"turns":6.0},{"damage":2.0,"enemies":"Chosen","floor":21.0,"turns":5.0},{"damage":23.0,"enemies":"Book of Stabbing","floor":23.0,"turns":7.0},{"damage":14.0,"enemies":"Snake Plant","floor":24.0,"turns":4.0},{"damage":0.0,"enemies":"Snecko","floor":27.0,"turns":5.0},{"damage":11.0,"enemies":"Slavers","floor":29.0,"turns":3.0},{"damage":9.0,"enemies":"Automaton","floor":33.0,"turns":9.0},{"damage":0.0,"enemies":"Orb Walker","floor":35.0,"turns":2.0},{"damage":2.0,"enemies":"Mind Bloom Boss Battle","floor":36.0,"turns":9.0},{"damage":14.0,"enemies":"Reptomancer","floor":40.0,"turns":2.0},{"damage":17.0,"enemies":"3 Shapes","floor":42.0,"turns":3.0},{"damage":26.0,"enemies":"Giant Head","floor":44.0,"turns":8.0},{"damage":0.0,"enemies":"Maw","floor":47.0,"turns":7.0},{"damage":0.0,"enemies":"Transient","floor":48.0,"turns":5.0},{"damage":48.0,"enemies":"Time Eater","floor":50.0,"turns":9.0},{"damage":12.0,"enemies":"Shield and Spear","floor":54.0,"turns":6.0},{"damage":85,"enemies":"The Heart","floor":55,"turns":3}],"seed_played":"-1955991588759505726","potions_obtained":[{"floor":6.0,"key":"SneckoOil"},{"floor":7.0,"key":"ColorlessPotion"},{"floor":8.0,"key":"GamblersBrew"},{"floor":12.0,"key":"Dexterity Potion"},{"floor":29.0,"key":"SpeedPotion"},{"floor":33.0,"key":"BlessingOfTheForge"},{"floor":34.0,"key":"PowerPotion"},{"floor":47.0,"key":"FearPotion"},{"floor":54.0,"key":"Swift Potion"}],"is_trial":false,"path_per_floor":["M","?","?","?","M","E","M","E","T","M","R","M","$","M","R","B",null,"M","$","$","M","?","E","M","R","T","M","R","E","R","$","R","B",null,"M","?","?","$","$","E","R","M","T","E","?","$","M","M","R","B",null,"R","$","E","B"],"character_chosen":"THE_SILENT","items_purchased":["Envenom+1","A Thousand Cuts+1","Accuracy+1","Deep Breath","Purity","Membership Card","Accuracy+1","Mummified Hand","FearPotion","Poison Potion","Finisher","Ancient Potion"],"campfire_rested":3,"item_purchase_floors":[13,19,31,31,38,46,46,53,53,53,53,53],"current_hp_per_floor":[63,63,49,42,42,25,23,13,13,13,34,28,28,21,21,9,55,53,53,53,51,51,28,16,16,16,20,41,32,32,32,32,31,65,67,73,64,64,64,52,52,37,37,25,25,25,37,49,71,27,63,63,63,69,0,0],"gold":45,"neow_bonus":"REMOVE_CARD","is_daily":false,"chose_seed":false,"campfire_upgraded":5,"win_rate":0.0,"timestamp":1608482388,"path_taken":["M","?","?","?","?","E","?","E","T","M","R","M","$","M","R","BOSS","M","?","$","M","?","E","M","R","T","M","R","E","R","$","R","BOSS","M","?","?","?","$","E","R","M","T","E","?","$","?","M","R","BOSS","R","$","E","BOSS"],"items_purchased_type":["Card","Card","Card","Card","Card","Relic","Card","Relic","Potion","Potion","Card","Potion"],"build_version":"2020-12-13","purchased_purges":3,"victory":false,"max_hp_per_floor":[70,70,70,70,70,70,70,70,70,70,70,70,70,70,70,70,70,70,70,70,70,70,70,70,70,70,70,70,70,70,70,70,70,75,75,75,75,75,75,75,75,75,75,75,75,75,75,75,75,75,75,75,75,75,75,75],"card_choices":[{"not_picked":["Outmaneuver","Dodge and Roll"],"picked":"Caltrops","floor":1.0},{"not_picked":["Flying Knee","Poisoned Stab"],"picked":"Dash","floor":5.0},{"not_picked":["Noxious Fumes","Underhanded Strike"],"picked":"Calculated Gamble","floor":6.0},{"not_picked":["Sucker Punch","Poisoned Stab"],"picked":"PiercingWail","floor":7.0},{"not_picked":["Dagger Spray","Masterful Stab"],"picked":"Wraith Form v2+1","floor":8.0},{"not_picked":["Sucker Punch","Outmaneuver","Slice"],"picked":"SKIP","floor":10.0},{"not_picked":["Slice","Deadly Poison"],"picked":"Cloak And Dagger","floor":12.0},{"not_picked":["Acrobatics","Choke"],"picked":"Cloak And Dagger","floor":14.0},{"not_picked":["Glass Knife","Burst"],"picked":"Venomology","floor":16.0},{"not_picked":["Dagger Throw","Slice"],"picked":"Blade Dance","floor":18.0},{"not_picked":["Dodge and Roll","Crippling Poison"],"picked":"Backflip","floor":21.0},{"not_picked":["Prepared","Outmaneuver+1"],"picked":"Choke+1","floor":23.0},{"not_picked":["Acrobatics+1","Dagger Spray"],"picked":"Doppelganger","floor":24.0},{"not_picked":["Quick Slash","Flying Knee"],"picked":"Dagger Spray+1","floor":27.0},{"not_picked":["Backstab","Dodge and Roll+1","Deflect+1"],"picked":"SKIP","floor":29.0},{"not_picked":["Venomology","Glass Knife"],"picked":"Storm of Steel","floor":33.0},{"not_picked":["Flechettes","Acrobatics+1"],"picked":"Sucker Punch+1","floor":34.0},{"not_picked":["Blade Dance","Dash+1"],"picked":"Catalyst+1","floor":35.0},{"not_picked":["Flying Knee","Poisoned Stab+1"],"picked":"Footwork+1","floor":36.0},{"not_picked":["Acrobatics","Venomology"],"picked":"Tools of the Trade+1","floor":40.0},{"not_picked":["Underhanded Strike","Flying Knee","Quick Slash+1"],"picked":"SKIP","floor":42.0},{"not_picked":["Flying Knee","Poisoned Stab","Die Die Die"],"picked":"SKIP","floor":44.0},{"not_picked":["PiercingWail","Outmaneuver+1","Escape Plan+1"],"picked":"SKIP","floor":47.0},{"not_picked":["Finisher","Calculated Gamble"],"picked":"Terror+1","floor":48.0},{"not_picked":["Deadly Poison+1","Sucker Punch","Calculated Gamble+1"],"picked":"SKIP","floor":54.0}],"player_experience":271407,"relics_obtained":[{"floor":6.0,"key":"Ice Cream"},{"floor":8.0,"key":"Frozen Egg 2"},{"floor":23.0,"key":"Bird Faced Urn"},{"floor":26.0,"key":"Paper Crane"},{"floor":29.0,"key":"Thread and Needle"},{"floor":36.0,"key":"Old Coin"},{"floor":40.0,"key":"Blue Candle"},{"floor":43.0,"key":"Potion Belt"},{"floor":44.0,"key":"Anchor"},{"floor":54.0,"key":"InkBottle"}],"event_choices":[{"damage_healed":0.0,"max_hp_gain":0.0,"max_hp_loss":0.0,"gold_gain":0.0,"cards_transformed":["Strike_G"],"event_name":"Living Wall","player_choice":"Change","floor":2.0,"gold_loss":0.0,"damage_taken":0.0,"cards_obtained":["Noxious Fumes"]},{"damage_healed":0.0,"max_hp_gain":0.0,"max_hp_loss":0.0,"gold_gain":0.0,"event_name":"Shining Light","player_choice":"Entered Light","floor":3.0,"gold_loss":0.0,"damage_taken":14.0,"cards_upgraded":["Strike_G","Noxious Fumes"]},{"damage_healed":0.0,"max_hp_gain":0.0,"max_hp_loss":0.0,"gold_gain":0.0,"event_name":"Scrap Ooze","player_choice":"Success","floor":4.0,"gold_loss":0.0,"damage_taken":7.0,"relics_obtained":["Ninja Scroll"]},{"damage_healed":0.0,"max_hp_gain":0.0,"max_hp_loss":0.0,"gold_gain":0.0,"event_name":"Drug Dealer","player_choice":"Inject Mutagens","floor":22.0,"gold_loss":0.0,"damage_taken":0.0,"relics_obtained":["MutagenicStrength"]},{"damage_healed":0.0,"max_hp_gain":0.0,"max_hp_loss":0.0,"gold_gain":0.0,"event_name":"MindBloom","player_choice":"Fight","floor":36.0,"gold_loss":0.0,"damage_taken":0.0},{"damage_healed":0.0,"max_hp_gain":0.0,"max_hp_loss":0.0,"gold_gain":0.0,"event_name":"Winding Halls","player_choice":"Embrace Madness","floor":37.0,"gold_loss":0.0,"damage_taken":9.0,"cards_obtained":["Madness","Madness"]},{"damage_healed":0.0,"max_hp_gain":0.0,"max_hp_loss":0.0,"gold_gain":100.0,"event_name":"Golden Shrine","player_choice":"Pray","floor":45.0,"gold_loss":0.0,"damage_taken":0.0}],"is_beta":false,"boss_relics":[{"not_picked":["Snecko Eye","Cursed Key"],"picked":"Runic Pyramid"},{"not_picked":["Runic Dome","Velvet Choker"],"picked":"Tiny House"}],"items_purged_floors":[13,38,39],"is_endless":false,"potions_floor_spawned":[6,7,8,12,27,29,33,35,47,54],"killed_by":"The Heart","ascension_level":6}}