{"host":"5gc11emcm5chfr5t","time":1608503169,"event":{"mods":["2.2 Compatiblity","AchievementEnabler","BaseMod","Bestiary","Better Note","Colored Map","Colored Powertips","Downfall","Googly Eyes","Minty Spire (QoL Compilation)","Rare Cards Sparkle","StSLib"],"gold_per_floor":[99,132,132,18,18,81,81,6,31,31,43,78,90,111,128,204,204,54,54,54,54,81,181,207,207,225,225,425,437,448,18,38,122,122,122,151,176,201,226,226,226,226,252,252,360,535,568,20,49,64,64,96,34,34,31],"floor_reached":56,"playtime":4153,"items_purged":["Regret","hexamod:Haunted","Pain"],"score":2331,"play_id":"3b7f1b10-7ca2-408c-a83b-28b65b873bf9","local_time":"20201220172609","is_ascension_mode":true,"campfire_choices":[{"floor":1,"key":"RECALL"},{"floor":8,"key":"REST"},{"floor":10,"key":"REST"},{"data":"sneckomod:UnknownRareSkill","floor":18,"key":"SMITH"},{"data":"sneckomod:Restock","floor":21,"key":"SMITH"},{"floor":25,"key":"REST"},{"data":"sneckomod:UnknownRareSkill","floor":27,"key":"SMITH"},{"data":"sneckomod:SoulExchange","floor":35,"key":"SMITH"},{"floor":44,"key":"DIG"},{"floor":54,"key":"DIG"}],"circlet_count":0,"master_deck":["AscendersBane","sneckomod:TailWhip","sneckomod:SnekBite+1","sneckomod:Unknown","sneckomod:Unknown","sneckomod:TrashToTreasure","sneckomod:WideSting","sneckomod:TrashToTreasure","sneckomod:IronFang","sneckomod:UnknownExhaust","sneckomod:UnknownRareSkill+1","sneckomod:QuickBite","sneckomod:UnknownWeak","sneckomod:SoulExchange+1","sneckomod:IronFang+1","sneckomod:Restock+1","sneckomod:Unknown","sneckomod:UnknownClassHEXA_GHOST_PURPLE","sneckomod:UnknownClassTHE_CHAMP_GRAY","sneckomod:UnknownRareSkill+1","sneckomod:UnknownClassHEXA_GHOST_PURPLE","sneckomod:UnknownVulnerable","sneckomod:UnknownUncommonSkill","sneckomod:UnknownUncommonPower+1","sneckomod:PureSnecko","sneckomod:SoulExchange","expansioncontent:DefensiveStance+1","sneckomod:SlitherStrike","sneckomod:UnknownClassRED","sneckomod:UnknownRareAttack","sneckomod:Nope+1","sneckomod:SoulRoll+1","sneckomod:GlitteringGambit","sneckomod:Mudshield+1","sneckomod:DangerNoodle","sneckomod:ImprovisedAttack","sneckomod:WideSting","expansioncontent:GuardianWhirl","Parasite","sneckomod:PureSnecko","sneckomod:Nope+1","Mayhem+1","sneckomod:ImprovisedAttack","sneckomod:WideSting","expansioncontent:ManipulateTime"],"relics":["sneckomod:SneckoSoul","downfall:HeartsMalice","PreservedInsect","Regal Pillow","downfall:HeartBlessingBlue","Matryoshka","Odd Mushroom","Philosopher\u0027s Stone","downfall:HeartBlessingGreen","downfall:HeartBlessingRed","Frozen Egg 2","Dead Branch","The Courier","Akabeko","Tiny Chest","Question Card","StrikeDummy","CeramicFish","Black Star","Shovel","Vajra","Ancient Tea Set","Potion Belt","InkBottle","Unceasing Top","MawBank","downfall:GremlinSack","Du-Vu Doll","Blood Vial","Centennial Puzzle","Mercury Hourglass"],"acts_visited":["Exordium","TheCity","TheBeyond","TheEnding"],"potions_floor_usage":[9,14,16,22,32,37,45,47,49],"damage_taken":[{"damage":0,"enemies":"Gremlin Nob","floor":2,"turns":1},{"damage":0,"enemies":"downfall:FleeingMerchant","floor":4,"turns":1},{"damage":0,"enemies":"2 Louse","floor":5,"turns":1},{"damage":51,"enemies":"Lagavulin Event","floor":6,"turns":6},{"damage":26,"enemies":"3 Sentries","floor":9,"turns":7},{"damage":8,"enemies":"Jaw Worm","floor":11,"turns":5},{"damage":0,"enemies":"Small Slimes","floor":12,"turns":2},{"damage":0,"enemies":"Large Slime","floor":13,"turns":4},{"damage":19,"enemies":"The Mushroom Lair","floor":14,"turns":4},{"damage":10,"enemies":"2 Fungi Beasts","floor":15,"turns":3},{"damage":36,"enemies":"downfall:Watcher","floor":16,"turns":12},{"damage":12,"enemies":"Gremlin Leader","floor":22,"turns":4},{"damage":32,"enemies":"downfall:Defect","floor":23,"turns":5},{"damage":12,"enemies":"3 Byrds","floor":26,"turns":2},{"damage":0,"enemies":"Snecko","floor":29,"turns":2},{"damage":0,"enemies":"Shelled Parasite and Fungi","floor":30,"turns":1},{"damage":0,"enemies":"downfall:FleeingMerchant","floor":31,"turns":3},{"damage":0,"enemies":"3 Cultists","floor":32,"turns":3},{"damage":13,"enemies":"downfall:Ironclad","floor":33,"turns":7},{"damage":0,"enemies":"3 Darklings","floor":36,"turns":2},{"damage":18,"enemies":"Mind Bloom Boss Battle","floor":37,"turns":3},{"damage":21,"enemies":"3 Shapes","floor":38,"turns":2},{"damage":10,"enemies":"Giant Head","floor":39,"turns":3},{"damage":0,"enemies":"3 Darklings","floor":43,"turns":2},{"damage":16,"enemies":"Spire Growth","floor":45,"turns":3},{"damage":0,"enemies":"Spire Growth","floor":46,"turns":2},{"damage":30,"enemies":"Maw","floor":47,"turns":4},{"damage":27,"enemies":"3 Darklings","floor":49,"turns":3},{"damage":0,"enemies":"downfall:Defect","floor":50,"turns":4},{"damage":0,"enemies":"downfall:CharBossMerchant","floor":52,"turns":3},{"damage":18,"enemies":"downfall:NeowBoss","floor":55,"turns":12}],"seed_played":"-8783590289596543452","potions_obtained":[{"floor":6,"key":"DistilledChaos"},{"floor":12,"key":"sneckomod:OffclassReductionPotion"},{"floor":13,"key":"Regen Potion"},{"floor":15,"key":"Explosive Potion"},{"floor":22,"key":"SpeedPotion"},{"floor":26,"key":"SkillPotion"},{"floor":32,"key":"SmokeBomb"},{"floor":36,"key":"DistilledChaos"},{"floor":38,"key":"PowerPotion"},{"floor":39,"key":"Regen Potion"},{"floor":46,"key":"Guardian:BlockOnCardUsePotion"}],"is_trial":false,"path_per_floor":["R","E","?","$","M","?","T","R","E","R","M","M","M","?","M","B",null,"R","?","?","R","E","?","T","R","M","R","?","M","M","$","M","B",null,"R","M","?","M","E","T","T","?","M","R","M","?","M","$","M","B",null,"E","$","R","B",null],"character_chosen":"THE_SNECKO","items_purchased":["sneckomod:TrashToTreasure","expansioncontent:DefensiveStance+1","Question Card","StrikeDummy","CeramicFish","sneckomod:SlitherStrike","Du-Vu Doll","Mayhem+1","SpeedPotion","expansioncontent:ManipulateTime"],"campfire_rested":3,"item_purchase_floors":[4,31,31,31,31,31,48,48,48,53],"current_hp_per_floor":[75,75,75,75,75,25,25,78,53,95,87,88,88,69,59,38,82,82,88,88,88,84,53,53,99,94,94,94,94,94,94,95,83,100,100,100,82,76,66,66,66,66,66,66,50,50,29,29,2,2,80,80,80,80,66],"gold":31,"neow_bonus":"THREE_ENEMY_KILL","is_daily":false,"chose_seed":false,"campfire_upgraded":4,"win_rate":0.0,"timestamp":1608503169,"path_taken":["R","E","?","$","M","?","T","R","E","R","M","M","M","?","M","BOSS","R","?","?","R","E","?","T","R","M","R","?","?","M","$","M","BOSS","R","M","?","M","E","?","T","?","M","R","M","?","M","$","M","BOSS","E","$","R","BOSS"],"items_purchased_type":["Card","Card","Relic","Relic","Relic","Card","Relic","Card","Potion","Card"],"build_version":"2020-12-13","purchased_purges":3,"victory":true,"max_hp_per_floor":[83,83,83,83,83,84,84,94,95,95,95,96,96,96,96,96,96,96,102,102,102,103,104,104,104,104,104,104,104,104,104,105,106,106,106,106,106,106,106,106,106,106,106,106,106,106,106,106,106,106,106,106,106,106,106],"card_choices":[{"not_picked":["sneckomod:UnknownCommonSkill","sneckomod:UnknownUncommonPower"],"picked":"sneckomod:TrashToTreasure","floor":2},{"not_picked":["sneckomod:UnknownExhaust","sneckomod:SoulDraw"],"picked":"sneckomod:WideSting","floor":4},{"not_picked":["sneckomod:Unknown1Cost","sneckomod:UnknownStrike"],"picked":"sneckomod:IronFang","floor":5},{"not_picked":["sneckomod:SnekBeam","sneckomod:QuickMove"],"picked":"sneckomod:UnknownExhaust","floor":6},{"not_picked":["sneckomod:Unknown2Cost","sneckomod:UnknownVulnerable"],"picked":"sneckomod:UnknownRareSkill","floor":9},{"not_picked":["sneckomod:MixItUp","sneckomod:UnknownStrike"],"picked":"sneckomod:QuickBite","floor":11},{"not_picked":["sneckomod:UnknownCommonSkill","sneckomod:Nope"],"picked":"sneckomod:UnknownWeak","floor":12},{"not_picked":["sneckomod:UnknownX","sneckomod:SoulRoll"],"picked":"sneckomod:SoulExchange","floor":13},{"not_picked":["sneckomod:PureSnecko","sneckomod:UnknownClassHEXA_GHOST_PURPLE"],"picked":"sneckomod:SoulDraw","floor":14},{"not_picked":["sneckomod:UnknownVulnerable","sneckomod:Nope"],"picked":"sneckomod:IronFang","floor":15},{"not_picked":["sneckomod:SerpentMind","sneckomod:UnlimitedRolls"],"picked":"sneckomod:Restock","floor":16},{"not_picked":["sneckomod:UnknownStrike","sneckomod:UnknownBlock"],"picked":"sneckomod:UnknownUncommonSkill","floor":22},{"not_picked":["sneckomod:RainOfDice","sneckomod:UnknownCommonSkill"],"picked":"sneckomod:UnknownUncommonPower+1","floor":23},{"not_picked":["sneckomod:ImprovisedGuard+1","sneckomod:DefensiveFlair"],"picked":"sneckomod:PureSnecko","floor":26},{"not_picked":["sneckomod:UnknownCommonSkill","sneckomod:UnknownVulnerable","sneckomod:RainOfDice"],"picked":"SKIP","floor":29},{"not_picked":["sneckomod:QuickMove","sneckomod:UnknownStrike","sneckomod:DiceCrush"],"picked":"SKIP","floor":30},{"not_picked":["sneckomod:DiceBlock","sneckomod:UnknownStrength"],"picked":"sneckomod:SoulExchange","floor":31},{"not_picked":["sneckomod:RainOfDice","sneckomod:DiceBlock","sneckomod:UnknownWeak"],"picked":"sneckomod:UnknownClassRED","floor":32},{"not_picked":["sneckomod:SoulExchange","sneckomod:SerpentMind+1","sneckomod:Restock"],"picked":"sneckomod:UnknownRareAttack","floor":33},{"not_picked":["sneckomod:UnknownBlock","sneckomod:UnknownCommonSkill","sneckomod:SoulDraw"],"picked":"sneckomod:Nope+1","floor":36},{"not_picked":["sneckomod:Rotation","sneckomod:Nope+1","sneckomod:UnknownStrike"],"picked":"sneckomod:SoulRoll+1","floor":38},{"not_picked":["sneckomod:UnknownStrike+1","sneckomod:RainOfDice","sneckomod:IronFang","sneckomod:UnknownEthereal"],"picked":"SKIP","floor":39},{"not_picked":["sneckomod:DiceBlock","sneckomod:DiceCrush","sneckomod:QuickBite"],"picked":"sneckomod:GlitteringGambit","floor":43},{"not_picked":["sneckomod:UnknownCommonSkill+1","sneckomod:UnknownStrike+1","sneckomod:UnknownWeak","sneckomod:DiceCrush+1"],"picked":"SKIP","floor":43},{"not_picked":["sneckomod:UnknownClassGREEN","sneckomod:Unknown0Cost","sneckomod:QuickMove"],"picked":"sneckomod:Mudshield+1","floor":45},{"not_picked":["sneckomod:UnknownClassBLUE","sneckomod:UnknownClassTHE_CHAMP_GRAY","sneckomod:UnknownCommonSkill+1"],"picked":"sneckomod:PureSnecko","floor":46},{"not_picked":["sneckomod:IronFang","sneckomod:QuickMove+1","sneckomod:UnknownWeak+1"],"picked":"sneckomod:Nope+1","floor":47},{"not_picked":["sneckomod:SoulDraw+1","sneckomod:CheapStock+1","sneckomod:UnknownUncommonAttack"],"picked":"sneckomod:ImprovisedAttack","floor":49},{"not_picked":["sneckomod:PureSnecko+1","sneckomod:UnknownStrike","sneckomod:UnlimitedRolls+1"],"picked":"sneckomod:WideSting","floor":52}],"player_experience":455780,"relics_obtained":[{"floor":2,"key":"PreservedInsect"},{"floor":6,"key":"Regal Pillow"},{"floor":9,"key":"Matryoshka"},{"floor":14,"key":"Odd Mushroom"},{"floor":22,"key":"Frozen Egg 2"},{"floor":23,"key":"Dead Branch"},{"floor":23,"key":"The Courier"},{"floor":24,"key":"Akabeko"},{"floor":24,"key":"Tiny Chest"},{"floor":37,"key":"Shovel"},{"floor":39,"key":"Vajra"},{"floor":39,"key":"Ancient Tea Set"},{"floor":40,"key":"Potion Belt"},{"floor":40,"key":"InkBottle"},{"floor":41,"key":"Unceasing Top"},{"floor":44,"key":"MawBank"},{"floor":46,"key":"downfall:GremlinSack"},{"floor":52,"key":"Blood Vial"},{"floor":52,"key":"Centennial Puzzle"},{"floor":54,"key":"Mercury Hourglass"}],"event_choices":[{"damage_healed":0,"gold_gain":0,"player_choice":"Fought Mushrooms","damage_taken":0,"max_hp_gain":0,"max_hp_loss":0,"event_name":"Mushrooms","floor":14,"gold_loss":0},{"damage_healed":0,"gold_gain":0,"player_choice":"Ignored","damage_taken":0,"max_hp_gain":0,"max_hp_loss":0,"event_name":"Vampires","floor":20,"gold_loss":0},{"cards_removed":["sneckomod:SoulDraw"],"damage_healed":0,"gold_gain":0,"player_choice":"Removed Skill","damage_taken":0,"max_hp_gain":0,"max_hp_loss":0,"event_name":"Falling","floor":42,"gold_loss":0}],"is_beta":false,"boss_relics":[{"not_picked":["Cursed Key","Ectoplasm"],"picked":"Philosopher\u0027s Stone"},{"not_picked":["Runic Dome","Pandora\u0027s Box"],"picked":"Black Star"}],"items_purged_floors":[4,31,48],"is_endless":false,"potions_floor_spawned":[6,12,13,15,22,26,32,36,38,39,46],"ascension_level":19}}