{"host":"ywif2ugnepgiw45s","time":1608431420,"event":{"mods":["Act Like it!","BaseMod","Better Skull","Downfall","Elementarium","GifTheSpireLib","Hermit","Lobotomy","Marisa????????","Minty Spire (QoL Compilation)","READ ME - Guardian Mod","Shade Mod","Shop Mod","StSLib","The Cursed","The Jungle","The Runesmith"],"gold_per_floor":[113,113,39,52,52,87,108,183,260,304,318,493,493,534,534,655,655,689,296,296,320,75,75,75,75],"floor_reached":24,"playtime":14715,"items_purged":["hermit:Defend_Hermit"],"score":223,"play_id":"3110d0c8-392b-4e5d-81d9-68700e789f02","local_time":"20201219213020","is_ascension_mode":true,"campfire_choices":[{"floor":13,"key":"REST"},{"data":"hermit:FlashPowder","floor":15,"key":"SMITH"},{"data":"Mayhem","floor":23,"key":"SMITH"}],"circlet_count":0,"master_deck":["hermit:Strike_Hermit+1","hermit:Strike_Hermit","hermit:Strike_Hermit","hermit:Defend_Hermit","hermit:Defend_Hermit","hermit:Defend_Hermit","hermit:Snapshot+1","hermit:Covet","hermit:Dive+1","hermit:Brawl","hermit:Dissolve","hermit:FlashPowder+1","hermit:DeadOrAlive","Mayhem+1","hermit:ShadowCloak","hermit:GoldenBullet","hermit:Misfire+1"],"relics":["hermit:Momento","Bag of Marbles","Golden Idol","Bag of Preparation","Matryoshka","Omamori","Whetstone","Empty Cage","Kunai"],"acts_visited":["Exordium","TheCity"],"potions_floor_usage":[14],"damage_taken":[{"damage":1,"enemies":"Jaw Worm","floor":1,"turns":3},{"damage":3,"enemies":"Small Slimes","floor":4,"turns":4},{"damage":2,"enemies":"Lagavulin","floor":6,"turns":9},{"damage":0,"enemies":"2 Louse","floor":7,"turns":3},{"damage":13,"enemies":"3 Sentries","floor":10,"turns":9},{"damage":8,"enemies":"Large Slime","floor":11,"turns":12},{"damage":17,"enemies":"Lagavulin","floor":14,"turns":8},{"damage":9,"enemies":"The Guardian","floor":16,"turns":14},{"damage":5,"enemies":"Shell Parasite","floor":18,"turns":9},{"damage":23,"enemies":"Spheric Guardian","floor":21,"turns":8},{"damage":49,"enemies":"Gremlin Leader","floor":24,"turns":14}],"seed_played":"-9163516609364957228","potions_obtained":[{"floor":1,"key":"LiquidBronze"},{"floor":7,"key":"SmokeBomb"},{"floor":10,"key":"ColorlessPotion"},{"floor":11,"key":"PowerPotion"}],"is_trial":false,"path_per_floor":["M","?","$","M","?","E","M","?","T","E","M","?","R","E","R","B",null,"M","$","?","M","$","R","E"],"character_chosen":"HERMIT","items_purchased":["hermit:Brawl","Mayhem","hermit:ShadowCloak","hermit:GoldenBullet","Kunai"],"campfire_rested":1,"item_purchase_floors":[3,19,19,19,22],"current_hp_per_floor":[74,74,74,71,71,69,69,58,58,45,37,37,59,42,42,33,75,70,70,70,47,47,47,0,0],"gold":75,"neow_bonus":"RANDOM_COMMON_RELIC","is_daily":false,"chose_seed":false,"campfire_upgraded":2,"win_rate":0.0,"timestamp":1608431420,"path_taken":["M","?","$","M","?","E","M","?","T","E","M","?","R","E","R","BOSS","M","$","?","M","?","R","E"],"items_purchased_type":["Card","Card","Card","Card","Relic"],"build_version":"2020-12-13","purchased_purges":1,"victory":false,"max_hp_per_floor":[75,75,75,75,75,75,75,75,75,75,75,75,75,75,75,75,75,75,75,75,75,75,75,75,75],"card_choices":[{"not_picked":["hermit:EyeOfTheStorm","hermit:Vantage"],"picked":"hermit:Dive","floor":1},{"not_picked":["hermit:BodyArmor","hermit:Quickdraw","hermit:HighCaliber"],"picked":"SKIP","floor":4},{"not_picked":["hermit:TrackingShot","hermit:ItchyTrigger","hermit:WideOpen"],"picked":"SKIP","floor":6},{"not_picked":["hermit:Desperado","hermit:ItchyTrigger","hermit:WideOpen"],"picked":"SKIP","floor":7},{"not_picked":["hermit:HighCaliber","hermit:CalledShot"],"picked":"hermit:Dissolve","floor":10},{"not_picked":["hermit:Vantage","hermit:Roulette","hermit:CursedWeapon"],"picked":"SKIP","floor":11},{"not_picked":["hermit:Brawl","hermit:LoneWolf"],"picked":"hermit:FlashPowder","floor":14},{"not_picked":["hermit:BlackWind","hermit:OverwhelmingPower"],"picked":"hermit:DeadOrAlive","floor":16},{"not_picked":["hermit:CalledShot","hermit:WideOpen","hermit:Virtue"],"picked":"SKIP","floor":18},{"not_picked":["hermit:Misfire+1","hermit:Midnight","hermit:Shortfuse+1"],"picked":"SKIP","floor":21},{"not_picked":["hermit:Midnight","hermit:Shortfuse+1"],"picked":"hermit:Misfire+1","floor":21}],"player_experience":1543877,"relics_obtained":[{"floor":6,"key":"Bag of Preparation"},{"floor":9,"key":"Matryoshka"},{"floor":10,"key":"Omamori"},{"floor":14,"key":"Whetstone"}],"event_choices":[{"damage_healed":0,"gold_gain":0,"player_choice":"Grow","damage_taken":0,"max_hp_gain":0,"max_hp_loss":0,"event_name":"Living Wall","floor":2,"gold_loss":0,"cards_upgraded":["hermit:Dive"]},{"damage_healed":0,"gold_gain":0,"player_choice":"Take Wound","damage_taken":0,"relics_obtained":["Golden Idol"],"max_hp_gain":0,"max_hp_loss":0,"event_name":"Golden Idol","floor":5,"gold_loss":0,"cards_obtained":["Injury"]},{"damage_healed":0,"gold_gain":75,"player_choice":"Gather Gold","damage_taken":11,"max_hp_gain":0,"max_hp_loss":0,"event_name":"World of Goop","floor":8,"gold_loss":0},{"damage_healed":0,"gold_gain":175,"player_choice":"AGREE","damage_taken":0,"max_hp_gain":0,"max_hp_loss":0,"event_name":"Liars Game","floor":12,"gold_loss":0,"cards_obtained":["Doubt"]},{"damage_healed":0,"gold_gain":0,"player_choice":"Ignored","damage_taken":0,"max_hp_gain":0,"max_hp_loss":0,"event_name":"NoteForYourself","floor":20,"gold_loss":0}],"is_beta":false,"boss_relics":[{"not_picked":["SacredBark","hermit:DentedPlate"],"picked":"Empty Cage"}],"items_purged_floors":[19],"is_endless":false,"potions_floor_spawned":[1,7,10,11],"killed_by":"Gremlin Leader","ascension_level":1}}