{"host":"51dweoxrcspgw6ri","time":1608453403,"event":{"mods":["BaseMod","Colored Map","Colored Powertips","Minty Spire (QoL Compilation)","Rare Cards Sparkle","Relic Stats","StSLib","SuperFastMode","The Bug Knight"],"gold_per_floor":[111,111,12,30,30,30,30,65,91,39,69,88,104,123,123,123,123],"floor_reached":16,"playtime":559,"items_purged":[],"score":142,"play_id":"31e520e7-90a6-4383-92c4-8208330b19c0","local_time":"20201220093643","is_ascension_mode":true,"campfire_choices":[{"data":"HollowMod:CycloneSlash","floor":6,"key":"SMITH"},{"data":"HollowMod:CycloneSlash","floor":15,"key":"SMITH"}],"circlet_count":0,"master_deck":["HollowMod:NailStrikeStart","HollowMod:NailStrikeStart","HollowMod:NailStrikeStart","HollowMod:NailStrikeStart","HollowMod:QuickDashStart","HollowMod:QuickDashStart","HollowMod:QuickDashStart","HollowMod:QuickDashStart","HollowMod:FocusHealStart","HollowMod:PogoStrike","HollowMod:DungDefenderAura","HollowMod:CycloneSlash+1","HollowMod:CloakDash","HollowMod:HuntersJournal","HollowMod:SiblingsSouls","HollowMod:ChannelNail","HollowMod:HuntersJournal","HollowMod:DoubleDash","HollowMod:CycloneSlash+1"],"relics":["HollowMod:VesselMask","NeowsBlessing","FaceOfCleric","Art of War","Akabeko","Bottled Flame"],"acts_visited":["Exordium"],"potions_floor_usage":[16,16],"damage_taken":[{"damage":0,"enemies":"Jaw Worm","floor":1,"turns":1},{"damage":0,"enemies":"Cultist","floor":4,"turns":1},{"damage":0,"enemies":"3 Sentries","floor":8,"turns":1},{"damage":16,"enemies":"Lagavulin","floor":11,"turns":6},{"damage":0,"enemies":"2 Louse","floor":12,"turns":1},{"damage":0,"enemies":"Lots of Slimes","floor":13,"turns":1},{"damage":0,"enemies":"Large Slime","floor":14,"turns":4},{"damage":85,"enemies":"Hexaghost","floor":16,"turns":15}],"seed_played":"-3389834885311359800","potions_obtained":[{"floor":11,"key":"DuplicationPotion"},{"floor":12,"key":"SkillPotion"}],"is_trial":false,"path_per_floor":["M","?","$","M","$","R","$","E","T","$","E","M","M","M","R","B"],"character_chosen":"THE_BUGKNIGHT","items_purchased":["HollowMod:CycloneSlash","HollowMod:CloakDash","HollowMod:ChannelNail"],"campfire_rested":0,"item_purchase_floors":[3,3,10],"current_hp_per_floor":[75,75,75,76,76,76,76,77,77,77,62,63,64,71,71,0,0],"gold":123,"neow_bonus":"THREE_ENEMY_KILL","is_daily":false,"chose_seed":false,"campfire_upgraded":2,"win_rate":0.0,"timestamp":1608453403,"path_taken":["M","?","?","M","$","R","$","E","T","$","E","M","M","M","R","BOSS"],"items_purchased_type":["Card","Card","Card"],"build_version":"2020-12-13","purchased_purges":0,"victory":false,"max_hp_per_floor":[75,75,75,76,76,76,76,77,77,77,78,79,80,81,81,81,81],"relic_stats":{"FaceOfCleric":6,"counters":[8,30],"Art of War":[2],"obtain_stats":[{"Bottled Flame":11,"NeowsBlessing":0,"FaceOfCleric":2,"HollowMod:VesselMask":0,"Art of War":8,"Akabeko":9},{"Bottled Flame":4,"NeowsBlessing":0,"FaceOfCleric":1,"HollowMod:VesselMask":0,"Art of War":3,"Akabeko":3},{"Bottled Flame":9,"NeowsBlessing":0,"FaceOfCleric":1,"HollowMod:VesselMask":0,"Art of War":3,"Akabeko":3}]},"card_choices":[{"not_picked":["HollowMod:VengefulVoid","HollowMod:MonarchWings"],"picked":"HollowMod:DungDefenderAura","floor":1},{"not_picked":["HollowMod:CloakDash","HollowMod:DreamGate"],"picked":"HollowMod:HuntersJournal","floor":4},{"not_picked":["HollowMod:BlackTendrils","HollowMod:FallenFury"],"picked":"HollowMod:SiblingsSouls","floor":8},{"not_picked":["HollowMod:CloakDash","HollowMod:TaintedHusks"],"picked":"HollowMod:HuntersJournal","floor":11},{"not_picked":["HollowMod:NewJinnsSoul","HollowMod:HornetsHelp"],"picked":"HollowMod:DoubleDash","floor":12},{"not_picked":["HollowMod:FallenFury","HollowMod:HeavyBlow","HollowMod:AbyssShriek"],"picked":"SKIP","floor":13},{"not_picked":["HollowMod:NewGlowingWomb","HollowMod:SharpenedNail"],"picked":"HollowMod:CycloneSlash","floor":14}],"player_experience":529842,"relics_obtained":[{"floor":8,"key":"Art of War"},{"floor":9,"key":"Akabeko"},{"floor":11,"key":"Bottled Flame"}],"event_choices":[{"damage_healed":0,"gold_gain":0,"player_choice":"Trade","damage_taken":0,"relics_obtained":["FaceOfCleric"],"max_hp_gain":0,"max_hp_loss":0,"event_name":"FaceTrader","floor":2,"gold_loss":0}],"is_beta":false,"boss_relics":[],"items_purged_floors":[],"is_endless":false,"potions_floor_spawned":[11,12],"killed_by":"Hexaghost","ascension_level":1}}