{"host":"27cnk69rbdk9vsnt","time":1608483236,"event":{"mods":["BaseMod","CatGirl Mod","Ekko","Energized Spire","JesterMod","Mimic Mod","Minty Spire (QoL Compilation)","Shade Mod","Shop Mod","StSLib","The Spell Scribe","Thieving Mod"],"gold_per_floor":[114,114,125,125,125,125,152,170,219,233,253,253,270,26,26,129,129,69,69,82,92,92,92],"floor_reached":22,"playtime":1300,"items_purged":[],"score":186,"play_id":"3d06e36e-590b-479c-ab13-ccc4ce1c524e","local_time":"20201220175356","is_ascension_mode":false,"campfire_choices":[{"data":"jesterMod:Dodge","floor":6,"key":"SMITH"},{"floor":12,"key":"REST"},{"data":"jesterMod:Discretion","floor":15,"key":"SMITH"}],"circlet_count":0,"master_deck":["jesterMod:Strike","jesterMod:Strike","jesterMod:Strike","jesterMod:Strike","jesterMod:Sickle","jesterMod:Defend","jesterMod:Defend","jesterMod:Defend","jesterMod:Defend","jesterMod:Dodge+1","jesterMod:HedgehogForm+1","jesterMod:JackInTheBox","jesterMod:JugglerBlade","jesterMod:Placebo","jesterMod:TrickyDodge","jesterMod:QuickStrike","jesterMod:ExperimentalTreatment","jesterMod:Discretion+1","jesterMod:Drunkenness","jesterMod:Rebuff","jesterMod:Prankster","jesterMod:Feint+1"],"relics":["jesterMod:JesterCap","Blood Vial","Bottled Tornado","MealTicket","Question Card","Busted Crown"],"acts_visited":["Exordium","TheCity"],"potions_floor_usage":[8],"damage_taken":[{"damage":0,"enemies":"Small Slimes","floor":1,"turns":4},{"damage":1,"enemies":"Jaw Worm","floor":3,"turns":5},{"damage":39,"enemies":"3 Sentries","floor":7,"turns":10},{"damage":0,"enemies":"Cultist","floor":8,"turns":5},{"damage":1,"enemies":"2 Fungi Beasts","floor":10,"turns":6},{"damage":12,"enemies":"Blue Slaver","floor":11,"turns":5},{"damage":0,"enemies":"Looter","floor":13,"turns":3},{"damage":31,"enemies":"Hexaghost","floor":16,"turns":9},{"damage":12,"enemies":"2 Thieves","floor":18,"turns":4},{"damage":29,"enemies":"Shell Parasite","floor":20,"turns":6},{"damage":13,"enemies":"Centurion and Healer","floor":21,"turns":11},{"damage":30,"enemies":"Snake Plant","floor":22,"turns":5}],"seed_played":"-6965066124786960631","potions_obtained":[{"floor":7,"key":"ColorlessPotion"},{"floor":10,"key":"Explosive Potion"},{"floor":13,"key":"SpeedPotion"}],"is_trial":false,"path_per_floor":["M","?","M","?","?","R","E","M","T","M","M","R","M","$","R","B",null,"M","$","M","M","M"],"character_chosen":"THE_JESTER","items_purchased":["Question Card"],"campfire_rested":1,"item_purchase_floors":[14],"current_hp_per_floor":[70,75,74,56,56,56,19,21,21,22,12,34,36,51,51,23,75,63,55,29,22,0,0],"gold":92,"neow_bonus":"ONE_RANDOM_RARE_CARD","is_daily":false,"chose_seed":false,"campfire_upgraded":2,"win_rate":0.0,"timestamp":1608483236,"path_taken":["M","?","M","?","?","R","E","M","T","M","?","R","M","$","R","BOSS","M","?","M","M","M"],"items_purchased_type":["Relic"],"build_version":"2020-12-13","purchased_purges":0,"victory":false,"max_hp_per_floor":[70,75,75,75,75,75,75,75,75,75,75,75,75,75,75,75,75,75,75,75,75,75,75],"card_choices":[{"not_picked":["jesterMod:Tinker","jesterMod:Feint"],"picked":"jesterMod:JackInTheBox","floor":1},{"not_picked":["jesterMod:Hide","jesterMod:Illness"],"picked":"jesterMod:JugglerBlade","floor":3},{"not_picked":["jesterMod:Haste","jesterMod:JugglerBlade"],"picked":"jesterMod:Placebo","floor":7},{"not_picked":["jesterMod:DesperateStrike","jesterMod:Disposophobia"],"picked":"jesterMod:TrickyDodge","floor":8},{"not_picked":["jesterMod:Precipitation","jesterMod:Anticipation"],"picked":"jesterMod:QuickStrike","floor":10},{"not_picked":["jesterMod:Patience","jesterMod:Disposophobia"],"picked":"jesterMod:ExperimentalTreatment","floor":11},{"not_picked":["jesterMod:JackInTheBox","jesterMod:Feint"],"picked":"jesterMod:Discretion","floor":13},{"not_picked":["jesterMod:Juggle","jesterMod:ButterflyDance","jesterMod:Finale"],"picked":"jesterMod:Drunkenness","floor":16},{"not_picked":["jesterMod:RecklessStrike"],"picked":"jesterMod:Rebuff","floor":18},{"not_picked":["jesterMod:Tinker"],"picked":"jesterMod:Prankster","floor":20},{"not_picked":["jesterMod:TrickyDodge"],"picked":"jesterMod:Feint+1","floor":21}],"player_experience":465868,"relics_obtained":[{"floor":7,"key":"Bottled Tornado"},{"floor":9,"key":"MealTicket"}],"event_choices":[{"damage_healed":0,"gold_gain":0,"player_choice":"Donut","damage_taken":0,"max_hp_gain":5,"max_hp_loss":0,"event_name":"Big Fish","floor":2,"gold_loss":0},{"damage_healed":0,"gold_gain":0,"player_choice":"Success","damage_taken":18,"relics_obtained":["Blood Vial"],"max_hp_gain":0,"max_hp_loss":0,"event_name":"Scrap Ooze","floor":4,"gold_loss":0},{"damage_healed":0,"gold_gain":0,"player_choice":"Grow","damage_taken":0,"max_hp_gain":0,"max_hp_loss":0,"event_name":"Living Wall","floor":5,"gold_loss":0,"cards_upgraded":["jesterMod:HedgehogForm"]}],"is_beta":false,"boss_relics":[{"not_picked":["jesterMod:JokerCard","energizedSpire:RedRose"],"picked":"Busted Crown"}],"items_purged_floors":[],"is_endless":false,"potions_floor_spawned":[7,10,13],"killed_by":"Snake Plant","ascension_level":0}}