{"host":"8fjsnt81u6xsmhji","time":1608470274,"event":{"mods":["BaseMod","Colored Powertips","Downfall","Glutton Mod","Minty Spire (QoL Compilation)","Quick Restart","Somnambulant","StSLib","The Bug Knight","The Construct","The Forsaken","The Hierophant","The Mystic"],"gold_per_floor":[110,110,210,222,235,235,262,262,262,262,76,92,105,122,122,218,218,228,228,240,258,101,132,132,144,144,155,155,155,174,188,188,290,290,302,316,333,350,365,396,396,415,468,487,520,520,61,78,78,78],"floor_reached":51,"playtime":2655,"items_purged":["Doubt"],"score":823,"play_id":"cac42b85-5b8d-4752-9650-02b89fed9528","local_time":"20201220071754","is_ascension_mode":true,"campfire_choices":[{"floor":6.0,"key":"REST"},{"floor":8.0,"key":"RECALL"},{"data":"Apotheosis","floor":15.0,"key":"SMITH"},{"floor":24.0,"key":"REST"},{"floor":28.0,"key":"REST"},{"floor":32.0,"key":"REST"},{"floor":41.0,"key":"REST"},{"floor":49.0,"key":"REST"}],"circlet_count":0,"master_deck":["Strike_G","Strike_G","Strike_G","Defend_G","Defend_G","Defend_G","Defend_G","Defend_G","Survivor","Neutralize","expansioncontent:QuickStudy","Dodge and Roll","Poisoned Stab","Deadly Poison","After Image","Apotheosis+1","Dagger Throw","Bane","Envenom","CurseOfTheBell","Blur","Flechettes","Deadly Poison+1","Terror","Crippling Poison+1","Night Terror","Footwork","Bane","Corpse Explosion","Prepared+1","Footwork","Catalyst+1","Parasite","Backstab","Backstab+1","Tools of the Trade","Bouncing Flask+1","Catalyst","Noxious Fumes"],"relics":["Ring of the Snake","Mercury Hourglass","Turnip","theForsaken:ScaryMask","Calling Bell","Toy Ornithopter","Gremlin Horn","Tingsha","Art of War","Smiling Mask","Shuriken","Black Star","Bag of Marbles","Regal Pillow","theForsaken:Lifeblossom","Singing Bowl","Ninja Scroll","Bottled Tornado"],"acts_visited":["Exordium","TheCity","TheBeyond"],"potions_floor_usage":[50,50,50],"damage_taken":[{"damage":0.0,"enemies":"Cultist","floor":1.0,"turns":3.0},{"damage":0.0,"enemies":"Jaw Worm","floor":4.0,"turns":2.0},{"damage":0.0,"enemies":"2 Louse","floor":5.0,"turns":1.0},{"damage":8.0,"enemies":"Lagavulin","floor":7.0,"turns":5.0},{"damage":2.0,"enemies":"Looter","floor":12.0,"turns":3.0},{"damage":0.0,"enemies":"Gremlin Gang","floor":13.0,"turns":1.0},{"damage":0.0,"enemies":"Large Slime","floor":14.0,"turns":5.0},{"damage":5.0,"enemies":"The Guardian","floor":16.0,"turns":8.0},{"damage":6.0,"enemies":"Spheric Guardian","floor":18.0,"turns":4.0},{"damage":0.0,"enemies":"3 Byrds","floor":20.0,"turns":4.0},{"damage":14.0,"enemies":"Cultist and Chosen","floor":21.0,"turns":5.0},{"damage":43.0,"enemies":"Gremlin Leader","floor":23.0,"turns":7.0},{"damage":8.0,"enemies":"Snake Plant","floor":25.0,"turns":4.0},{"damage":0.0,"enemies":"Snecko","floor":27.0,"turns":5.0},{"damage":13.0,"enemies":"Centurion and Healer","floor":30.0,"turns":5.0},{"damage":0.0,"enemies":"Chosen and Byrds","floor":31.0,"turns":7.0},{"damage":41.0,"enemies":"Automaton","floor":33.0,"turns":11.0},{"damage":0.0,"enemies":"3 Shapes","floor":35.0,"turns":2.0},{"damage":10.0,"enemies":"Orb Walker","floor":36.0,"turns":4.0},{"damage":0.0,"enemies":"4 Shapes","floor":37.0,"turns":4.0},{"damage":6.0,"enemies":"3 Darklings","floor":38.0,"turns":3.0},{"damage":25.0,"enemies":"Writhing Mass","floor":39.0,"turns":7.0},{"damage":23.0,"enemies":"Reptomancer","floor":40.0,"turns":7.0},{"damage":14.0,"enemies":"Transient","floor":42.0,"turns":5.0},{"damage":10.0,"enemies":"Sphere and 2 Shapes","floor":44.0,"turns":5.0},{"damage":34.0,"enemies":"Nemesis","floor":45.0,"turns":5.0},{"damage":46.0,"enemies":"Spire Growth","floor":48.0,"turns":5.0},{"damage":68,"enemies":"Donu and Deca","floor":50,"turns":6}],"seed_played":"-5062179006628718192","potions_obtained":[{"floor":4.0,"key":"Weak Potion"},{"floor":12.0,"key":"Guardian:BlockOnCardUsePotion"},{"floor":13.0,"key":"PowerPotion"},{"floor":14.0,"key":"DuplicationPotion"},{"floor":20.0,"key":"Weak Potion"},{"floor":23.0,"key":"Explosive Potion"},{"floor":25.0,"key":"ColorlessPotion"},{"floor":33.0,"key":"ColorlessPotion"},{"floor":42.0,"key":"Strength Potion"},{"floor":44.0,"key":"Strength Potion"}],"is_trial":false,"path_per_floor":["M","?","?","M","M","R","E","R","T","?","$","M","M","M","R","B",null,"M","?","M","M","$","E","R","M","T","M","R","?","M","M","R","B",null,"M","M","M","M","M","E","R","M","T","M","E","?","$","M","R","B",null],"character_chosen":"THE_SILENT","items_purchased":["Apotheosis","Art of War","Noxious Fumes","Bottled Tornado","CunningPotion"],"campfire_rested":6,"item_purchase_floors":[11,22,47,47,47],"current_hp_per_floor":[49,46,46,46,46,67,59,59,59,59,59,57,57,57,57,52,70,64,64,64,50,50,12,33,25,25,25,46,46,38,38,59,18,70,70,60,60,59,39,26,62,48,48,44,21,70,70,26,62,7],"gold":78,"neow_bonus":"RANDOM_COLORLESS_2","is_daily":false,"chose_seed":false,"campfire_upgraded":1,"win_rate":0.0,"timestamp":1608470274,"path_taken":["M","?","?","?","M","R","E","R","T","?","$","M","M","M","R","BOSS","M","?","?","M","$","E","R","M","T","M","R","?","M","M","R","BOSS","M","M","M","M","M","E","R","M","T","?","E","?","$","M","R","BOSS"],"items_purchased_type":["Card","Relic","Card","Relic","Potion"],"build_version":"2020-12-13","purchased_purges":1,"victory":true,"max_hp_per_floor":[70,70,70,70,70,70,70,70,70,70,70,70,70,70,70,70,70,70,70,70,70,70,70,70,70,70,70,70,70,70,70,70,70,70,70,70,70,70,70,70,70,70,70,70,70,70,70,72,72,72],"card_choices":[{"not_picked":["The Bomb","Violence"],"picked":"expansioncontent:QuickStudy","floor":0.0},{"not_picked":["Eviscerate","Finisher"],"picked":"Dodge and Roll","floor":1.0},{"not_picked":["Bane","Accuracy"],"picked":"Poisoned Stab","floor":4.0},{"not_picked":["Poisoned Stab","Underhanded Strike"],"picked":"Deadly Poison","floor":5.0},{"not_picked":["Finisher","Flying Knee"],"picked":"After Image","floor":7.0},{"not_picked":["Underhanded Strike","Poisoned Stab","Acrobatics"],"picked":"SKIP","floor":12.0},{"not_picked":["Masterful Stab","Skewer"],"picked":"Dagger Throw","floor":13.0},{"not_picked":["Flying Knee","Backflip"],"picked":"Bane","floor":14.0},{"not_picked":["Glass Knife","Burst"],"picked":"Envenom","floor":16.0},{"not_picked":["Backflip","Leg Sweep"],"picked":"Blur","floor":18.0},{"not_picked":["Slice","Poisoned Stab"],"picked":"Flechettes","floor":20.0},{"not_picked":["Heel Hook","Dodge and Roll+1","Prepared+1"],"picked":"SKIP","floor":21.0},{"not_picked":["Sucker Punch+1","Dodge and Roll"],"picked":"Deadly Poison+1","floor":23.0},{"not_picked":["Flechettes+1","Eviscerate"],"picked":"Terror","floor":25.0},{"not_picked":["Prepared+1","Outmaneuver"],"picked":"Crippling Poison+1","floor":27.0},{"not_picked":["Cloak And Dagger","Unload"],"picked":"Footwork","floor":30.0},{"not_picked":["Endless Agony","Finisher"],"picked":"Bane","floor":31.0},{"not_picked":["Storm of Steel","Adrenaline"],"picked":"Corpse Explosion","floor":33.0},{"not_picked":["Acrobatics+1","Finisher+1","Deadly Poison+1"],"picked":"SKIP","floor":35.0},{"not_picked":["Underhanded Strike","Cloak And Dagger+1"],"picked":"Prepared+1","floor":36.0},{"not_picked":["Masterful Stab+1","Calculated Gamble+1"],"picked":"Footwork","floor":37.0},{"not_picked":["Blade Dance+1","Sucker Punch"],"picked":"Catalyst+1","floor":38.0},{"not_picked":["Underhanded Strike","Dagger Spray"],"picked":"Backstab","floor":39.0},{"not_picked":["Poisoned Stab+1","Blade Dance"],"picked":"Backstab+1","floor":40.0},{"not_picked":["Dagger Throw","Bane"],"picked":"Tools of the Trade","floor":42.0},{"not_picked":["PiercingWail+1","Dodge and Roll"],"picked":"Bouncing Flask+1","floor":44.0},{"not_picked":["Poisoned Stab+1","Blade Dance"],"picked":"Catalyst","floor":45.0},{"not_picked":["Skewer+1","Dodge and Roll","Flying Knee+1"],"picked":"Singing Bowl","floor":48.0}],"player_experience":614465,"relics_obtained":[{"floor":7.0,"key":"Turnip"},{"floor":9.0,"key":"theForsaken:ScaryMask"},{"floor":17.0,"key":"Toy Ornithopter"},{"floor":17.0,"key":"Gremlin Horn"},{"floor":17.0,"key":"Tingsha"},{"floor":23.0,"key":"Smiling Mask"},{"floor":26.0,"key":"Shuriken"},{"floor":40.0,"key":"Bag of Marbles"},{"floor":40.0,"key":"Regal Pillow"},{"floor":43.0,"key":"theForsaken:Lifeblossom"},{"floor":45.0,"key":"Singing Bowl"},{"floor":45.0,"key":"Ninja Scroll"}],"event_choices":[{"damage_healed":0.0,"max_hp_gain":0.0,"max_hp_loss":0.0,"gold_gain":0.0,"event_name":"Scrap Ooze","player_choice":"Success","floor":2.0,"gold_loss":0.0,"damage_taken":3.0,"relics_obtained":["Mercury Hourglass"]},{"damage_healed":0.0,"max_hp_gain":0.0,"max_hp_loss":0.0,"gold_gain":100.0,"event_name":"Golden Shrine","player_choice":"Pray","floor":3.0,"gold_loss":0.0,"damage_taken":0.0},{"damage_healed":0.0,"max_hp_gain":0.0,"max_hp_loss":0.0,"gold_gain":0.0,"event_name":"Shining Light","player_choice":"Ignored","floor":10.0,"gold_loss":0.0,"damage_taken":0.0},{"cards_removed":["Strike_G"],"damage_healed":0.0,"max_hp_gain":0.0,"max_hp_loss":0.0,"gold_gain":0.0,"event_name":"Bonfire Elementals","player_choice":"Offered Basic","floor":19.0,"gold_loss":0.0,"damage_taken":0.0},{"damage_healed":0.0,"max_hp_gain":0.0,"max_hp_loss":0.0,"gold_gain":0.0,"cards_transformed":["Strike_G"],"event_name":"Transmorgrifier","player_choice":"Transformed","floor":29.0,"gold_loss":0.0,"damage_taken":0.0,"cards_obtained":["Night Terror"]},{"damage_healed":49.0,"max_hp_gain":0.0,"max_hp_loss":0.0,"gold_gain":0.0,"event_name":"MindBloom","player_choice":"Heal","floor":46.0,"gold_loss":0.0,"damage_taken":0.0,"cards_obtained":["Doubt"]}],"is_beta":false,"boss_relics":[{"not_picked":["Philosopher\u0027s Stone","SacredBark"],"picked":"Calling Bell"},{"not_picked":["Pandora\u0027s Box","Tiny House"],"picked":"Black Star"}],"items_purged_floors":[47],"is_endless":false,"potions_floor_spawned":[4,12,13,14,20,23,25,33,37,42,44,48],"ascension_level":1}}