{"host":"Jedit","time":1608501729,"event":{"mods":["BaseMod","Minty Spire (QoL Compilation)","Relic Stats","StSLib"],"gold_per_floor":[118,133,133,157,13,13,56,56,80,105,118,162,181,38,38,168,168,193,224,239,239,257,298,298,311,337,337,337,371,371,389,389,519,519,534,534,534,108,108,108,146,146,146,479,497,529,545,244,244,244,244,244,22,56,56],"floor_reached":56,"playtime":2856,"items_purged":["Poisoned Stab","Deadly Poison+1"],"score":1670,"play_id":"22f7c21d-e1eb-4133-bdc2-f656f8a926d2","local_time":"20201220220209","is_ascension_mode":true,"campfire_choices":[{"data":"Deadly Poison","floor":6,"key":"SMITH"},{"data":"Iron Wave","floor":8,"key":"SMITH"},{"data":"Static Discharge","floor":15,"key":"SMITH"},{"floor":24,"key":"REST"},{"floor":27,"key":"RECALL"},{"floor":30,"key":"REST"},{"floor":32,"key":"REST"},{"floor":40,"key":"REST"},{"floor":49,"key":"REST"},{"floor":52,"key":"REST"}],"circlet_count":0,"master_deck":["Survivor","Neutralize","Dodge and Roll","Iron Wave+1","Vault","Evaluate","Ball Lightning","Static Discharge+1","Ball Lightning","Reboot","Anger+1","Blade Dance","Cold Snap+1","Self Repair","Dark Embrace+1","Madness","Juggernaut","Venomology","Endless Agony+1","Swift Strike+1","Coolheaded","Iron Wave+1","Calculated Gamble","Beam Cell+1","PiercingWail","Bandage Up","Accuracy","Dodge and Roll","Acrobatics","Machine Learning"],"relics":["Black Star","PrismaticShard","Blood Vial","Meat on the Bone","War Paint","Ornamental Fan","Bird Faced Urn","DollysMirror","Fusion Hammer","Red Mask","Enchiridion","Paper Crane","Oddly Smooth Stone","Orichalcum","White Beast Statue","PreservedInsect","Pandora\u0027s Box","Membership Card","Molten Egg 2","InkBottle","Ancient Tea Set","Pear","Dead Branch","Prayer Wheel","Shuriken","Lantern","Bronze Scales","Toy Ornithopter","Strange Spoon","Bag of Preparation","Bag of Marbles"],"acts_visited":["Exordium","TheCity","TheBeyond","TheEnding"],"potions_floor_usage":[7,12,16,19,19,23,29,33,35,45,46,47,50,50,50,55,55,55,55,55,55],"damage_taken":[{"damage":0.0,"enemies":"Jaw Worm","floor":1.0,"turns":7.0},{"damage":0.0,"enemies":"Small Slimes","floor":2.0,"turns":4.0},{"damage":0.0,"enemies":"2 Louse","floor":4.0,"turns":4.0},{"damage":21,"enemies":"3 Sentries","floor":7,"turns":14},{"damage":0,"enemies":"Exordium Wildlife","floor":10,"turns":4},{"damage":1,"enemies":"Blue Slaver","floor":11,"turns":5},{"damage":12,"enemies":"Lagavulin","floor":12,"turns":8},{"damage":0,"enemies":"Looter","floor":13,"turns":3},{"damage":22,"enemies":"Hexaghost","floor":16,"turns":10},{"damage":7,"enemies":"Chosen","floor":18,"turns":4},{"damage":5,"enemies":"Masked Bandits","floor":19,"turns":4},{"damage":0,"enemies":"3 Byrds","floor":20,"turns":5},{"damage":20,"enemies":"Sentry and Sphere","floor":22,"turns":6},{"damage":6,"enemies":"Book of Stabbing","floor":23,"turns":5},{"damage":3,"enemies":"Centurion and Healer","floor":25,"turns":6},{"damage":12,"enemies":"Slavers","floor":29,"turns":7},{"damage":14,"enemies":"Chosen and Byrds","floor":31,"turns":5},{"damage":33,"enemies":"Automaton","floor":33,"turns":11},{"damage":17,"enemies":"3 Darklings","floor":35,"turns":6},{"damage":4,"enemies":"Nemesis","floor":41,"turns":5},{"damage":0,"enemies":"Orb Walker","floor":45,"turns":3},{"damage":0,"enemies":"Reptomancer","floor":46,"turns":6},{"damage":0,"enemies":"Maw","floor":47,"turns":5},{"damage":24,"enemies":"Time Eater","floor":50,"turns":10},{"damage":39,"enemies":"Shield and Spear","floor":54,"turns":5},{"damage":43,"enemies":"The Heart","floor":55,"turns":5}],"seed_played":"7155113054496129168","potions_obtained":[{"floor":1.0,"key":"PowerPotion"},{"floor":10,"key":"Swift Potion"},{"floor":11,"key":"CunningPotion"},{"floor":16,"key":"CunningPotion"},{"floor":18,"key":"LiquidMemories"},{"floor":22,"key":"SkillPotion"},{"floor":23,"key":"SneckoOil"},{"floor":25,"key":"SpeedPotion"},{"floor":31,"key":"CultistPotion"},{"floor":33,"key":"Regen Potion"},{"floor":35,"key":"DuplicationPotion"},{"floor":41,"key":"SteroidPotion"},{"floor":46,"key":"PowerPotion"},{"floor":47,"key":"GhostInAJar"}],"is_trial":false,"path_per_floor":["M","M","?","M","$","R","E","R","T","M","M","E","M","$","R","B",null,"M","?","M","?","M","E","R","M","T","R","T","E","R","M","R","B",null,"M","?","?","$","T","R","E","T","T","?","M","E","M","$","R","B",null,"R","$","E","B",null],"character_chosen":"THE_SILENT","items_purchased":["PrismaticShard","DollysMirror","Membership Card","Molten Egg 2","Venomology","Endless Agony+1","Swift Strike+1","Bronze Scales","Toy Ornithopter","Strange Spoon","PiercingWail","EntropicBrew","Strength Potion","Bandage Up","Accuracy","Dodge and Roll","Acrobatics","Ancient Potion"],"campfire_rested":6,"item_purchase_floors":[5,14,38,38,38,38,38,48,48,48,48,53,53,53,53,53,53,53],"current_hp_per_floor":[63,63,63,63,63,63,42,42,42,44,45,35,37,37,37,31,57,54,53,57,41,39,39,58,65,65,65,65,55,65,61,65,41,59,48,48,48,48,48,65,75,75,75,75,75,75,75,75,75,71,74,75,75,45,45],"gold":56,"neow_bonus":"BOSS_RELIC","is_daily":false,"chose_seed":false,"campfire_upgraded":3,"win_rate":0.0,"timestamp":1608501729,"path_taken":["M","M","?","M","$","R","E","R","T","M","M","E","M","$","R","BOSS","M","?","M","?","M","E","R","M","T","R","?","E","R","M","R","BOSS","M","?","?","?","?","R","E","?","T","?","M","E","M","?","R","BOSS","R","$","E","BOSS"],"items_purchased_type":["Relic","Relic","Relic","Relic","Card","Card","Card","Relic","Relic","Relic","Card","Potion","Potion","Card","Card","Card","Card","Potion"],"build_version":"2020-12-18","purchased_purges":2,"victory":true,"max_hp_per_floor":[70,70,65,65,65,65,65,65,65,65,65,65,65,65,65,65,65,65,65,65,65,65,65,65,65,65,65,65,65,65,65,65,65,65,65,65,65,65,65,65,75,75,75,75,75,75,75,75,75,75,75,75,75,75,75],"relic_stats":{"counters":[26,157],"Dead Branch":[53],"PreservedInsect":172,"Bag of Preparation":[2],"War Paint":["Defend_G","Defend_G"],"Orichalcum":[42],"Blood Vial":26,"Strange Spoon":[29],"Ornamental Fan":[284],"Shuriken":[19],"Bird Faced Urn":[49],"Bronze Scales":[99],"Pandora\u0027s Box":["Bouncing Flask","Cloak And Dagger","Glass Knife","Dash","PiercingWail","Backstab","Corpse Explosion","Infinite Blades","Dodge and Roll","Heel Hook"],"Prayer Wheel":2,"Black Star":7,"obtain_stats":[{"Lantern":46,"Enchiridion":21,"Bag of Preparation":54,"PrismaticShard":5,"Ancient Tea Set":41,"Blood Vial":7,"DollysMirror":14,"Prayer Wheel":43,"Fusion Hammer":17,"Red Mask":19,"InkBottle":39,"Ring of the Snake":0,"Pear":41,"Golden Idol":3,"Dead Branch":42,"Oddly Smooth Stone":23,"PreservedInsect":29,"War Paint":9,"Paper Crane":23,"Orichalcum":28,"White Beast Statue":29,"Strange Spoon":48,"Ornamental Fan":12,"Shuriken":46,"Bird Faced Urn":12,"Bronze Scales":48,"Pandora\u0027s Box":34,"Molten Egg 2":38,"Black Star":0,"Bag of Marbles":54,"Membership Card":38,"Toy Ornithopter":48,"Meat on the Bone":7},{"Lantern":22,"Enchiridion":12,"Bag of Preparation":25,"PrismaticShard":3,"Ancient Tea Set":20,"Blood Vial":4,"DollysMirror":8,"Prayer Wheel":20,"Fusion Hammer":9,"Red Mask":11,"InkBottle":19,"Ring of the Snake":0,"Pear":20,"Golden Idol":2,"Dead Branch":20,"Oddly Smooth Stone":14,"PreservedInsect":16,"War Paint":4,"Paper Crane":14,"Orichalcum":15,"White Beast Statue":16,"Strange Spoon":23,"Ornamental Fan":7,"Shuriken":22,"Bird Faced Urn":7,"Bronze Scales":23,"Pandora\u0027s Box":18,"Molten Egg 2":19,"Black Star":0,"Bag of Marbles":25,"Membership Card":19,"Toy Ornithopter":23,"Meat on the Bone":4},{"Lantern":132,"Enchiridion":72,"Bag of Preparation":152,"PrismaticShard":15,"Ancient Tea Set":123,"Blood Vial":29,"DollysMirror":49,"Prayer Wheel":123,"Fusion Hammer":59,"Red Mask":67,"InkBottle":118,"Ring of the Snake":0,"Pear":123,"Golden Idol":11,"Dead Branch":123,"Oddly Smooth Stone":83,"PreservedInsect":96,"War Paint":29,"Paper Crane":83,"Orichalcum":89,"White Beast Statue":96,"Strange Spoon":137,"Ornamental Fan":46,"Shuriken":132,"Bird Faced Urn":46,"Bronze Scales":137,"Pandora\u0027s Box":112,"Molten Egg 2":118,"Black Star":0,"Bag of Marbles":152,"Membership Card":118,"Toy Ornithopter":137,"Meat on the Bone":29}],"InkBottle":[24],"Toy Ornithopter":33,"Meat on the Bone":24},"card_choices":[{"not_picked":["Dodge and Roll","All Out Attack"],"picked":"Deadly Poison","floor":1.0},{"not_picked":["Poisoned Stab","Flying Knee"],"picked":"Dodge and Roll","floor":2.0},{"not_picked":["Riddle With Holes","Backflip","Reflex"],"picked":"SKIP","floor":4.0},{"not_picked":["Evolve","Anger"],"picked":"Iron Wave","floor":7},{"not_picked":["FlurryOfBlows","Slice"],"picked":"Vault","floor":10},{"not_picked":["Flex","Blind"],"picked":"Evaluate","floor":11},{"not_picked":["Evaluate","Dark Embrace"],"picked":"Ball Lightning","floor":12},{"not_picked":["PiercingWail","Forethought"],"picked":"Static Discharge","floor":13},{"not_picked":["Magnetism","HandOfGreed"],"picked":"Reboot","floor":16},{"not_picked":["Coolheaded","Combust"],"picked":"Anger+1","floor":18},{"not_picked":["Sucker Punch","Hologram"],"picked":"Blade Dance","floor":19},{"not_picked":["JustLucky","FTL+1"],"picked":"Cold Snap+1","floor":20},{"not_picked":["Double Energy","Steam"],"picked":"Poisoned Stab","floor":22},{"not_picked":["Accuracy","Chaos"],"picked":"Self Repair","floor":23},{"not_picked":["FollowUp","Mind Blast"],"picked":"Dark Embrace+1","floor":25},{"not_picked":["Envenom","Consume+1"],"picked":"Madness","floor":29},{"not_picked":["SashWhip","Battle Trance"],"picked":"Dark Embrace","floor":31},{"not_picked":["Judgement","A Thousand Cuts"],"picked":"Juggernaut","floor":33},{"not_picked":["Heavy Blade","Darkness+1","FlurryOfBlows+1"],"picked":"SKIP","floor":35},{"not_picked":["FTL+1","EmptyMind"],"picked":"Coolheaded","floor":41},{"not_picked":["Sunder+1","Deadly Poison"],"picked":"Iron Wave+1","floor":45},{"not_picked":["Perfected Strike+1","Sword Boomerang+1","Barrage+1"],"picked":"SKIP","floor":45},{"not_picked":["Hello World","Unload+1"],"picked":"Calculated Gamble","floor":46},{"not_picked":["Perfected Strike+1","PathToVictory+1"],"picked":"Beam Cell+1","floor":47},{"not_picked":["Redo","Rage","Warcry"],"picked":"SKIP","floor":47},{"not_picked":["Collect+1","Body Slam+1"],"picked":"Machine Learning","floor":54}],"player_experience":3391415,"relics_obtained":[{"floor":7,"key":"Blood Vial"},{"floor":7,"key":"Meat on the Bone"},{"floor":9,"key":"War Paint"},{"floor":12,"key":"Ornamental Fan"},{"floor":12,"key":"Bird Faced Urn"},{"floor":19,"key":"Red Mask"},{"floor":21,"key":"Enchiridion"},{"floor":23,"key":"Paper Crane"},{"floor":23,"key":"Oddly Smooth Stone"},{"floor":28,"key":"Orichalcum"},{"floor":29,"key":"White Beast Statue"},{"floor":29,"key":"PreservedInsect"},{"floor":39,"key":"InkBottle"},{"floor":41,"key":"Ancient Tea Set"},{"floor":41,"key":"Pear"},{"floor":42,"key":"Dead Branch"},{"floor":43,"key":"Prayer Wheel"},{"floor":46,"key":"Shuriken"},{"floor":46,"key":"Lantern"},{"floor":54,"key":"Bag of Preparation"},{"floor":54,"key":"Bag of Marbles"}],"event_choices":[{"damage_healed":0.0,"max_hp_gain":0.0,"max_hp_loss":5.0,"gold_gain":0.0,"event_name":"Golden Idol","player_choice":"Lose Max HP","floor":3.0,"gold_loss":0.0,"damage_taken":0.0,"relics_obtained":["Golden Idol"]},{"damage_healed":0,"gold_gain":0,"player_choice":"Fought Bandits","damage_taken":0,"max_hp_gain":0,"max_hp_loss":0,"event_name":"Masked Bandits","floor":19,"gold_loss":0},{"damage_healed":0,"gold_gain":0,"player_choice":"Obtained Book","damage_taken":16,"max_hp_gain":0,"max_hp_loss":0,"event_name":"Cursed Tome","floor":21,"gold_loss":0},{"damage_healed":0,"gold_gain":0,"player_choice":"Ignored","damage_taken":0,"max_hp_gain":0,"max_hp_loss":0,"event_name":"Mysterious Sphere","floor":36,"gold_loss":0},{"cards_removed":["Dark Embrace"],"damage_healed":0,"gold_gain":0,"player_choice":"Removed Power","damage_taken":0,"max_hp_gain":0,"max_hp_loss":0,"event_name":"Falling","floor":37,"gold_loss":0},{"damage_healed":0,"gold_gain":333,"player_choice":"Gave Idol","damage_taken":0,"max_hp_gain":0,"max_hp_loss":0,"event_name":"The Moai Head","floor":44,"relics_lost":["Golden Idol"],"gold_loss":0}],"is_beta":true,"boss_relics":[{"not_picked":["Cursed Key","Snecko Eye"],"picked":"Fusion Hammer"},{"not_picked":["WristBlade","SlaversCollar"],"picked":"Pandora\u0027s Box"}],"items_purged_floors":[38,48],"is_endless":false,"potions_floor_spawned":[1,10,11,16,18,22,23,25,31,33,35,41,45,46,47,54],"ascension_level":7}}