{"host":"9ndbo4kgsfoemf7y","time":1608425953,"event":{"mods":["AchievementEnabler","BaseMod","Colored Map","DeckTracker","Keyboard Shortcuts","Minty Spire (QoL Compilation)","Permanent Neow","Quick Restart","Relic Stats","StSLib","SuperFastMode"],"gold_per_floor":[118,11,22,41,41,41,61,94,94,94,94,124,124,155,155,155,155],"floor_reached":16,"playtime":496,"items_purged":[],"score":211,"play_id":"c6d8228c-0f10-4759-9204-fc462f0a7dfc","local_time":"20201220095913","is_ascension_mode":true,"campfire_choices":[{"data":"Searing Blow","floor":6.0,"key":"SMITH"},{"data":"Searing Blow+1","floor":11.0,"key":"SMITH"},{"floor":13.0,"key":"REST"},{"data":"Searing Blow+2","floor":15.0,"key":"SMITH"}],"circlet_count":0,"master_deck":["AscendersBane","Strike_R","Strike_R+1","Strike_R","Strike_R","Strike_R","Defend_R","Defend_R","Defend_R","Defend_R","Bash+1","Panacea","Searing Blow+3","Flash of Steel","Pommel Strike","Shockwave","Cleave","Blood for Blood","Inflame"],"relics":["Burning Blood","Potion Belt","Tiny Chest","Odd Mushroom","Darkstone Periapt"],"acts_visited":["Exordium"],"potions_floor_usage":[16,16],"damage_taken":[{"damage":6.0,"enemies":"Cultist","floor":1.0,"turns":4.0},{"damage":2.0,"enemies":"2 Louse","floor":3.0,"turns":3.0},{"damage":5.0,"enemies":"Small Slimes","floor":4.0,"turns":3.0},{"damage":13.0,"enemies":"Looter","floor":7.0,"turns":4.0},{"damage":8.0,"enemies":"Gremlin Nob","floor":8.0,"turns":3.0},{"damage":31.0,"enemies":"The Mushroom Lair","floor":12.0,"turns":4.0},{"damage":20.0,"enemies":"Lagavulin","floor":14.0,"turns":7.0},{"damage":27,"enemies":"The Guardian","floor":16,"turns":7}],"seed_played":"7410974056129402079","potions_obtained":[{"floor":3.0,"key":"LiquidMemories"},{"floor":7.0,"key":"Dexterity Potion"},{"floor":8.0,"key":"SmokeBomb"},{"floor":12.0,"key":"SpeedPotion"}],"is_trial":false,"path_per_floor":["M","$","M","M","$","R","M","E","T","?","R","?","R","E","R","B"],"character_chosen":"IRONCLAD","items_purchased":["Flash of Steel"],"campfire_rested":1,"item_purchase_floors":[2],"current_hp_per_floor":[68,68,72,73,73,73,66,64,64,41,41,16,38,24,24,0,0],"gold":155,"neow_bonus":"RANDOM_COLORLESS","is_daily":false,"chose_seed":false,"campfire_upgraded":3,"win_rate":0.0,"timestamp":1608425953,"path_taken":["M","$","M","M","?","R","M","E","T","?","R","?","R","E","R","BOSS"],"items_purchased_type":["Card"],"build_version":"2020-12-13","purchased_purges":0,"victory":false,"max_hp_per_floor":[75,75,75,75,75,75,75,75,75,75,75,75,75,75,75,75,75],"relic_stats":{"Darkstone Periapt":0,"counters":[8,35],"Tiny Chest":0,"obtain_stats":[{"Potion Belt":8,"Darkstone Periapt":14,"Tiny Chest":9,"Odd Mushroom":12,"Burning Blood":0},{"Potion Belt":5,"Darkstone Periapt":7,"Tiny Chest":5,"Odd Mushroom":6,"Burning Blood":0},{"Potion Belt":17,"Darkstone Periapt":28,"Tiny Chest":17,"Odd Mushroom":21,"Burning Blood":0}],"Burning Blood":42},"card_choices":[{"not_picked":["Trip","Forethought"],"picked":"Panacea","floor":0.0},{"not_picked":["Clash","Entrench"],"picked":"Searing Blow","floor":1.0},{"not_picked":["Body Slam","Dark Embrace"],"picked":"Pommel Strike","floor":3.0},{"not_picked":["Armaments","Feel No Pain"],"picked":"Shockwave","floor":4.0},{"not_picked":["Hemokinesis","Armaments","Infernal Blade"],"picked":"SKIP","floor":7.0},{"not_picked":["Feel No Pain","Anger"],"picked":"Cleave","floor":8.0},{"not_picked":["Perfected Strike","Inflame"],"picked":"Blood for Blood","floor":12.0},{"not_picked":["Rage","Clash"],"picked":"Inflame","floor":14.0}],"player_experience":711730,"relics_obtained":[{"floor":8.0,"key":"Potion Belt"},{"floor":9.0,"key":"Tiny Chest"},{"floor":12.0,"key":"Odd Mushroom"},{"floor":14.0,"key":"Darkstone Periapt"}],"event_choices":[{"damage_healed":0.0,"max_hp_gain":0.0,"max_hp_loss":0.0,"gold_gain":0.0,"event_name":"Shining Light","player_choice":"Entered Light","floor":10.0,"gold_loss":0.0,"damage_taken":23.0,"cards_upgraded":["Strike_R","Bash"]},{"damage_healed":0.0,"max_hp_gain":0.0,"max_hp_loss":0.0,"gold_gain":0.0,"event_name":"Mushrooms","player_choice":"Fought Mushrooms","floor":12.0,"gold_loss":0.0,"damage_taken":0.0}],"is_beta":false,"boss_relics":[],"items_purged_floors":[],"is_endless":false,"potions_floor_spawned":[3,7,8,12],"killed_by":"The Guardian","ascension_level":19}}