{"host":"e1ezmaebp4k769tb","time":1608452003,"event":{"mods":["2.2 Compatiblity","AchievementEnabler","AlwaysNeverKeys","BaseMod","CapriCore","Card Filter","Colored Powertips","Curses Come First","DeckTracker","Friendly Minions","Highlight Path","HololiveMod","Keyboard Shortcuts","Koishi","Minty Spire (QoL Compilation)","Permanent Neow","Quick Restart","Red Circlet Mod","Replay The Spire","StSLib","WarShipGirlsR/??á´Ò³R mod"],"gold_per_floor":[116,129,140,156,431,431,460,41,65,65,80,158,188,214,214,230,230,261,76,126,41,31,31,31,31,31,62,76,76],"floor_reached":28,"playtime":1200,"items_purged":["Regret","rmod:strick"],"score":456,"play_id":"de129d80-b1d9-40f0-822c-5642e4423843","local_time":"20201220171323","is_ascension_mode":true,"campfire_choices":[{"floor":6.0,"key":"REST"},{"data":"rmod:diamondstrike","floor":10.0,"key":"SMITH"},{"floor":15.0,"key":"REST"},{"data":"rmod:abidefaith","floor":23.0,"key":"SMITH"},{"data":"rmod:diamondstrike","floor":25.0,"key":"SMITH"}],"circlet_count":0,"master_deck":["AscendersBane","rmod:strick","rmod:strick","rmod:strick","rmod:defend","rmod:defend","rmod:defend","rmod:basicallowance","rmod:maingunfire","rmod:diamondstrike+1","rmod:diamondstrike+1","rmod:aviationdawn","rmod:mineteam","rmod:royalracing","rmod:victimresponsibility","rmod:abidefaith+1","rmod:unsinkable","rmod:aluminumsupply","rmod:supriseattacks","rmod:goodfighter","rmod:advancebysurprise","rmod:unsinkable"],"relics":["rmod:firstchargereward","Pen Nib","Torii","Bronze Scales","Replay:Bandana","rmod:monthlycard","Oddly Smooth Stone","Dream Catcher"],"acts_visited":["Exordium","TheCity"],"potions_floor_usage":[28],"damage_taken":[{"damage":10.0,"enemies":"Small Slimes","floor":1.0,"turns":3.0},{"damage":6.0,"enemies":"Cultist","floor":2.0,"turns":3.0},{"damage":6.0,"enemies":"Jaw Worm","floor":3.0,"turns":3.0},{"damage":12.0,"enemies":"3 Louse","floor":4.0,"turns":3.0},{"damage":12.0,"enemies":"Lagavulin","floor":7.0,"turns":3.0},{"damage":1.0,"enemies":"Looter","floor":11.0,"turns":2.0},{"damage":1.0,"enemies":"3 Sentries","floor":12.0,"turns":4.0},{"damage":0.0,"enemies":"2 Fungi Beasts","floor":13.0,"turns":1.0},{"damage":8.0,"enemies":"Exordium Thugs","floor":14.0,"turns":3.0},{"damage":48.0,"enemies":"Fading Forest","floor":16.0,"turns":13.0},{"damage":0.0,"enemies":"Spheric Guardian","floor":18.0,"turns":4.0},{"damage":9.0,"enemies":"Shell Parasite","floor":27.0,"turns":2.0},{"damage":56,"enemies":"Slavers","floor":28,"turns":4}],"seed_played":"6820081569949715531","potions_obtained":[{"floor":3.0,"key":"Adrenaline Potion"},{"floor":4.0,"key":"FearPotion"},{"floor":7.0,"key":"SpeedPotion"},{"floor":11.0,"key":"ColorlessPotion"},{"floor":18.0,"key":"SteroidPotion"}],"is_trial":false,"path_per_floor":["M","M","M","M","?","R","E","$","T","R","M","E","M","M","R","B",null,"M","$","?","?","?","R","?","R","T","M","E"],"character_chosen":"PRAEFECT","items_purchased":["Torii","rmod:advancebysurprise"],"campfire_rested":2,"item_purchase_floors":[8,19],"current_hp_per_floor":[53,47,41,29,29,50,38,38,38,38,37,36,36,28,49,24,59,59,59,59,59,59,59,59,59,59,50,0,0],"gold":76,"neow_bonus":"RANDOM_EVENT","is_daily":false,"chose_seed":false,"campfire_upgraded":3,"win_rate":0.0,"timestamp":1608452003,"path_taken":["M","M","M","M","?","R","E","$","T","R","M","E","M","M","R","BOSS","M","$","?","?","?","R","?","R","T","M","E"],"items_purchased_type":["Relic","Card"],"build_version":"2020-12-13","purchased_purges":2,"victory":false,"max_hp_per_floor":[70,70,70,70,70,70,70,70,70,70,70,70,70,70,70,70,70,70,70,70,70,70,70,70,70,70,70,70,70],"card_choices":[{"not_picked":["rmod:intelligenceanalysis","rmod:royalracing"],"picked":"rmod:diamondstrike","floor":1.0},{"not_picked":["rmod:victimresponsibility","rmod:rockthrower"],"picked":"rmod:diamondstrike","floor":2.0},{"not_picked":["rmod:diamondstrike","rmod:gendarmerie"],"picked":"rmod:aviationdawn","floor":3.0},{"not_picked":["rmod:punchline","rmod:openingtorpedo"],"picked":"rmod:mineteam","floor":4.0},{"not_picked":["rmod:luckystar","rmod:tearstotiara"],"picked":"rmod:royalracing","floor":7.0},{"not_picked":["rmod:highspeedshooting","rmod:openingtorpedo"],"picked":"rmod:victimresponsibility","floor":11.0},{"not_picked":["rmod:supportaircraftcarrier","rmod:chargemoney"],"picked":"rmod:abidefaith","floor":12.0},{"not_picked":["rmod:fletcherpendant","rmod:luckystar"],"picked":"rmod:unsinkable","floor":13.0},{"not_picked":["rmod:unsinkable","rmod:intelligenceanalysis"],"picked":"rmod:aluminumsupply","floor":14.0},{"not_picked":["rmod:seals","rmod:secretscript"],"picked":"rmod:supriseattacks","floor":16.0},{"not_picked":["rmod:generalist","rmod:unsinkable"],"picked":"rmod:goodfighter","floor":18.0},{"not_picked":["rmod:diamondstrike","rmod:salvage"],"picked":"rmod:unsinkable","floor":27.0}],"player_experience":145111,"relics_obtained":[{"floor":7.0,"key":"Pen Nib"},{"floor":9.0,"key":"Bronze Scales"},{"floor":12.0,"key":"Replay:Bandana"},{"floor":26.0,"key":"Dream Catcher"}],"event_choices":[{"damage_healed":0.0,"max_hp_gain":0.0,"max_hp_loss":0.0,"gold_gain":275.0,"event_name":"Golden Shrine","player_choice":"Desecrate","floor":5.0,"gold_loss":0.0,"damage_taken":0.0,"cards_obtained":["Regret"]},{"damage_healed":0.0,"max_hp_gain":0.0,"max_hp_loss":0.0,"gold_gain":50.0,"event_name":"Nest","player_choice":"Stole From Cult","floor":20.0,"gold_loss":0.0,"damage_taken":0.0},{"damage_healed":0.0,"max_hp_gain":0.0,"max_hp_loss":0.0,"gold_gain":0.0,"event_name":"Addict","player_choice":"Obtained Relic","floor":21.0,"gold_loss":85.0,"damage_taken":0.0,"relics_obtained":["Oddly Smooth Stone"]},{"damage_healed":0.0,"max_hp_gain":0.0,"max_hp_loss":0.0,"gold_gain":0.0,"event_name":"N\u0027loth","player_choice":"Ignored","floor":24.0,"gold_loss":0.0,"damage_taken":0.0}],"is_beta":false,"boss_relics":[{"not_picked":["Tiny House","Snecko Eye"],"picked":"rmod:monthlycard"}],"items_purged_floors":[8,19],"is_endless":false,"potions_floor_spawned":[3,4,7,11,18],"killed_by":"Slavers","ascension_level":20}}