{"host":"t7rtdu4954o308h4","time":1608467390,"event":{"mods":["AchievementEnabler","Act Like it!","BaseMod","Conspire","Library of Ruina","Library of Ruina Extra","Minty Spire (QoL Compilation)","MostiFishMod","Replay The Spire","StSLib","TestMod","Waifu the Spire","【功能Mod】聪明的最终Boss","【遗物卡牌】REMEMod"],"gold_per_floor":[118,118,118,68,86,121,121,134,161,161,200,200,213,232,232,361,361,379,379,379,389,61,88,88,119,119,119,150,150,150,178,178,274,274,294,311,311,110,124,151,1,35,62,75,75,123,150,169,169,169],"floor_reached":51,"playtime":2000,"items_purged":["Doubt"],"score":1809,"play_id":"a27703fc-b778-41fb-b4d3-f7cbb6eee633","local_time":"20201220202950","is_ascension_mode":true,"campfire_choices":[{"data":"LoosenUp","floor":7.0,"key":"SMITH"},{"data":"DegradedLock","floor":10.0,"key":"SMITH"},{"data":"Unlock1","floor":12.0,"key":"SMITH"},{"data":"SturdyDefense","floor":15.0,"key":"SMITH"},{"data":"BackAttack","floor":24.0,"key":"SMITH"},{"data":"UnforgettableMelody","floor":29.0,"key":"SMITH"},{"data":"FrontalAssault","floor":30.0,"key":"SMITH"},{"data":"DegradedShockwave","floor":32.0,"key":"SMITH"},{"floor":49.0,"key":"RECALL"}],"circlet_count":0,"master_deck":["DegradedFairy","DegradedFairy","DegradedChain","DegradedChain","DegradedLock+1","DegradedPillar","DegradedPillar","DegradedShockwave+1","REME_CopyPotion+1","Unlock1+1","LoosenUp+1","LeRegole","FrontalAssault+1","Reload","SturdyDefense+1","UnforgettableMelody+1","CurseOfTheBell","BackAttack+1","ExtremeEdge+1","Decapitation","Outburst+1","testmod-TreasureHunter","Punishment","REME_PuzzleBox"],"relics":["PageOfLibrarian","DaveBox","testmod-TestBox","REME_ComplimentaryCards","testmod-D_4","ChiXiaoBlade","Question Card","Bloody Idol","REME_PuzzleBoxRelic","ReplayTheSpireMod:Shallot","ImportantClient","Replay:Grab Bag","SlaversCollar","Busted Crown","testmod-Nine","testmod-EnergyCheck","testmod-OneHitWonder","Divine Protection","WingedGreaves","PageOfAlriune","ChiLing","Chi","Ling","testmod-Antiphasic","PageOfDeadButterflies","testmod-IndustrialRevolution","Ring of Panic","Ring of Hypnosis","Gremlin Food","Red Mask","ExusiaiGun","PreservedInsect","PageOfSnowWhitesApple","Potion Belt","Strawberry","TungstenRod"],"acts_visited":["Exordium","TheCity","TheBeyond"],"potions_floor_usage":[],"damage_taken":[{"damage":3.0,"enemies":"conspire:RoseBush","floor":1.0,"turns":1.0},{"damage":0.0,"enemies":"2 Louse","floor":5.0,"turns":1.0},{"damage":0.0,"enemies":"3 Sentries","floor":6.0,"turns":1.0},{"damage":0.0,"enemies":"Cultist","floor":8.0,"turns":1.0},{"damage":0.0,"enemies":"Lagavulin","floor":11.0,"turns":2.0},{"damage":6.0,"enemies":"conspire:2 RoseBushes","floor":13.0,"turns":2.0},{"damage":0.0,"enemies":"Looter","floor":14.0,"turns":1.0},{"damage":0.0,"enemies":"Hexaghost","floor":16.0,"turns":2.0},{"damage":0.0,"enemies":"conspire:FuzzyDice","floor":18.0,"turns":1.0},{"damage":0.0,"enemies":"Shell Parasite","floor":21.0,"turns":1.0},{"damage":0.0,"enemies":"REME_1_Revenger","floor":23.0,"turns":2.0},{"damage":0.0,"enemies":"conspire:Head Lice","floor":25.0,"turns":2.0},{"damage":0.0,"enemies":"Gremlin Leader","floor":28.0,"turns":2.0},{"damage":0.0,"enemies":"Masked Bandits","floor":31.0,"turns":1.0},{"damage":0.0,"enemies":"Champ","floor":33.0,"turns":3.0},{"damage":0.0,"enemies":"3 Shapes","floor":35.0,"turns":1.0},{"damage":0.0,"enemies":"Orb Walker","floor":36.0,"turns":1.0},{"damage":0.0,"enemies":"Maw","floor":39.0,"turns":1.0},{"damage":0.0,"enemies":"R_Hoarder","floor":40.0,"turns":1.0},{"damage":0.0,"enemies":"Nemesis","floor":42.0,"turns":1.0},{"damage":0.0,"enemies":"Transient","floor":44.0,"turns":1.0},{"damage":0.0,"enemies":"R_Hoarder","floor":47.0,"turns":1.0},{"damage":0.0,"enemies":"Jaw Worm Horde","floor":48.0,"turns":1.0},{"damage":0.0,"enemies":"conspire:OrnateMirror","floor":50.0,"turns":1.0},{"damage":0.0,"enemies":"conspire:OrnateMirror","floor":51.0,"turns":4.0}],"seed_played":"2647930164597440725","potions_obtained":[{"floor":1.0,"key":"DistilledChaos"},{"floor":5.0,"key":"FearPotion"},{"floor":14.0,"key":"Adrenaline Potion"},{"floor":23.0,"key":"Strength Potion"},{"floor":25.0,"key":"testmod-TestPotion"},{"floor":44.0,"key":"Explosive Potion"},{"floor":47.0,"key":"Adrenaline Potion"},{"floor":48.0,"key":"Reflective Coating"}],"is_trial":false,"path_per_floor":["M","?","?","$","M","E","R","M","T","R","E","R","M","M","R","B",null,"M","?","?","M","$","E","R","E","T","?","E","R","R","?","R","B",null,"M","M","?","$","M","E","$","E","T","M","$","T","E","M","R","B",null],"character_chosen":"Librarian","items_purchased":["ColorlessPotion","PageOfAlriune","ChiLing","testmod-TreasureHunter","REME_PuzzleBox"],"campfire_rested":0,"item_purchase_floors":[4,22,22,38,41],"current_hp_per_floor":[51,29,29,29,29,29,29,29,29,29,29,29,23,23,23,23,73,73,73,73,78,78,83,83,88,88,88,93,93,93,98,98,103,116,120,120,120,120,120,120,120,120,120,120,120,127,127,127,127,127],"gold":169,"neow_bonus":"UPGRADE_CARD","is_daily":false,"chose_seed":false,"campfire_upgraded":8,"win_rate":0.0,"timestamp":1608467390,"path_taken":["M","?","?","$","M","E","R","M","T","R","E","R","?","M","R","BOSS","M","?","?","M","$","E","R","E","T","?","E","R","R","?","R","BOSS","M","M","?","$","?","E","?","E","T","?","$","?","E","M","R","BOSS"],"items_purchased_type":["Potion","Relic","Relic","Card","Card"],"build_version":"2020-12-13","purchased_purges":1,"victory":true,"max_hp_per_floor":[90,90,90,90,90,90,90,90,90,90,90,90,90,90,90,90,90,90,120,120,120,120,120,120,120,120,120,120,120,120,120,120,120,120,120,120,120,120,120,120,120,120,120,120,120,127,127,127,127,127],"card_choices":[{"not_picked":["BackAttack","LossOfSenses","HighKick"],"picked":"Unlock1","floor":1.0},{"not_picked":["Thirst","Outburst","Observe","GuardingStance"],"picked":"LoosenUp","floor":5.0},{"not_picked":["Outburst","ClassAndRespect","IllEndYou","LoosenUp"],"picked":"LeRegole","floor":6.0},{"not_picked":["HighKick","WildCard","FocusFire","Multislash"],"picked":"FrontalAssault","floor":8.0},{"not_picked":["ClassAndRespect","HiddenBlade","Crush","BindingChains","InnerArdor"],"picked":"SKIP","floor":11.0},{"not_picked":["ElectricShock","EndlessBattle","HighKick","StructuralAnalysis"],"picked":"Reload","floor":13.0},{"not_picked":["SummaryJudgment","PreparedMind","SetFire","DesperateStruggle"],"picked":"SturdyDefense","floor":14.0},{"not_picked":["Punishment","SilentNight","TieShanKao"],"picked":"UnforgettableMelody","floor":16.0},{"not_picked":["CutIn","InnerArdor+1","SmokingPipe"],"picked":"SKIP","floor":18.0},{"not_picked":["SmokingPipe","HandleRequest"],"picked":"BackAttack","floor":21.0},{"not_picked":["GuardingStance","UnforgettableMelody","Eradication"],"picked":"SKIP","floor":23.0},{"not_picked":["ICanCookAnything","SharpSwipe"],"picked":"ExtremeEdge+1","floor":25.0},{"not_picked":["Thirst+1","SuppressingShot","GuardingStance"],"picked":"SKIP","floor":28.0},{"not_picked":["Castigation"],"picked":"Decapitation","floor":33.0},{"not_picked":["TraceOfFumes","HandleRequest+1","SharpenedBlade"],"picked":"SKIP","floor":35.0},{"not_picked":["Diversion","EndlessBattle"],"picked":"Outburst+1","floor":36.0},{"not_picked":["DesperateStruggle+1","UnavoidableGaze","ClassAndRespect+1"],"picked":"SKIP","floor":39.0},{"not_picked":["IllEndYou+1","Unlock1+1"],"picked":"Punishment","floor":40.0},{"not_picked":["HiddenBlade+1","InnerArdor+1","ShockRound"],"picked":"SKIP","floor":42.0},{"not_picked":["Unlock1+1","Eject+1","EndlessBattle"],"picked":"SKIP","floor":44.0},{"not_picked":["FleetEdge+1","StructuralAnalysis","DarkCloud+1"],"picked":"SKIP","floor":47.0},{"not_picked":["Unlock1","Punishment","FrontalAssault"],"picked":"SKIP","floor":48.0}],"player_experience":47356,"relics_obtained":[{"floor":1.0,"key":"Question Card"},{"floor":6.0,"key":"REME_PuzzleBoxRelic"},{"floor":11.0,"key":"ReplayTheSpireMod:Shallot"},{"floor":16.0,"key":"ImportantClient"},{"floor":19.0,"key":"testmod-OneHitWonder"},{"floor":19.0,"key":"Divine Protection"},{"floor":19.0,"key":"WingedGreaves"},{"floor":23.0,"key":"testmod-Antiphasic"},{"floor":25.0,"key":"PageOfDeadButterflies"},{"floor":26.0,"key":"testmod-IndustrialRevolution"},{"floor":27.0,"key":"Ring of Panic"},{"floor":27.0,"key":"Ring of Hypnosis"},{"floor":28.0,"key":"Gremlin Food"},{"floor":31.0,"key":"Red Mask"},{"floor":40.0,"key":"PreservedInsect"},{"floor":42.0,"key":"PageOfSnowWhitesApple"},{"floor":43.0,"key":"Potion Belt"},{"floor":46.0,"key":"Strawberry"},{"floor":47.0,"key":"TungstenRod"}],"event_choices":[{"damage_healed":0.0,"max_hp_gain":0.0,"max_hp_loss":0.0,"gold_gain":0.0,"event_name":"Golden Idol","player_choice":"Take Damage","floor":2.0,"gold_loss":0.0,"damage_taken":22.0,"relics_obtained":["Golden Idol"]},{"cards_removed":["DegradedFairy"],"damage_healed":0.0,"max_hp_gain":0.0,"max_hp_loss":0.0,"gold_gain":0.0,"event_name":"Bonfire Elementals","player_choice":"Offered Basic","floor":3.0,"gold_loss":0.0,"damage_taken":0.0},{"damage_healed":0.0,"max_hp_gain":0.0,"max_hp_loss":0.0,"gold_gain":0.0,"event_name":"给自己的盒子","player_choice":"Swap Relic","floor":19.0,"relics_lost":["Calling Bell"],"gold_loss":0.0,"damage_taken":0.0,"relics_obtained":["Calling Bell"]},{"damage_healed":0.0,"max_hp_gain":0.0,"max_hp_loss":0.0,"gold_gain":0.0,"event_name":"Forgotten Altar","player_choice":"Gave Idol","floor":20.0,"relics_lost":["Golden Idol"],"gold_loss":0.0,"damage_taken":0.0,"relics_obtained":["Bloody Idol"]},{"damage_healed":0.0,"max_hp_gain":0.0,"max_hp_loss":0.0,"gold_gain":0.0,"event_name":"Masked Bandits","player_choice":"Fought Bandits","floor":31.0,"gold_loss":0.0,"damage_taken":0.0},{"damage_healed":0.0,"max_hp_gain":0.0,"max_hp_loss":0.0,"gold_gain":0.0,"event_name":"The Woman in Blue","player_choice":"Bought 0 Potions","floor":37.0,"gold_loss":0.0,"damage_taken":0.0}],"is_beta":false,"boss_relics":[{"not_picked":["Calling Bell","PatriotShield"],"picked":"Replay:Grab Bag"},{"not_picked":["Sozu","Coffee Dripper"],"picked":"SlaversCollar"},{"not_picked":["Fusion Hammer","Runic Dome"],"picked":"Busted Crown"},{"not_picked":["testmod-DreamHouse","testmod-StringDisintegrator"],"picked":"testmod-Nine"},{"not_picked":["Tiny House","conspire:SpecialSausage"],"picked":"testmod-EnergyCheck"},{"not_picked":["HaiYi:Twilight","conspire:SeveredTorchhead"],"picked":"ExusiaiGun"}],"items_purged_floors":[38],"is_endless":false,"potions_floor_spawned":[1,5,14,23,25,28,40,44,47,48],"ascension_level":6}}