{"host":"s2ap0bnrs90y0f0j","time":1608445337,"event":{"mods":["BaseMod","Minty Spire (QoL Compilation)","StSLib","TheArtist"],"gold_per_floor":[110,185,57,72,72,72,72,72,123,147,158,183,183,62,62,164,164,178,178,178,0,0,34,10,10,34,46,46,64,84,84,84],"floor_reached":31,"playtime":1623,"items_purged":[],"score":249,"play_id":"a3f325a6-1081-4931-93de-2cc4d1be0fd4","local_time":"20201220012216","is_ascension_mode":false,"campfire_choices":[{"data":"artistmod:YellowYearning","floor":6.0,"key":"SMITH"},{"data":"artistmod:ClearChroma","floor":8.0,"key":"SMITH"},{"data":"artistmod:DarkenDrawing","floor":13.0,"key":"SMITH"},{"floor":15.0,"key":"REST"},{"data":"artistmod:RainbowReality","floor":25.0,"key":"SMITH"},{"floor":28.0,"key":"REST"}],"circlet_count":0,"master_deck":["artistmod:StrokeStrike","artistmod:StrokeStrike","artistmod:StrokeStrike","artistmod:DaringDefend","artistmod:DaringDefend","artistmod:DaringDefend","artistmod:BrushBash","artistmod:DarkenDrawing+1","artistmod:ClearChroma+1","artistmod:YellowYearning+1","artistmod:PaintBreath+1","artistmod:VibrantVision","artistmod:BrownBrush","artistmod:DoubleDraw","artistmod:DualDebuffs","artistmod:EnlightenedEpiphany","artistmod:ContrastingClash","artistmod:RainbowReality+1","artistmod:BigBrown","artistmod:MagentaMadness","artistmod:BlueBurst+1","artistmod:ColorfulClobber","artistmod:RainbowReality+1","artistmod:YellowYearning+1"],"relics":["artistmod:BlueBrush","Dream Catcher","Tiny Chest","Odd Mushroom","Bottled Lightning","SlaversCollar","Omamori","PreservedInsect","Lantern"],"acts_visited":["Exordium","TheCity"],"potions_floor_usage":[31],"damage_taken":[{"damage":5.0,"enemies":"Jaw Worm","floor":1.0,"turns":4.0},{"damage":7.0,"enemies":"2 Louse","floor":4.0,"turns":2.0},{"damage":24.0,"enemies":"The Mushroom Lair","floor":10.0,"turns":5.0},{"damage":2.0,"enemies":"Small Slimes","floor":11.0,"turns":6.0},{"damage":6.0,"enemies":"Gremlin Nob","floor":12.0,"turns":3.0},{"damage":13.0,"enemies":"Slime Boss","floor":16.0,"turns":8.0},{"damage":37.0,"enemies":"2 Thieves","floor":18.0,"turns":5.0},{"damage":43.0,"enemies":"Gremlin Leader","floor":23.0,"turns":9.0},{"damage":0.0,"enemies":"Shell Parasite","floor":27.0,"turns":7.0},{"damage":24.0,"enemies":"Centurion and Healer","floor":29.0,"turns":8.0},{"damage":16.0,"enemies":"Sentry and Sphere","floor":30.0,"turns":6.0},{"damage":21,"enemies":"Book of Stabbing","floor":31,"turns":1}],"seed_played":"1750997206386940081","potions_obtained":[{"floor":1.0,"key":"Fire Potion"},{"floor":4.0,"key":"DuplicationPotion"},{"floor":11.0,"key":"Strength Potion"},{"floor":16.0,"key":"ColorlessPotion"},{"floor":23.0,"key":"SpeedPotion"},{"floor":30.0,"key":"AttackPotion"}],"is_trial":false,"path_per_floor":["M","?","$","M","?","R","?","R","T","?","M","E","R","$","R","B",null,"M","?","T","?","?","E","$","R","T","M","R","M","M","E"],"character_chosen":"THE_ARTIST","items_purchased":["artistmod:YellowYearning","artistmod:PaintBreath","artistmod:EnlightenedEpiphany","artistmod:ContrastingClash","artistmod:ColorfulClobber"],"campfire_rested":2,"item_purchase_floors":[3,3,14,14,24],"current_hp_per_floor":[66,55,55,48,53,53,53,53,53,29,27,21,21,21,43,30,76,39,39,39,39,76,33,33,33,33,33,55,31,15,0,0],"gold":84,"neow_bonus":"RANDOM_COMMON_RELIC","is_daily":false,"chose_seed":false,"campfire_upgraded":4,"win_rate":0.0,"timestamp":1608445336,"path_taken":["M","?","$","M","?","R","?","R","T","?","M","E","R","?","R","BOSS","M","?","?","?","?","E","$","R","T","M","R","M","?","E"],"items_purchased_type":["Card","Card","Card","Card","Card"],"build_version":"2020-12-13","purchased_purges":0,"victory":false,"max_hp_per_floor":[71,71,71,71,76,76,76,76,76,76,76,76,76,76,76,76,76,76,76,76,76,76,76,76,76,76,76,76,76,76,76,76],"card_choices":[{"not_picked":["artistmod:DualDash","artistmod:PrismaticPain"],"picked":"artistmod:ClearChroma","floor":1.0},{"not_picked":["artistmod:PrismaticPain","artistmod:PaintballPelt"],"picked":"artistmod:VibrantVision","floor":4.0},{"not_picked":["artistmod:AquaAnnoyance","artistmod:MagentaMadness"],"picked":"artistmod:BrownBrush","floor":10.0},{"not_picked":["artistmod:ReddeningRampage","artistmod:AquaAnnoyance"],"picked":"artistmod:DoubleDraw","floor":11.0},{"not_picked":["artistmod:PrismaticPain","artistmod:DualDebuffs","artistmod:SimpleStudies"],"picked":"SKIP","floor":12.0},{"not_picked":["artistmod:PrismaticPain","artistmod:SimpleStudies"],"picked":"artistmod:DualDebuffs","floor":12.0},{"not_picked":["artistmod:CrushingCanvas","artistmod:ColorfulClobber"],"picked":"artistmod:RainbowReality","floor":15.0},{"not_picked":["artistmod:ArtificialArt","artistmod:FantasyForm"],"picked":"artistmod:BigBrown","floor":16.0},{"not_picked":["artistmod:InsaneInspiration","artistmod:ColoredCollision","artistmod:ChromaCrash"],"picked":"SKIP","floor":18.0},{"not_picked":["artistmod:AquaAnnoyance","artistmod:DarkerDanger"],"picked":"artistmod:BlueBurst+1","floor":23.0},{"not_picked":["artistmod:ChromaCrash","artistmod:BrownBrush+1"],"picked":"artistmod:RainbowReality+1","floor":27.0},{"not_picked":["artistmod:PaintBreath+1","artistmod:RainbowReality"],"picked":"artistmod:YellowYearning+1","floor":28.0},{"not_picked":["artistmod:PurplePain","artistmod:CursedClash","artistmod:ClearChroma"],"picked":"SKIP","floor":29.0},{"not_picked":["artistmod:ReddeningRampage","artistmod:SuperbSchooling+1","artistmod:CanvasCatapult"],"picked":"SKIP","floor":30.0}],"player_experience":618135,"relics_obtained":[{"floor":9.0,"key":"Tiny Chest"},{"floor":10.0,"key":"Odd Mushroom"},{"floor":12.0,"key":"Bottled Lightning"},{"floor":20.0,"key":"Omamori"},{"floor":23.0,"key":"PreservedInsect"},{"floor":26.0,"key":"Lantern"}],"event_choices":[{"damage_healed":0.0,"max_hp_gain":0.0,"max_hp_loss":0.0,"gold_gain":75.0,"event_name":"World of Goop","player_choice":"Gather Gold","floor":2.0,"gold_loss":0.0,"damage_taken":11.0},{"damage_healed":0.0,"max_hp_gain":5.0,"max_hp_loss":0.0,"gold_gain":0.0,"event_name":"Big Fish","player_choice":"Donut","floor":5.0,"gold_loss":0.0,"damage_taken":0.0},{"damage_healed":0.0,"max_hp_gain":0.0,"max_hp_loss":0.0,"gold_gain":0.0,"event_name":"Living Wall","player_choice":"Grow","floor":7.0,"gold_loss":0.0,"damage_taken":0.0,"cards_upgraded":["artistmod:PaintBreath"]},{"damage_healed":0.0,"max_hp_gain":0.0,"max_hp_loss":0.0,"gold_gain":0.0,"event_name":"Mushrooms","player_choice":"Fought Mushrooms","floor":10.0,"gold_loss":0.0,"damage_taken":0.0},{"damage_healed":0.0,"max_hp_gain":0.0,"max_hp_loss":0.0,"gold_gain":0.0,"cards_transformed":["artistmod:DaringDefend","artistmod:StrokeStrike"],"event_name":"Drug Dealer","player_choice":"Became Test Subject","floor":19.0,"gold_loss":0.0,"damage_taken":0.0,"cards_obtained":["artistmod:VibrantVision","artistmod:MagentaMadness"]},{"damage_healed":0.0,"max_hp_gain":0.0,"max_hp_loss":0.0,"gold_gain":0.0,"event_name":"Masked Bandits","player_choice":"Paid Fearfully","floor":21.0,"gold_loss":178.0,"damage_taken":0.0},{"cards_removed":["artistmod:VibrantVision"],"damage_healed":37.0,"max_hp_gain":0.0,"max_hp_loss":0.0,"gold_gain":0.0,"event_name":"Bonfire Elementals","player_choice":"Offered Uncommon","floor":22.0,"gold_loss":0.0,"damage_taken":0.0}],"is_beta":false,"boss_relics":[{"not_picked":["Runic Dome","artistmod:BrokenBrush"],"picked":"SlaversCollar"}],"items_purged_floors":[],"is_endless":false,"potions_floor_spawned":[1,4,11,16,23,30],"killed_by":"Book of Stabbing","ascension_level":0}}