{"host":"6he3f0ic6yesrium","time":1608435732,"event":{"mods":["BaseMod","Better Altar","Better Match","Better Note","Better Sensory Stone","Better Skull","Better Third Choice","Colored Map","Conspire","Hermit","Hubris","Marisa????????","Mimic Mod","Minty Spire (QoL Compilation)","Replay The Spire","Shade Mod","StSLib","The Alterego","The Runesmith"],"gold_per_floor":[116,191,210,8,26,41,41,52,133,151,162,174,174,189,189,291,291,309,339,351,351,361,390,390,418,418,162,162,178,178,31,31,134,134,147,147,160,160,177,197,197,216,216,216,216],"floor_reached":44,"playtime":2416,"items_purged":[],"score":566,"play_id":"dc4e2eee-3f0a-4549-a0b9-8039365f2f6f","local_time":"20201219224212","is_ascension_mode":true,"campfire_choices":[{"data":"alterego_mod:Rip","floor":7.0,"key":"SMITH"},{"floor":13.0,"key":"REST"},{"floor":15.0,"key":"REST"},{"floor":24.0,"key":"REST"},{"floor":32,"key":"REST"},{"data":"ReplayTheSpireMod:Strike From Hell","floor":41,"key":"SMITH"}],"circlet_count":0,"master_deck":["alterego_mod:Strike","alterego_mod:Strike","alterego_mod:Strike","alterego_mod:Strike","alterego_mod:Defend","alterego_mod:Defend","alterego_mod:Defend","alterego_mod:Defend","alterego_mod:Impale+1","alterego_mod:BigMeatyClaws","alterego_mod:BrynhildrsRune","alterego_mod:Belts","alterego_mod:Rip+1","alterego_mod:Bounce","alterego_mod:BreastValley","alterego_mod:TrashNCrash+1","alterego_mod:BiFurious","alterego_mod:Bunnysuit","alterego_mod:Rip","alterego_mod:Maid","alterego_mod:TrickOrTreatment+1","alterego_mod:Exercise","alterego_mod:Bounce","alterego_mod:PainIsPleasure+1","alterego_mod:Bounce","conspire:Blindness","ReplayTheSpireMod:Strike From Hell+1","Demon Form+1","Anger","alterego_mod:Punishment+1","Heavy Blade","Doubt"],"relics":["alterego_mod:MasochisticConstitution","Frozen Egg 2","Cursed Key","Red Mask","Happy Flower","Replay:Mystery Machine","Replay:Bottled Eggs","hubris:DisguiseKit","Nunchaku","Busted Crown","hubris:Icosahedron","hubris:Towel","ReplayTheSpireMod:Ninjato"],"acts_visited":["Exordium","TheCity","TheBeyond"],"potions_floor_usage":[28,33,40,42],"damage_taken":[{"damage":12.0,"enemies":"2 Louse","floor":1.0,"turns":3.0},{"damage":1.0,"enemies":"Cultist","floor":3.0,"turns":3.0},{"damage":0.0,"enemies":"Small Slimes","floor":5.0,"turns":1.0},{"damage":24.0,"enemies":"Looter","floor":6.0,"turns":5.0},{"damage":0.0,"enemies":"Exordium Thugs","floor":8.0,"turns":4.0},{"damage":21.0,"enemies":"Gremlin Gang","floor":10.0,"turns":4.0},{"damage":4.0,"enemies":"Looter","floor":11.0,"turns":4.0},{"damage":5.0,"enemies":"2 Fungi Beasts","floor":12.0,"turns":4.0},{"damage":13.0,"enemies":"Red Slaver","floor":14.0,"turns":3.0},{"damage":4.0,"enemies":"Fading Forest","floor":16.0,"turns":11.0},{"damage":0.0,"enemies":"3 Byrds","floor":18.0,"turns":5.0},{"damage":43.0,"enemies":"Masked Bandits","floor":19.0,"turns":5.0},{"damage":10.0,"enemies":"Spheric Guardian","floor":20.0,"turns":3.0},{"damage":49.0,"enemies":"Shelled Parasite and Fungi","floor":22.0,"turns":4.0},{"damage":12.0,"enemies":"conspire:Head Lice","floor":23.0,"turns":4.0},{"damage":25.0,"enemies":"conspire:SneckoGhost","floor":25.0,"turns":3.0},{"damage":0,"enemies":"Slavers","floor":28,"turns":1},{"damage":22,"enemies":"Snake Plant","floor":29,"turns":5},{"damage":64,"enemies":"Automaton","floor":33,"turns":7},{"damage":30,"enemies":"3 Shapes","floor":35,"turns":5},{"damage":55,"enemies":"3 Darklings","floor":37,"turns":5},{"damage":30,"enemies":"Jaw Worm Horde","floor":39,"turns":5},{"damage":26,"enemies":"Maw","floor":40,"turns":7},{"damage":27,"enemies":"Spire Growth","floor":42,"turns":5},{"damage":16,"enemies":"3 Darklings","floor":44,"turns":1}],"seed_played":"1242287870685491185","potions_obtained":[{"floor":1.0,"key":"PowerPotion"},{"floor":3.0,"key":"Explosive Potion"},{"floor":8.0,"key":"SneckoOil"},{"floor":11.0,"key":"Dexterity Potion"},{"floor":16.0,"key":"LiquidMemories"},{"floor":20.0,"key":"SmokeBomb"},{"floor":23.0,"key":"SteroidPotion"},{"floor":29,"key":"FearPotion"},{"floor":39,"key":"SteroidPotion"},{"floor":40,"key":"Dexterity Potion"}],"is_trial":false,"path_per_floor":["M","?","M","$","M","M","R","M","T","M","M","M","R","M","R_BF","B",null,"M","?","M","?","M","E","R","E","T","$","E","M","?","$","R","B",null,"M","?","M","?","M","M","R","M","T","M"],"character_chosen":"The_Alterego","items_purchased":["alterego_mod:Bounce","alterego_mod:BreastValley","alterego_mod:TrashNCrash+1","alterego_mod:BiFurious","hubris:DisguiseKit","Nunchaku"],"campfire_rested":4,"item_purchase_floors":[4,4,4,4,27,31],"current_hp_per_floor":[59,52,52,52,52,29,29,29,29,9,6,2,24,12,35,54,78,78,36,27,90,42,31,58,34,34,34,34,13,44,44,72,9,95,80,80,26,26,35,11,11,11,11,0,0],"gold":216,"neow_bonus":"UPGRADE_CARD","is_daily":false,"chose_seed":false,"campfire_upgraded":2,"win_rate":0.0,"timestamp":1608435732,"path_taken":["M","?","M","$","M","M","R","M","T","?","M","M","R","M","R_BF","BOSS","M","?","M","?","?","E","R","E","T","$","E","?","?","$","R","BOSS","M","?","M","?","M","M","R","M","T","M"],"items_purchased_type":["Card","Card","Card","Card","Relic","Relic"],"build_version":"2020-12-13","purchased_purges":0,"victory":false,"max_hp_per_floor":[71,71,72,72,72,73,73,73,73,74,75,76,76,77,77,78,78,78,79,80,90,91,92,92,93,93,93,93,94,94,94,94,95,95,96,96,97,97,98,99,99,100,100,100,100],"card_choices":[{"not_picked":["alterego_mod:HighServant","alterego_mod:Jiggle"],"picked":"alterego_mod:Belts","floor":1.0},{"not_picked":["alterego_mod:DeftHands","alterego_mod:Crossover"],"picked":"alterego_mod:Rip","floor":3.0},{"not_picked":["alterego_mod:DiscoLights","alterego_mod:SuperDuperMasochism"],"picked":"alterego_mod:Bunnysuit","floor":5.0},{"not_picked":["alterego_mod:Skirt","alterego_mod:Santa","alterego_mod:Table"],"picked":"SKIP","floor":6.0},{"not_picked":["alterego_mod:Punishment","alterego_mod:Smother"],"picked":"alterego_mod:Rip","floor":8.0},{"not_picked":["alterego_mod:PresenceConcealment+1","alterego_mod:Cycle"],"picked":"alterego_mod:SideboobHour","floor":10.0},{"not_picked":["alterego_mod:GoddessCore","alterego_mod:Pet","alterego_mod:Stockings"],"picked":"SKIP","floor":11.0},{"not_picked":["alterego_mod:HighServant","alterego_mod:PerceptionDisorder+1","alterego_mod:InsideBaseball+1"],"picked":"SKIP","floor":12.0},{"not_picked":["alterego_mod:Jiggle","alterego_mod:MagicResistance"],"picked":"alterego_mod:Maid","floor":14.0},{"not_picked":["alterego_mod:Lift+1","alterego_mod:Alter"],"picked":"alterego_mod:TrickOrTreatment+1","floor":16.0},{"not_picked":["alterego_mod:GoddessCore+1","alterego_mod:1TonWallop","alterego_mod:BeGentle"],"picked":"SKIP","floor":18.0},{"not_picked":["alterego_mod:Birthday","alterego_mod:Jiggle+1"],"picked":"alterego_mod:Exercise","floor":19.0},{"not_picked":["alterego_mod:1TonWallop","alterego_mod:Swimsuit"],"picked":"alterego_mod:Bounce","floor":20.0},{"not_picked":["alterego_mod:TrashNCrash","alterego_mod:PerceptionDisorder+1","alterego_mod:Pet"],"picked":"SKIP","floor":22.0},{"not_picked":["alterego_mod:Crossover","alterego_mod:PresenceConcealment+1"],"picked":"alterego_mod:PainIsPleasure+1","floor":23.0},{"not_picked":["alterego_mod:Bloomers","alterego_mod:Lingerie"],"picked":"alterego_mod:Bounce","floor":25.0},{"not_picked":["alterego_mod:Maid","alterego_mod:BeGentle","alterego_mod:Cycle"],"picked":"ReplayTheSpireMod:Strike From Hell","floor":29},{"not_picked":["alterego_mod:VirginLaserPalladion","alterego_mod:IdEs","alterego_mod:Valkyrie"],"picked":"Demon Form","floor":33},{"not_picked":["alterego_mod:Jiggle"],"picked":"Anger","floor":35},{"not_picked":["alterego_mod:Maid+1","Shrug It Off"],"picked":"SKIP","floor":37},{"not_picked":["ReplayTheSpireMod:Corrosion Curse"],"picked":"alterego_mod:Punishment+1","floor":39},{"not_picked":["alterego_mod:Complex+1","hubris:ReadiedAction"],"picked":"SKIP","floor":40},{"not_picked":["alterego_mod:TrashNCrash+1"],"picked":"Heavy Blade","floor":42}],"player_experience":298039,"relics_obtained":[{"floor":9.0,"key":"Frozen Egg 2"},{"floor":19.0,"key":"Red Mask"},{"floor":23.0,"key":"Happy Flower"},{"floor":25.0,"key":"Replay:Mystery Machine"},{"floor":26.0,"key":"Replay:Bottled Eggs"},{"floor":43,"key":"ReplayTheSpireMod:Ninjato"}],"event_choices":[{"damage_healed":0.0,"max_hp_gain":0.0,"max_hp_loss":0.0,"gold_gain":75.0,"event_name":"FaceTrader","player_choice":"Touch","floor":2.0,"gold_loss":0.0,"damage_taken":7.0},{"damage_healed":0.0,"max_hp_gain":0.0,"max_hp_loss":0.0,"gold_gain":0.0,"event_name":"Masked Bandits","player_choice":"Fought Bandits","floor":19.0,"gold_loss":0.0,"damage_taken":0.0},{"cards_removed":["alterego_mod:SideboobHour"],"damage_healed":53.0,"max_hp_gain":10.0,"max_hp_loss":0.0,"gold_gain":0.0,"event_name":"Bonfire Elementals","player_choice":"Offered Rare","floor":21.0,"gold_loss":0.0,"damage_taken":0.0},{"damage_healed":31,"gold_gain":0,"player_choice":"Heal","damage_taken":0,"max_hp_gain":0,"max_hp_loss":0,"event_name":"The Library","floor":30,"gold_loss":0}],"is_beta":false,"boss_relics":[{"not_picked":["Philosopher\u0027s Stone","Replay:Grab Bag"],"picked":"Cursed Key"},{"not_picked":["hubris:RunicObelisk","Tiny House"],"picked":"Busted Crown"}],"items_purged_floors":[],"is_endless":false,"potions_floor_spawned":[1,3,8,11,16,20,23,29,39,40],"killed_by":"3 Darklings","ascension_level":1}}