{"host":"3c27c697js19kaoo","time":1608439855,"event":{"mods":["Aspiration","BaseMod","CapriCore","Dota2Spire","Hermit","Minty Spire (QoL Compilation)","Quick Restart","Remilia£®¿Ÿ√◊¿Ú—«£©","Replay The Spire","Robot Space Explorer","Spicy Shops","StSLib","The Alterego","The Cursed","The Runesmith","The Servant 0.9.4","vexMod","°æ“≈ŒÔø®≈∆°øREMEMod"],"gold_per_floor":[117,132,132,132,132,157,157,176,176,195,195,195],"floor_reached":11,"playtime":279,"items_purged":[],"score":98,"play_id":"d2b7b197-dcf3-454b-acab-be00c57e24a8","local_time":"20201220125055","is_ascension_mode":false,"campfire_choices":[{"data":"aspiration:UnbridledHammer","floor":7,"key":"SMITH"}],"circlet_count":0,"master_deck":["Runesmith:Strike_RS","Runesmith:Strike_RS","Runesmith:Strike_RS","Runesmith:Defend_RS","Runesmith:Defend_RS","Runesmith:Defend_RS","Runesmith:Defend_RS","Runesmith:CraftFirestone","Runesmith:Fortify","Crow Ritual+1","aspiration:UnbridledHammer+1"],"relics":["Runesmith:BrokenRuby","REME_ComplimentaryCards","NeowsBlessing","Dota2Spire:PhaseBoots","WingedGreaves"],"acts_visited":["Exordium"],"potions_floor_usage":[],"damage_taken":[{"damage":0,"enemies":"Jaw Worm","floor":1,"turns":1},{"damage":0,"enemies":"Small Slimes","floor":2,"turns":1},{"damage":0,"enemies":"Gremlin Nob","floor":6,"turns":1},{"damage":7,"enemies":"2 Louse","floor":8,"turns":2},{"damage":23,"enemies":"Large Slime","floor":10,"turns":6},{"damage":36,"enemies":"3 Sentries","floor":11,"turns":6}],"seed_played":"-5321711645792789845","potions_obtained":[{"floor":2,"key":"LiquidBronze"},{"floor":10,"key":"Dota2Spire:Clarity"}],"is_trial":false,"path_per_floor":["M","M","?","?","?","E","R","M","T","M","E"],"character_chosen":"RUNESMITH_CLASS","items_purchased":[],"campfire_rested":0,"item_purchase_floors":[],"current_hp_per_floor":[70,70,63,63,63,63,63,56,56,33,0,0],"gold":195,"neow_bonus":"THREE_ENEMY_KILL","is_daily":false,"chose_seed":false,"campfire_upgraded":1,"win_rate":0.0,"timestamp":1608439855,"path_taken":["M","M","?","?","?","E","R","M","T","?","E"],"items_purchased_type":[],"build_version":"2020-12-13","purchased_purges":0,"victory":false,"max_hp_per_floor":[70,70,70,70,70,70,70,70,70,70,70,70],"card_choices":[{"not_picked":["Runesmith:Discharge","Runesmith:CraftProtectio"],"picked":"aspiration:UnbridledHammer","floor":1},{"not_picked":["Runesmith:MakeshiftArmor","Runesmith:Repurpose","Runesmith:HeatExchange"],"picked":"SKIP","floor":2},{"not_picked":["Runesmith:MakeshiftArmor","Runesmith:CraftSpiculum","Runesmith:CraftIndustria"],"picked":"SKIP","floor":6},{"not_picked":["Runesmith:BackupBattery","Runesmith:DoubleUp","Runesmith:EnergizedChisel"],"picked":"SKIP","floor":8},{"not_picked":["Runesmith:EnergizedChisel","Runesmith:ShiftingStrike","Runesmith:DoubleUp"],"picked":"SKIP","floor":10}],"player_experience":143746,"relics_obtained":[{"floor":6,"key":"Dota2Spire:PhaseBoots"},{"floor":9,"key":"WingedGreaves"}],"event_choices":[{"cards_removed":["Runesmith:Strike_RS"],"damage_healed":0,"gold_gain":0,"player_choice":"Card Removal","damage_taken":7,"max_hp_gain":0,"max_hp_loss":0,"event_name":"Golden Wing","floor":3,"gold_loss":0},{"damage_healed":0,"gold_gain":0,"player_choice":"Leave","damage_taken":0,"max_hp_gain":0,"max_hp_loss":0,"event_name":"The Cleric","floor":4,"gold_loss":0},{"damage_healed":0,"gold_gain":0,"player_choice":"Grow","damage_taken":0,"max_hp_gain":0,"max_hp_loss":0,"event_name":"Living Wall","floor":5,"gold_loss":0,"cards_upgraded":["Crow Ritual"]}],"is_beta":false,"boss_relics":[],"items_purged_floors":[],"is_endless":false,"potions_floor_spawned":[2,10],"killed_by":"3 Sentries","ascension_level":0}}