{"host":"c2vrdknshfutmcsq","time":1608485084,"event":{"mods":["BaseMod","Minty Spire (QoL Compilation)"],"gold_per_floor":[114,128,128,139,155,184,184,200,200,234,44,75,41,41,41,120,120,130,130,141,158,158,190,190,190,217,217,243,263,127,160,160,234,234,244,254,254,279,279,313,325,352,411,469,481,493,532,31,31,31],"floor_reached":51,"playtime":15704,"items_purged":["Defend_B","Strike_B"],"score":1264,"play_id":"e832a5b5-dbf3-4f4a-9056-83a1092ca84e","local_time":"20201220182444","is_ascension_mode":true,"campfire_choices":[{"data":"Dualcast","floor":7.0,"key":"SMITH"},{"data":"Zap","floor":15.0,"key":"SMITH"},{"floor":24.0,"key":"REST"},{"data":"Buffer","floor":32.0,"key":"SMITH"},{"data":"Fission","floor":41.0,"key":"SMITH"},{"floor":46,"key":"REST"},{"floor":49,"key":"REST"}],"circlet_count":0,"master_deck":["AscendersBane","Strike_B","Strike_B","Defend_B","Defend_B","Zap+1","Dualcast+1","Glacier","Auto Shields","BootSequence","Lockon","Glacier","Conserve Battery","Multi-Cast","Defragment","Doom and Gloom","Rip and Tear","Genetic Algorithm","Electrodynamics","Stack+1","Leap","Ball Lightning","RitualDagger","Core Surge","Writhe","Fission+1","Compile Driver+1","FTL","Buffer+1","Reboot","Defragment","Apotheosis","Auto Shields","Writhe","Defragment","Capacitor","Tempest+1"],"relics":["Cracked Core","Blue Candle","Bag of Preparation","Ginger","Philosopher\u0027s Stone","Nloth\u0027s Gift","Shuriken","Centennial Puzzle","PreservedInsect","Bag of Marbles","Bottled Tornado","Busted Crown","Lizard Tail","MawBank","Juzu Bracelet","Torii","Pen Nib","Pear","Lantern"],"acts_visited":["Exordium","TheCity","TheBeyond"],"potions_floor_usage":[44,44],"damage_taken":[{"damage":1.0,"enemies":"Small Slimes","floor":1.0,"turns":3.0},{"damage":0.0,"enemies":"Jaw Worm","floor":2.0,"turns":4.0},{"damage":0.0,"enemies":"Cultist","floor":4.0,"turns":5.0},{"damage":0.0,"enemies":"Exordium Wildlife","floor":5.0,"turns":9.0},{"damage":10.0,"enemies":"3 Sentries","floor":6.0,"turns":7.0},{"damage":0.0,"enemies":"Looter","floor":8.0,"turns":2.0},{"damage":2.0,"enemies":"Lagavulin","floor":10.0,"turns":8.0},{"damage":3.0,"enemies":"3 Sentries","floor":12.0,"turns":9.0},{"damage":7.0,"enemies":"The Guardian","floor":16.0,"turns":9.0},{"damage":14.0,"enemies":"Spheric Guardian","floor":18.0,"turns":4.0},{"damage":0.0,"enemies":"3 Byrds","floor":20.0,"turns":2.0},{"damage":3.0,"enemies":"Snecko","floor":21.0,"turns":5.0},{"damage":28.0,"enemies":"Book of Stabbing","floor":23.0,"turns":8.0},{"damage":2.0,"enemies":"Gremlin Leader","floor":28.0,"turns":6.0},{"damage":1.0,"enemies":"Cultist and Chosen","floor":29.0,"turns":6.0},{"damage":8.0,"enemies":"Slavers","floor":31.0,"turns":4.0},{"damage":32.0,"enemies":"Collector","floor":33.0,"turns":13.0},{"damage":0.0,"enemies":"Orb Walker","floor":35.0,"turns":3.0},{"damage":15.0,"enemies":"3 Darklings","floor":36.0,"turns":3.0},{"damage":0.0,"enemies":"Mind Bloom Boss Battle","floor":38.0,"turns":10.0},{"damage":2.0,"enemies":"Giant Head","floor":40.0,"turns":8.0},{"damage":12.0,"enemies":"Maw","floor":42.0,"turns":9.0},{"damage":22,"enemies":"2 Orb Walkers","floor":44,"turns":4},{"damage":17,"enemies":"Reptomancer","floor":47,"turns":4},{"damage":52,"enemies":"Donu and Deca","floor":50,"turns":9}],"seed_played":"-3911844664885441458","potions_obtained":[{"floor":2.0,"key":"Explosive Potion"},{"floor":4.0,"key":"Strength Potion"},{"floor":8.0,"key":"Fire Potion"},{"floor":16.0,"key":"AttackPotion"},{"floor":23.0,"key":"DuplicationPotion"},{"floor":28.0,"key":"BlessingOfTheForge"},{"floor":42.0,"key":"PowerPotion"},{"floor":44,"key":"Energy Potion"}],"is_trial":false,"path_per_floor":["M","M","?","M","M","E","R","M","T","E","$","E","$","?","R","B",null,"M","?","M","M","?","E","R","?","T","?","E","M","$","E","R","B",null,"M","M","?","?","?","E","R","M","T","?","?","R","E","$","R","B",null],"character_chosen":"DEFECT","items_purchased":["Defragment","Doom and Gloom","Genetic Algorithm","FTL","Pear","Lantern","FairyPotion"],"campfire_rested":3,"item_purchase_floors":[11,11,13,30,48,48,48],"current_hp_per_floor":[63,63,56,56,56,46,46,48,48,48,48,47,47,52,52,47,69,57,57,57,54,48,20,42,42,42,67,65,64,64,56,56,24,63,63,48,48,48,67,65,65,53,53,31,31,53,36,46,71,19],"gold":31,"neow_bonus":"REMOVE_CARD","is_daily":false,"chose_seed":false,"campfire_upgraded":4,"win_rate":0.0,"timestamp":1608485084,"path_taken":["M","M","?","M","M","E","R","M","T","E","$","E","$","?","R","BOSS","M","?","?","M","?","E","R","?","T","?","E","M","$","E","R","BOSS","M","M","?","?","?","E","R","M","T","?","?","R","E","$","R","BOSS"],"items_purchased_type":["Card","Card","Card","Card","Relic","Relic","Potion"],"build_version":"2020-12-13","purchased_purges":2,"victory":true,"max_hp_per_floor":[71,71,71,71,71,71,71,71,71,71,71,71,71,76,76,76,76,76,76,76,76,76,76,76,76,76,76,76,76,76,76,76,76,76,76,76,76,76,76,76,76,76,76,76,76,76,76,86,86,86],"card_choices":[{"not_picked":["Redo","Stack"],"picked":"Glacier","floor":1.0},{"not_picked":["Compile Driver","Stack"],"picked":"Auto Shields","floor":2.0},{"not_picked":["Compile Driver","Barrage"],"picked":"BootSequence","floor":4.0},{"not_picked":["Stack","Rebound"],"picked":"Lockon","floor":5.0},{"not_picked":["Scrape","Chaos"],"picked":"Glacier","floor":6.0},{"not_picked":["Cold Snap","Steam"],"picked":"Conserve Battery","floor":8.0},{"not_picked":["Hello World","Go for the Eyes"],"picked":"Multi-Cast","floor":10.0},{"not_picked":["Streamline","Gash"],"picked":"Rip and Tear","floor":12.0},{"not_picked":["Rainbow","Multi-Cast"],"picked":"Electrodynamics","floor":16.0},{"not_picked":["Reprogram","Heatsinks"],"picked":"Stack+1","floor":18.0},{"not_picked":["Streamline","Static Discharge+1"],"picked":"Leap","floor":20.0},{"not_picked":["Steam","Stack"],"picked":"Ball Lightning","floor":21.0},{"not_picked":["Chaos","FTL"],"picked":"Core Surge","floor":23.0},{"not_picked":["Doom and Gloom","Heatsinks"],"picked":"Fission","floor":28.0},{"not_picked":["Streamline","Turbo+1"],"picked":"Compile Driver+1","floor":29.0},{"not_picked":["Redo","Scrape"],"picked":"Buffer","floor":31.0},{"not_picked":["Multi-Cast","Core Surge"],"picked":"Reboot","floor":33.0},{"not_picked":[],"picked":"Defragment","floor":35.0},{"not_picked":["Chill"],"picked":"SKIP","floor":36.0},{"not_picked":[],"picked":"Apotheosis","floor":37.0},{"not_picked":[],"picked":"Auto Shields","floor":38.0},{"not_picked":[],"picked":"Defragment","floor":40.0},{"not_picked":["Steam"],"picked":"SKIP","floor":42.0},{"not_picked":[],"picked":"Capacitor","floor":44},{"not_picked":[],"picked":"Tempest+1","floor":47}],"player_experience":1172032,"relics_obtained":[{"floor":6.0,"key":"Blood Vial"},{"floor":9.0,"key":"Blue Candle"},{"floor":10.0,"key":"Bag of Preparation"},{"floor":12.0,"key":"Ginger"},{"floor":23.0,"key":"Shuriken"},{"floor":26.0,"key":"PreservedInsect"},{"floor":28.0,"key":"Bag of Marbles"},{"floor":31.0,"key":"Bottled Tornado"},{"floor":38.0,"key":"Lizard Tail"},{"floor":40.0,"key":"MawBank"},{"floor":43.0,"key":"Juzu Bracelet"},{"floor":44,"key":"Torii"},{"floor":47,"key":"Pen Nib"}],"event_choices":[{"cards_removed":["Defend_B"],"damage_healed":0.0,"max_hp_gain":0.0,"max_hp_loss":0.0,"gold_gain":0.0,"event_name":"Golden Wing","player_choice":"Card Removal","floor":3.0,"gold_loss":0.0,"damage_taken":7.0},{"damage_healed":0.0,"max_hp_gain":5.0,"max_hp_loss":0.0,"gold_gain":0.0,"event_name":"Big Fish","player_choice":"Donut","floor":14.0,"gold_loss":0.0,"damage_taken":0.0},{"damage_healed":0.0,"max_hp_gain":0.0,"max_hp_loss":0.0,"gold_gain":0.0,"event_name":"N\u0027loth","player_choice":"Traded Relic","floor":19.0,"relics_lost":["Blood Vial"],"gold_loss":0.0,"damage_taken":0.0,"relics_obtained":["Nloth\u0027s Gift"]},{"damage_healed":0.0,"max_hp_gain":0.0,"max_hp_loss":0.0,"gold_gain":0.0,"event_name":"Nest","player_choice":"Joined the Cult","floor":22.0,"gold_loss":0.0,"damage_taken":6.0,"cards_obtained":["RitualDagger"]},{"damage_healed":0.0,"max_hp_gain":0.0,"max_hp_loss":0.0,"gold_gain":0.0,"event_name":"The Mausoleum","player_choice":"Opened","floor":25.0,"gold_loss":0.0,"damage_taken":0.0,"relics_obtained":["Centennial Puzzle"],"cards_obtained":["Writhe"]},{"damage_healed":25.0,"max_hp_gain":0.0,"max_hp_loss":0.0,"gold_gain":0.0,"event_name":"The Library","player_choice":"Heal","floor":27.0,"gold_loss":0.0,"damage_taken":0.0},{"damage_healed":0.0,"max_hp_gain":0.0,"max_hp_loss":0.0,"gold_gain":0.0,"event_name":"SensoryStone","player_choice":"Memory 1","floor":37.0,"gold_loss":0.0,"damage_taken":0.0},{"damage_healed":0.0,"max_hp_gain":0.0,"max_hp_loss":0.0,"gold_gain":0.0,"event_name":"MindBloom","player_choice":"Fight","floor":38.0,"gold_loss":0.0,"damage_taken":0.0},{"damage_healed":19.0,"max_hp_gain":0.0,"max_hp_loss":0.0,"gold_gain":0.0,"event_name":"Winding Halls","player_choice":"Writhe","floor":39.0,"gold_loss":0.0,"damage_taken":0.0,"cards_obtained":["Writhe"]},{"damage_healed":0,"gold_gain":0,"player_choice":"Fight","damage_taken":0,"max_hp_gain":0,"max_hp_loss":0,"event_name":"Mysterious Sphere","floor":44,"gold_loss":0},{"damage_healed":0,"gold_gain":0,"player_choice":"Ignored","damage_taken":0,"max_hp_gain":0,"max_hp_loss":0,"event_name":"Tomb of Lord Red Mask","floor":45,"gold_loss":0}],"is_beta":false,"boss_relics":[{"not_picked":["Sozu","Runic Dome"],"picked":"Philosopher\u0027s Stone"},{"not_picked":["SacredBark","Nuclear Battery"],"picked":"Busted Crown"}],"items_purged_floors":[11,30],"is_endless":false,"potions_floor_spawned":[2,4,8,16,21,23,28,36,42,44],"ascension_level":14}}