{"host":"tsnif9umxyqokjak","time":1608501095,"event":{"mods":["2.2 Compatiblity","AchievementEnabler","Act Like it!","Astrologer","BaseMod","Bestiary","Better Note","Better Skull","Better Third Choice","Better Vampires","Block Reminder","Challenge The Spire","Colored Powertips","Custom Start","Disable Question Mark Monsters","Displayed Cursed Tome","Downfall","Filter the Spire","Friendly Minions","Hallownest","Hermit","Highlight Path","Infinite Spire","Marisa????????","Minty Spire (QoL Compilation)","Quick Restart","Rare Cards Sparkle","Red Circlet Mod","Reimu??????","Remilia??????","Robot Space Explorer","Spicy Shops","StSLib","The Administrix","The Animator","The Bug Knight","The Construct","The Cursed","The Elementalist","The Gatherer","The Runesmith","The Sage","The Servant 0.9.4","The Spell Scribe","The Valiant","The Wild Card","Unknown Chances"],"gold_per_floor":[14,27,41,41,52,85,185,204,204,221,221,292,318,278,278,374,374,387,6,24,40,40,75,75,85,85,85,115,133,146,162,162,162,162],"floor_reached":33,"playtime":3977,"items_purged":["Writhe"],"score":326,"play_id":"8cefdf69-d055-44cc-9b76-94470547a0f8","local_time":"20201220225135","is_ascension_mode":false,"campfire_choices":[{"floor":11.0,"key":"REST"},{"data":"theWildCard:PaleRider","floor":15,"key":"SMITH"},{"data":"theWildCard:ArcaneArts","floor":24,"key":"SMITH"},{"floor":32,"key":"REST"}],"circlet_count":0,"master_deck":["theWildCard:BasicStrike+1","theWildCard:BasicStrike","theWildCard:BasicStrike","theWildCard:BasicStrike","theWildCard:BasicDefend","theWildCard:BasicDefend","theWildCard:BasicDefend","theWildCard:BasicDefend","theWildCard:CallToAdventure+1","theWildCard:Arsene","theWildCard:ArcaneArts+1","theWildCard:MagicalMight+1","theWildCard:PaleRider+1","theWildCard:Polydeuces","theWildCard:Patience","theWildCard:StingingStrike","theWildCard:TheArcanaUnleashed+1","CurseOfTheBell","theWildCard:MaskChange","theWildCard:Michael","theWildCard:ShieldOfMany","theWildCard:PowerOfTheArcana+1","theWildCard:SeveringSlash+1"],"relics":["theWildCard:VelvetContract","Bird Faced Urn","HollowMod:StagPassRelic","Frozen Egg 2","infinitespire:CheckeredPen","infinitespire:Bottled Soul","PaintedHorse:ReiMu","Calling Bell","Strawberry","Singing Bowl","theWildCard:Evoker","Tiny Chest","Anchor","Pen Nib","Toy Ornithopter","SsserpentHead","Whetstone"],"acts_visited":["Exordium","TheCity"],"potions_floor_usage":[16,16,23,33,33],"damage_taken":[{"damage":1.0,"enemies":"Jaw Worm","floor":1.0,"turns":3.0},{"damage":0.0,"enemies":"Cultist","floor":2.0,"turns":4.0},{"damage":3.0,"enemies":"Small Slimes","floor":3.0,"turns":3.0},{"damage":2.0,"enemies":"Blue Slaver","floor":5.0,"turns":3.0},{"damage":40.0,"enemies":"Gremlin Nob","floor":6.0,"turns":4.0},{"damage":0.0,"enemies":"Lots of Slimes","floor":8.0,"turns":2.0},{"damage":0.0,"enemies":"Large Slime","floor":10.0,"turns":7.0},{"damage":9.0,"enemies":"3 Sentries","floor":13.0,"turns":9.0},{"damage":8,"enemies":"Hexaghost","floor":16,"turns":9},{"damage":15,"enemies":"3 Byrds","floor":18,"turns":4},{"damage":0,"enemies":"Shell Parasite","floor":20,"turns":7},{"damage":8,"enemies":"Centurion and Healer","floor":21,"turns":5},{"damage":36,"enemies":"Book of Stabbing","floor":23,"turns":8},{"damage":4,"enemies":"Snecko","floor":25,"turns":3},{"damage":24,"enemies":"Gremlin Leader","floor":28,"turns":4},{"damage":4,"enemies":"3 Cultists","floor":29,"turns":4},{"damage":0,"enemies":"Chosen and Byrds","floor":30,"turns":4},{"damage":0,"enemies":"Centurion and Healer","floor":31,"turns":7},{"damage":61,"enemies":"Champ","floor":33,"turns":5}],"seed_played":"-7007559937470954339","potions_obtained":[{"floor":5.0,"key":"sneckomod:MuddlingPotion"},{"floor":6.0,"key":"SkillPotion"},{"floor":10.0,"key":"Dexterity Potion"},{"floor":13.0,"key":"Regen Potion"},{"floor":21,"key":"Swift Potion"},{"floor":23,"key":"ZuzhouPotion:ReiMu"},{"floor":29,"key":"SteroidPotion"},{"floor":30,"key":"champ:CounterPotion"}],"is_trial":false,"path_per_floor":["M","M","M","?","M","E","?","M","T","M","R","T","E","?","R","B",null,"M","$","M","M","?","E","R","M","T","?","E","M","M","M","R","B"],"character_chosen":"THE_WILD_CARD","items_purchased":["Tiny Chest","Anchor","expansioncontent:SuperHexaguard"],"campfire_rested":2,"item_purchase_floors":[19,19,19],"current_hp_per_floor":[59,59,56,56,54,14,14,14,14,14,32,32,23,23,23,50,67,56,56,58,54,71,37,37,33,33,33,11,13,17,23,45,0,0],"gold":162,"neow_bonus":"ONE_RARE_RELIC","is_daily":false,"chose_seed":false,"campfire_upgraded":2,"win_rate":0.0,"timestamp":1608501095,"path_taken":["M","M","M","?","?","E","?","?","T","M","R","?","E","?","R","BOSS","M","$","M","M","?","E","R","?","T","?","E","M","M","M","R","BOSS"],"items_purchased_type":["Relic","Relic","Card"],"build_version":"2020-12-13","purchased_purges":1,"victory":false,"max_hp_per_floor":[60,60,60,60,60,60,60,60,60,60,60,60,60,60,60,60,67,69,69,69,71,71,71,71,71,71,71,71,73,73,75,75,75,75],"card_choices":[{"not_picked":["theWildCard:BladeOfGenerations","theWildCard:Sakuya"],"picked":"theWildCard:ArcaneArts","floor":1.0},{"not_picked":["theWildCard:ArcaneArts","theWildCard:EnergizedStroke"],"picked":"theWildCard:MagicalMight","floor":2.0},{"not_picked":["theWildCard:StingingStrike","theWildCard:StalwartBlade"],"picked":"theWildCard:PaleRider","floor":3.0},{"not_picked":["theWildCard:ArcanaArtistry","theWildCard:PaleRider"],"picked":"theWildCard:Polydeuces","floor":5.0},{"not_picked":["theWildCard:Sakuya","theWildCard:ShieldOfMany","theWildCard:MasterPlan"],"picked":"SKIP","floor":6.0},{"not_picked":["theWildCard:Unburden","theWildCard:ArcaneArts"],"picked":"theWildCard:Patience","floor":8.0},{"not_picked":["theWildCard:EnergizedStroke","theWildCard:PaleRider"],"picked":"theWildCard:StingingStrike","floor":10.0},{"not_picked":["theWildCard:PaleRider","theWildCard:Amaterasu","theWildCard:EnergizedStroke"],"picked":"SKIP","floor":13.0},{"not_picked":["theWildCard:FinalHour","theWildCard:Lucifer"],"picked":"theWildCard:TheArcanaUnleashed+1","floor":16},{"not_picked":["theWildCard:UnderLockAndKey+1","theWildCard:IdentityTheft","theWildCard:Sakuya"],"picked":"Singing Bowl","floor":18},{"not_picked":["theWildCard:TheGreatSeal+1","theWildCard:Unburden"],"picked":"theWildCard:MaskChange","floor":20},{"not_picked":["theWildCard:Patience","theWildCard:UnendingRitual","theWildCard:PaleRider"],"picked":"Singing Bowl","floor":21},{"not_picked":["theWildCard:StingingStrike","theWildCard:CryOfAgony+1"],"picked":"theWildCard:Michael","floor":23},{"not_picked":["theWildCard:MagicalMight","theWildCard:BladeOfGenerations"],"picked":"theWildCard:ShieldOfMany","floor":25},{"not_picked":["theWildCard:Providence","theWildCard:Proficiency"],"picked":"theWildCard:PowerOfTheArcana+1","floor":28},{"not_picked":["theWildCard:StalwartBlade","theWildCard:MagicalMight","theWildCard:Impatience"],"picked":"Singing Bowl","floor":29},{"not_picked":["theWildCard:StingingStrike","theWildCard:EnergizedStroke+1"],"picked":"theWildCard:SeveringSlash+1","floor":30},{"not_picked":["theWildCard:Satanael","theWildCard:Scathach+1","theWildCard:Unburden"],"picked":"Singing Bowl","floor":31}],"player_experience":703396,"relics_obtained":[{"floor":6.0,"key":"HollowMod:StagPassRelic"},{"floor":9.0,"key":"Frozen Egg 2"},{"floor":12.0,"key":"infinitespire:CheckeredPen"},{"floor":13.0,"key":"infinitespire:Bottled Soul"},{"floor":17,"key":"Strawberry"},{"floor":17,"key":"Singing Bowl"},{"floor":17,"key":"theWildCard:Evoker"},{"floor":23,"key":"Pen Nib"},{"floor":26,"key":"Toy Ornithopter"},{"floor":28,"key":"Whetstone"}],"event_choices":[{"damage_healed":0.0,"max_hp_gain":0.0,"max_hp_loss":0.0,"gold_gain":0.0,"event_name":"Accursed Blacksmith","player_choice":"Forge","floor":4.0,"gold_loss":0.0,"damage_taken":0.0,"cards_upgraded":["theWildCard:MagicalMight"]},{"damage_healed":0.0,"max_hp_gain":0.0,"max_hp_loss":0.0,"gold_gain":100.0,"event_name":"Golden Shrine","player_choice":"Pray","floor":7.0,"gold_loss":0.0,"damage_taken":0.0},{"damage_healed":0,"gold_gain":0,"player_choice":"Donate","damage_taken":0,"relics_obtained":["PaintedHorse:ReiMu"],"max_hp_gain":0,"max_hp_loss":0,"event_name":"yidonshenshe","floor":14,"gold_loss":40},{"cards_removed":["expansioncontent:SuperHexaguard"],"damage_healed":17,"gold_gain":0,"player_choice":"Offered Uncommon","damage_taken":0,"max_hp_gain":0,"max_hp_loss":0,"event_name":"Bonfire Elementals","floor":22,"gold_loss":0},{"damage_healed":0,"gold_gain":0,"player_choice":"Trade","damage_taken":0,"relics_obtained":["SsserpentHead"],"max_hp_gain":0,"max_hp_loss":0,"event_name":"FaceTrader","floor":27,"gold_loss":0}],"is_beta":false,"boss_relics":[{"not_picked":["Busted Crown","Black Star"],"picked":"Calling Bell"}],"items_purged_floors":[19],"is_endless":false,"potions_floor_spawned":[5,6,10,13,21,23,29,30],"killed_by":"Champ","ascension_level":0}}