{"host":"thn8o1tmql8xszd5","time":1608468120,"event":{"mods":["AchievementEnabler","BaseMod","Block Reminder","Colored Map","DeckTracker","Highlight Path","Minty Spire (QoL Compilation)","Permanent Neow","Quick Restart","Relic Stats","Robot Space Explorer","StSLib","The Blue Laboratory"],"gold_per_floor":[115,131,146,146,146,146,187,287,287,287,327,35,54,98,98,221,221,245,245,197,197,213,213,248,248,325,325,366,366,382,423,423,544,544,563,563,331,356,381,381,414,414,483,497,86,424,86,117,117,117],"floor_reached":51,"playtime":1850,"items_purged":["Defend_R","Defend_R"],"score":1248,"play_id":"819b50ee-0dd3-467f-b1d4-37c3ce759605","local_time":"20201220074200","is_ascension_mode":true,"campfire_choices":[{"floor":6,"key":"REST"},{"floor":10,"key":"REST"},{"floor":15,"key":"REST"},{"floor":23,"key":"REST"},{"floor":25,"key":"REST"},{"floor":27,"key":"RECALL"},{"floor":32,"key":"REST"},{"floor":40,"key":"REST"},{"floor":42,"key":"REST"},{"floor":49,"key":"REST"}],"circlet_count":0,"master_deck":["Strike_R","Strike_R","Strike_R","Strike_R","Strike_R","Defend_R","Defend_R","Bash","Perfected Strike+1","Headbutt","Twin Strike","Perfected Strike","Twin Strike","Uppercut","Feed","Disarm+1","Rampage+1","Fiend Fire","True Grit+1","Flex+1","Feel No Pain","Shrug It Off","Pommel Strike+1"],"relics":["Fusion Hammer","Golden Idol","Bottled Flame","Nunchaku","Orichalcum","Paper Frog","Charon\u0027s Ashes","Velvet Choker","Singing Bowl","StrikeDummy","Happy Flower","PreservedInsect","Sundial","SacredBark","ClockworkSouvenir","Lantern","Mercury Hourglass","Potion Belt","Cauldron","Old Coin","Bag of Preparation","Strawberry"],"acts_visited":["Exordium","TheCity","TheBeyond"],"potions_floor_usage":[11,24,31,41,44,46,50,50,50,50],"damage_taken":[{"damage":8,"enemies":"2 Louse","floor":1,"turns":3},{"damage":2,"enemies":"Small Slimes","floor":2,"turns":3},{"damage":0,"enemies":"Cultist","floor":3,"turns":2},{"damage":16,"enemies":"Gremlin Nob","floor":7,"turns":3},{"damage":20,"enemies":"Lagavulin","floor":11,"turns":4},{"damage":0,"enemies":"Looter","floor":13,"turns":1},{"damage":0,"enemies":"Gremlin Nob","floor":14,"turns":2},{"damage":0,"enemies":"Slime Boss","floor":16,"turns":5},{"damage":0,"enemies":"3 Byrds","floor":18,"turns":4},{"damage":21,"enemies":"Chosen","floor":22,"turns":7},{"damage":14,"enemies":"Slavers","floor":24,"turns":4},{"damage":18,"enemies":"Book of Stabbing","floor":28,"turns":2},{"damage":0,"enemies":"3 Cultists","floor":30,"turns":4},{"damage":4,"enemies":"Gremlin Leader","floor":31,"turns":5},{"damage":49,"enemies":"Champ","floor":33,"turns":8},{"damage":6,"enemies":"Orb Walker","floor":35,"turns":2},{"damage":24,"enemies":"3 Darklings","floor":38,"turns":4},{"damage":12,"enemies":"Spire Growth","floor":39,"turns":3},{"damage":28,"enemies":"Nemesis","floor":41,"turns":5},{"damage":16,"enemies":"Writhing Mass","floor":44,"turns":3},{"damage":3,"enemies":"Reptomancer","floor":46,"turns":3},{"damage":6,"enemies":"Nemesis","floor":48,"turns":3},{"damage":67,"enemies":"Awakened One","floor":50,"turns":5}],"seed_played":"-537570286430573347","potions_obtained":[{"floor":7,"key":"ColorlessPotion"},{"floor":11,"key":"blueLaboratory:FruitPreserves"},{"floor":13,"key":"blueLaboratory:TrueEctoplasm"},{"floor":18,"key":"blueLaboratory:AbyssPotion"},{"floor":30,"key":"blueLaboratory:BottleOfVodka"},{"floor":33,"key":"Block Potion"},{"floor":38,"key":"Strength Potion"},{"floor":45,"key":"LiquidMemories"},{"floor":45,"key":"blueLaboratory:HorrorPotion"},{"floor":45,"key":"blueLaboratory:SmithPotion"},{"floor":45,"key":"blueLaboratory:BottleOfVodka"}],"is_trial":false,"path_per_floor":["M","M","M","?","?","R","E","?","T","R","E","$","M","E","R","B",null,"M","?","$","?","M","R","E","R","T","R","E","T","M","E","R","B",null,"M","?","$","M","M","R","E","R","T","M","$","E","$","E","R","B",null],"character_chosen":"IRONCLAD","items_purchased":["Paper Frog","Perfected Strike","blueLaboratory:FruitPunch","ClockworkSouvenir","Potion Belt","Cauldron","Feel No Pain","Shrug It Off","Bag of Preparation","LiquidBronze"],"campfire_rested":9,"item_purchase_floors":[12,12,20,37,45,45,47,47,47,47],"current_hp_per_floor":[64,62,62,62,62,74,58,58,58,74,54,54,54,54,74,74,74,77,63,63,63,45,70,63,90,90,90,74,74,79,75,99,50,87,81,99,99,75,68,99,73,104,104,90,90,92,92,93,120,53],"gold":117,"neow_bonus":"BOSS_RELIC","is_daily":false,"chose_seed":false,"campfire_upgraded":0,"win_rate":0.0,"timestamp":1608468120,"path_taken":["M","M","M","?","?","R","E","?","T","R","E","$","?","E","R","BOSS","M","?","$","?","?","R","E","R","T","R","E","?","?","E","R","BOSS","M","?","$","?","M","R","E","R","T","M","$","E","?","E","R","BOSS"],"items_purchased_type":["Relic","Card","Potion","Relic","Relic","Relic","Card","Card","Relic","Potion"],"build_version":"2020-12-13","purchased_purges":2,"victory":true,"max_hp_per_floor":[80,80,80,80,74,74,74,74,74,74,74,74,74,74,74,74,74,77,82,82,82,85,85,92,92,92,92,94,94,99,99,99,99,99,99,99,99,99,104,104,106,106,106,108,108,113,113,120,120,120],"relic_stats":{"Nunchaku":[18],"Singing Bowl":14,"Happy Flower":[15],"counters":[23,85],"Golden Idol":175,"Sundial":[2],"Charon\u0027s Ashes":[119],"PreservedInsect":201,"Bag of Preparation":[4],"Orichalcum":[216],"obtain_stats":[{"Potion Belt":45,"Lantern":41,"Singing Bowl":24,"Happy Flower":28,"Golden Idol":5,"SacredBark":34,"Velvet Choker":17,"Charon\u0027s Ashes":14,"PreservedInsect":29,"Bag of Preparation":47,"Orichalcum":11,"Burning Blood":0,"ClockworkSouvenir":37,"Mercury Hourglass":43,"Old Coin":46,"Cauldron":45,"Bottled Flame":7,"Nunchaku":9,"Sundial":31,"Strawberry":48,"Fusion Hammer":0,"StrikeDummy":26,"Paper Frog":12},{"Potion Belt":20,"Lantern":19,"Singing Bowl":11,"Happy Flower":12,"Golden Idol":3,"SacredBark":15,"Velvet Choker":8,"Charon\u0027s Ashes":7,"PreservedInsect":12,"Bag of Preparation":21,"Orichalcum":5,"Burning Blood":0,"ClockworkSouvenir":16,"Mercury Hourglass":19,"Old Coin":21,"Cauldron":20,"Bottled Flame":4,"Nunchaku":4,"Sundial":14,"Strawberry":22,"Fusion Hammer":0,"StrikeDummy":11,"Paper Frog":5},{"Potion Belt":74,"Lantern":71,"Singing Bowl":38,"Happy Flower":40,"Golden Idol":8,"SacredBark":57,"Velvet Choker":23,"Charon\u0027s Ashes":18,"PreservedInsect":40,"Bag of Preparation":77,"Orichalcum":15,"Burning Blood":0,"ClockworkSouvenir":59,"Mercury Hourglass":71,"Old Coin":77,"Cauldron":74,"Bottled Flame":11,"Nunchaku":11,"Sundial":49,"Strawberry":80,"Fusion Hammer":0,"StrikeDummy":38,"Paper Frog":15}],"Mercury Hourglass":[60]},"card_choices":[{"not_picked":["Anger","Reckless Charge"],"picked":"Perfected Strike","floor":1},{"not_picked":["Feel No Pain","Flame Barrier"],"picked":"Headbutt","floor":2},{"not_picked":["Iron Wave","Flex","Sword Boomerang"],"picked":"SKIP","floor":3},{"not_picked":["Anger","Bloodletting"],"picked":"Twin Strike","floor":7},{"not_picked":["Wild Strike","Power Through"],"picked":"Disarm","floor":11},{"not_picked":["Havoc","Armaments"],"picked":"Twin Strike","floor":13},{"not_picked":["Clothesline","Rage"],"picked":"Uppercut","floor":14},{"not_picked":["Fiend Fire","Brutality"],"picked":"Feed","floor":16},{"not_picked":["Hemokinesis","Perfected Strike","Pommel Strike+1"],"picked":"SKIP","floor":18},{"not_picked":["Twin Strike","Body Slam"],"picked":"Disarm+1","floor":22},{"not_picked":["Hemokinesis","Pummel","Shrug It Off"],"picked":"Singing Bowl","floor":24},{"not_picked":["Sever Soul+1","Barricade","Heavy Blade"],"picked":"Singing Bowl","floor":28},{"not_picked":["True Grit","Thunderclap","Headbutt"],"picked":"Singing Bowl","floor":30},{"not_picked":["Fire Breathing","Pommel Strike"],"picked":"Rampage+1","floor":31},{"not_picked":["Limit Break","Feed"],"picked":"Fiend Fire","floor":33},{"not_picked":["Twin Strike","Dual Wield"],"picked":"True Grit+1","floor":35},{"not_picked":["Bloodletting","Headbutt"],"picked":"Flex+1","floor":38},{"not_picked":["Heavy Blade+1","Battle Trance","Sword Boomerang"],"picked":"Singing Bowl","floor":39},{"not_picked":["Warcry+1","Power Through+1","Clash+1"],"picked":"Singing Bowl","floor":41},{"not_picked":["Combust","Pommel Strike+1","Anger+1"],"picked":"Singing Bowl","floor":44},{"not_picked":["Fiend Fire","Warcry+1","Uppercut"],"picked":"Singing Bowl","floor":46},{"not_picked":["Sentinel+1","Sword Boomerang"],"picked":"Pommel Strike+1","floor":48}],"player_experience":505150,"relics_obtained":[{"floor":7,"key":"Bottled Flame"},{"floor":9,"key":"Nunchaku"},{"floor":11,"key":"Orichalcum"},{"floor":14,"key":"Charon\u0027s Ashes"},{"floor":24,"key":"Singing Bowl"},{"floor":26,"key":"StrikeDummy"},{"floor":28,"key":"Happy Flower"},{"floor":29,"key":"PreservedInsect"},{"floor":31,"key":"Sundial"},{"floor":41,"key":"Lantern"},{"floor":43,"key":"Mercury Hourglass"},{"floor":46,"key":"Old Coin"},{"floor":48,"key":"Strawberry"}],"event_choices":[{"damage_healed":0,"gold_gain":0,"player_choice":"Grow","damage_taken":0,"max_hp_gain":0,"max_hp_loss":0,"event_name":"Living Wall","floor":4,"gold_loss":0,"cards_upgraded":["Perfected Strike"]},{"damage_healed":0,"gold_gain":0,"player_choice":"Lose Max HP","damage_taken":0,"relics_obtained":["Golden Idol"],"max_hp_gain":0,"max_hp_loss":6,"event_name":"Golden Idol","floor":5,"gold_loss":0},{"damage_healed":0,"gold_gain":100,"player_choice":"Pray","damage_taken":0,"max_hp_gain":0,"max_hp_loss":0,"event_name":"Golden Shrine","floor":8,"gold_loss":0},{"damage_healed":0,"gold_gain":0,"player_choice":"Shed Blood","damage_taken":19,"max_hp_gain":5,"max_hp_loss":0,"event_name":"Forgotten Altar","floor":19,"gold_loss":0},{"damage_healed":0,"gold_gain":0,"player_choice":"Got Potions","damage_taken":0,"max_hp_gain":0,"max_hp_loss":0,"event_name":"Lab","floor":21,"gold_loss":0},{"cards_removed":["Disarm"],"damage_healed":18,"gold_gain":0,"player_choice":"Offered Uncommon","damage_taken":0,"max_hp_gain":0,"max_hp_loss":0,"event_name":"Bonfire Elementals","floor":36,"gold_loss":0}],"is_beta":false,"boss_relics":[{"not_picked":["Runic Pyramid","Empty Cage"],"picked":"Velvet Choker"},{"not_picked":["Mark of Pain","Coffee Dripper"],"picked":"SacredBark"}],"items_purged_floors":[37,45],"is_endless":false,"potions_floor_spawned":[7,11,13,18,30,33,35,38,48],"ascension_level":7}}