{"host":"hgkb2zpbo2dcws21","time":1608450144,"event":{"mods":["AchievementEnabler","BaseMod","Colored Map","Colored Powertips","Custom Start","DeckTracker","KOR Keyword Fix","Minty Spire (QoL Compilation)","StSLib","SuperFastMode"],"gold_per_floor":[117,117,128,128,53,97,97,97,97,97,111,27,63,86,86,181,181,196,220,220,55,79,79,29,67,67,67,67],"floor_reached":27,"playtime":723,"items_purged":["Strike_G"],"score":454,"play_id":"e66474ab-8f6f-4da7-9d79-589c9aaa824e","local_time":"20201220164224","is_ascension_mode":true,"campfire_choices":[{"data":"After Image","floor":7,"key":"SMITH"},{"data":"Calculated Gamble","floor":15,"key":"SMITH"},{"data":"Tactician","floor":23,"key":"SMITH"}],"circlet_count":0,"master_deck":["AscendersBane","Survivor+1","Neutralize","After Image+1","Footwork","Blade Dance","Acrobatics+1","Noxious Fumes","Calculated Gamble+1","Malaise+1","Venomology","Dodge and Roll","Crippling Poison","Bouncing Flask","After Image","Grand Finale","Catalyst","Heel Hook+1","Tactician+1","Calculated Gamble","PiercingWail"],"relics":["Ring of the Snake","Golden Idol","Du-Vu Doll","Bottled Tornado","War Paint","Pandora\u0027s Box","Medical Kit","White Beast Statue","Molten Egg 2"],"acts_visited":["Exordium","TheCity"],"potions_floor_usage":[6,16,18,22,25,25,25],"damage_taken":[{"damage":1,"enemies":"2 Louse","floor":1,"turns":4},{"damage":0,"enemies":"Cultist","floor":3,"turns":3},{"damage":36,"enemies":"3 Sentries","floor":6,"turns":12},{"damage":0,"enemies":"Small Slimes","floor":11,"turns":3},{"damage":7,"enemies":"Lagavulin","floor":13,"turns":6},{"damage":0,"enemies":"2 Fungi Beasts","floor":14,"turns":3},{"damage":4,"enemies":"The Guardian","floor":16,"turns":14},{"damage":5,"enemies":"Chosen","floor":18,"turns":5},{"damage":12,"enemies":"Shell Parasite","floor":19,"turns":6},{"damage":2,"enemies":"Sentry and Sphere","floor":22,"turns":5},{"damage":28,"enemies":"Slavers","floor":25,"turns":6},{"damage":0,"enemies":"Gremlin Leader","floor":27,"turns":1}],"seed_played":"-6599674143790131130","potions_obtained":[{"floor":2,"key":"CunningPotion"},{"floor":2,"key":"LiquidBronze"},{"floor":11,"key":"BlessingOfTheForge"},{"floor":16,"key":"BlessingOfTheForge"}],"is_trial":false,"path_per_floor":["M","?","M","?","$","E","R","?","T","$","M","$","E","M","R","B",null,"M","M","?","$","M","R","?","E","T","E"],"character_chosen":"THE_SILENT","items_purchased":["Noxious Fumes","Medical Kit"],"campfire_rested":0,"item_purchase_floors":[12,21],"current_hp_per_floor":[58,58,58,58,58,22,22,22,22,22,22,22,15,15,15,11,48,43,31,31,31,29,29,29,1,1,1,1],"gold":67,"neow_bonus":"ONE_RANDOM_RARE_CARD","is_daily":false,"chose_seed":false,"campfire_upgraded":3,"win_rate":0.0,"timestamp":1608450144,"path_taken":["M","?","?","?","$","E","R","?","T","?","M","?","E","M","R","BOSS","M","?","?","$","M","R","?","E","T","E"],"items_purchased_type":["Card","Relic"],"build_version":"2020-12-13","purchased_purges":1,"victory":false,"max_hp_per_floor":[66,66,66,60,60,60,60,60,60,60,60,60,60,60,60,60,60,60,60,60,60,60,60,60,60,60,60,60],"card_choices":[{"not_picked":["Quick Slash","Slice"],"picked":"Blade Dance","floor":1},{"not_picked":["Endless Agony","Acrobatics"],"picked":"Footwork","floor":3},{"not_picked":["Dagger Throw","Riddle With Holes"],"picked":"Blade Dance","floor":6},{"not_picked":["Night Terror","Footwork"],"picked":"Acrobatics","floor":11},{"not_picked":["Blade Dance","Dodge and Roll"],"picked":"Calculated Gamble","floor":13},{"not_picked":["Outmaneuver","Bane","Predator"],"picked":"SKIP","floor":14},{"not_picked":["Unload","Wraith Form v2"],"picked":"Malaise","floor":16},{"not_picked":["Reflex","Caltrops"],"picked":"Tactician","floor":18},{"not_picked":["Sucker Punch","Backflip"],"picked":"Calculated Gamble","floor":19},{"not_picked":["Leg Sweep","Flechettes"],"picked":"PiercingWail","floor":22},{"not_picked":["Phantasmal Killer","PiercingWail","Quick Slash"],"picked":"SKIP","floor":25}],"player_experience":1093207,"relics_obtained":[{"floor":6,"key":"Du-Vu Doll"},{"floor":9,"key":"Bottled Tornado"},{"floor":13,"key":"War Paint"},{"floor":25,"key":"White Beast Statue"},{"floor":26,"key":"Molten Egg 2"}],"event_choices":[{"damage_healed":0,"gold_gain":0,"player_choice":"Got Potions","damage_taken":0,"max_hp_gain":0,"max_hp_loss":0,"event_name":"Lab","floor":2,"gold_loss":0},{"damage_healed":0,"gold_gain":0,"player_choice":"Lose Max HP","damage_taken":0,"relics_obtained":["Golden Idol"],"max_hp_gain":0,"max_hp_loss":6,"event_name":"Golden Idol","floor":4,"gold_loss":0},{"cards_removed":["Defend_G"],"damage_healed":0,"gold_gain":0,"player_choice":"Forget","damage_taken":0,"max_hp_gain":0,"max_hp_loss":0,"event_name":"Living Wall","floor":8,"gold_loss":0},{"cards_removed":["Blade Dance"],"damage_healed":0,"gold_gain":0,"player_choice":"Elegance","damage_taken":0,"max_hp_gain":0,"max_hp_loss":0,"event_name":"Back to Basics","floor":20,"gold_loss":0},{"damage_healed":0,"gold_gain":0,"player_choice":"Upgraded Two","damage_taken":0,"max_hp_gain":0,"max_hp_loss":0,"event_name":"Designer","floor":24,"gold_loss":50,"cards_upgraded":["Malaise","Heel Hook"]}],"is_beta":false,"boss_relics":[{"not_picked":["Busted Crown","Sozu"],"picked":"Pandora\u0027s Box"}],"items_purged_floors":[5],"is_endless":false,"potions_floor_spawned":[3,11,16,19],"killed_by":"Gremlin Leader","ascension_level":18}}