{"host":"utqe55yv0jihe4d6","time":1608435943,"event":{"mods":["2.2 Compatiblity","AchievementEnabler","BaseMod","Block Reminder","Colored Map","Colored Powertips","Minty Spire (QoL Compilation)","Quick Restart","Rare Cards Sparkle","Relic Stats","SuperFastMode"],"gold_per_floor":[115,141,161,29,47,47,62,62,117,147,166,198,198,223,223,300,300,313,333,144,155,155,155,190,190,190,219,36,69,79,98,98,172,172,188,204,1203,270,284,284,284,284],"floor_reached":41,"playtime":1160,"items_purged":["Strike_R","Strike_R","Strike_R"],"score":967,"play_id":"ccaab6f1-bbe0-41fb-8b61-85e546c7e929","local_time":"20201219224543","is_ascension_mode":true,"campfire_choices":[{"data":"Bash","floor":6.0,"key":"SMITH"},{"data":"Immolate","floor":8.0,"key":"SMITH"},{"data":"True Grit","floor":13.0,"key":"SMITH"},{"data":"Sword Boomerang","floor":15.0,"key":"SMITH"},{"data":"Limit Break","floor":23.0,"key":"SMITH"},{"data":"Shockwave","floor":25,"key":"SMITH"},{"floor":32,"key":"REST"},{"data":"Feel No Pain","floor":40,"key":"SMITH"}],"circlet_count":0,"master_deck":["AscendersBane","Strike_R+1","Strike_R+1","Defend_R","Defend_R","Defend_R","Defend_R","Bash+1","Carnage","Sword Boomerang+1","True Grit+1","Immolate+1","Metallicize","Limit Break+1","Disarm","Shockwave+1","Uppercut","Whirlwind+1","Evolve","Inflame","Offering","Feel No Pain+1","Normality","Normality","Burning Pact+1","Shrug It Off+1","Warcry+1"],"relics":["Burning Blood","Du-Vu Doll","Happy Flower","Red Skull","Letter Opener","Paper Frog","HornCleat","Mark of Pain","Blood Vial","Kunai","Whetstone","Shuriken","Philosopher\u0027s Stone","Lee\u0027s Waffle","Toxic Egg 2","Ornamental Fan"],"acts_visited":["Exordium","TheCity","TheBeyond"],"potions_floor_usage":[24,27,29,36,41],"damage_taken":[{"damage":1.0,"enemies":"Cultist","floor":1.0,"turns":3.0},{"damage":0.0,"enemies":"Jaw Worm","floor":3.0,"turns":3.0},{"damage":1.0,"enemies":"Small Slimes","floor":5.0,"turns":3.0},{"damage":8.0,"enemies":"Exordium Wildlife","floor":7.0,"turns":4.0},{"damage":15.0,"enemies":"3 Sentries","floor":10.0,"turns":5.0},{"damage":1.0,"enemies":"Blue Slaver","floor":11.0,"turns":3.0},{"damage":5.0,"enemies":"Gremlin Nob","floor":12.0,"turns":3.0},{"damage":2.0,"enemies":"3 Sentries","floor":14.0,"turns":4.0},{"damage":37.0,"enemies":"Hexaghost","floor":16.0,"turns":9.0},{"damage":0.0,"enemies":"3 Byrds","floor":18.0,"turns":5.0},{"damage":16.0,"enemies":"Spheric Guardian","floor":19.0,"turns":4.0},{"damage":14.0,"enemies":"Snecko","floor":21.0,"turns":5.0},{"damage":3,"enemies":"Gremlin Leader","floor":24,"turns":3},{"damage":12,"enemies":"Book of Stabbing","floor":27,"turns":6},{"damage":23,"enemies":"Gremlin Leader","floor":29,"turns":4},{"damage":9,"enemies":"Snake Plant","floor":30,"turns":2},{"damage":16,"enemies":"Centurion and Healer","floor":31,"turns":2},{"damage":20,"enemies":"Champ","floor":33,"turns":7},{"damage":5,"enemies":"Orb Walker","floor":35,"turns":3},{"damage":0,"enemies":"3 Shapes","floor":36,"turns":2},{"damage":10,"enemies":"3 Darklings","floor":39,"turns":2},{"damage":93,"enemies":"Reptomancer","floor":41,"turns":3}],"seed_played":"-8281445337320619920","potions_obtained":[{"floor":1.0,"key":"SteroidPotion"},{"floor":5.0,"key":"Weak Potion"},{"floor":14.0,"key":"LiquidMemories"},{"floor":18.0,"key":"SteroidPotion"},{"floor":30,"key":"Explosive Potion"}],"is_trial":false,"path_per_floor":["M","T","M","$","M","R","M","R","T","E","M","E","R","E","R","B",null,"M","M","$","M","?","R","E","R","T","E","$","E","M","M","R","B",null,"M","M","?","$","M","R","E"],"character_chosen":"IRONCLAD","items_purchased":["SteroidPotion","Uppercut","Inflame","Strength Potion","AttackPotion","Lee\u0027s Waffle","Toxic Egg 2","Ornamental Fan","Burning Pact+1","Shrug It Off+1"],"campfire_rested":1,"item_purchase_floors":[4,20,28,28,28,38,38,38,38,38],"current_hp_per_floor":[55,55,61,61,66,66,64,64,64,55,60,61,61,65,65,34,65,71,61,61,53,47,47,50,50,50,46,46,31,30,22,44,32,64,67,75,75,82,78,78,0,0],"gold":284,"neow_bonus":"ONE_RARE_RELIC","is_daily":false,"chose_seed":false,"campfire_upgraded":7,"win_rate":0.0,"timestamp":1608435943,"path_taken":["M","?","M","$","M","R","M","R","T","E","M","E","R","E","R","BOSS","M","M","$","M","?","R","E","R","T","E","$","E","M","M","R","BOSS","M","?","?","$","M","R","E"],"items_purchased_type":["Potion","Card","Card","Potion","Potion","Relic","Relic","Relic","Card","Card"],"build_version":"2020-12-13","purchased_purges":3,"victory":false,"max_hp_per_floor":[75,75,75,75,75,75,75,75,75,75,75,75,75,75,75,75,75,75,75,75,75,75,75,75,75,75,75,75,75,75,75,75,75,75,75,75,75,82,82,82,82,82],"relic_stats":{"Blood Vial":16,"Lee\u0027s Waffle":7,"Happy Flower":[27],"counters":[22,85],"Shuriken":[1],"Ornamental Fan":[0],"Letter Opener":[65],"Kunai":[1],"Whetstone":["Strike_R","Strike_R"],"obtain_stats":[{"Lee\u0027s Waffle":38,"Happy Flower":2,"Letter Opener":10,"Whetstone":27,"Burning Blood":0,"Du-Vu Doll":0,"Blood Vial":24,"HornCleat":14,"Shuriken":29,"Ornamental Fan":38,"Philosopher\u0027s Stone":34,"Mark of Pain":17,"Kunai":26,"Toxic Egg 2":38,"Red Skull":9,"Paper Frog":12},{"Lee\u0027s Waffle":20,"Happy Flower":1,"Letter Opener":5,"Whetstone":14,"Burning Blood":0,"Du-Vu Doll":0,"Blood Vial":13,"HornCleat":8,"Shuriken":15,"Ornamental Fan":20,"Philosopher\u0027s Stone":18,"Mark of Pain":9,"Kunai":13,"Toxic Egg 2":20,"Red Skull":4,"Paper Frog":7},{"Lee\u0027s Waffle":80,"Happy Flower":3,"Letter Opener":18,"Whetstone":60,"Burning Blood":0,"Du-Vu Doll":0,"Blood Vial":54,"HornCleat":28,"Shuriken":64,"Ornamental Fan":80,"Philosopher\u0027s Stone":75,"Mark of Pain":37,"Kunai":54,"Toxic Egg 2":80,"Red Skull":13,"Paper Frog":24}],"Burning Blood":126},"card_choices":[{"not_picked":["Battle Trance","Headbutt"],"picked":"Carnage","floor":1.0},{"not_picked":["Shrug It Off","Sever Soul"],"picked":"Sword Boomerang","floor":3.0},{"not_picked":["Reckless Charge","Heavy Blade"],"picked":"True Grit","floor":5.0},{"not_picked":["Flex","Rampage"],"picked":"Immolate","floor":7.0},{"not_picked":["Sword Boomerang","Perfected Strike","Wild Strike"],"picked":"SKIP","floor":10.0},{"not_picked":["Twin Strike","Barricade"],"picked":"Metallicize","floor":11.0},{"not_picked":["Body Slam","Warcry","Bloodletting"],"picked":"SKIP","floor":12.0},{"not_picked":["Heavy Blade","Hemokinesis","Iron Wave"],"picked":"SKIP","floor":14.0},{"not_picked":["Impervious","Berserk"],"picked":"Limit Break","floor":16.0},{"not_picked":["Rupture+1","Clothesline+1"],"picked":"Disarm","floor":18.0},{"not_picked":["True Grit+1","Flex"],"picked":"Shockwave","floor":19.0},{"not_picked":["Dual Wield","Shrug It Off"],"picked":"Whirlwind+1","floor":21.0},{"not_picked":["Berserk","Perfected Strike"],"picked":"Evolve","floor":24},{"not_picked":["Heavy Blade","Armaments","Cleave"],"picked":"SKIP","floor":27},{"not_picked":["Sentinel","Juggernaut","Cleave+1"],"picked":"SKIP","floor":29},{"not_picked":["Flex+1","Thunderclap","Infernal Blade"],"picked":"SKIP","floor":30},{"not_picked":["Body Slam+1","Combust","Pommel Strike"],"picked":"SKIP","floor":31},{"not_picked":["Demon Form","Limit Break"],"picked":"Offering","floor":33},{"not_picked":["Intimidate","Havoc","Rampage"],"picked":"SKIP","floor":35},{"not_picked":["Intimidate","Entrench+1"],"picked":"Feel No Pain","floor":36},{"not_picked":["Anger","Havoc+1"],"picked":"Warcry+1","floor":39}],"player_experience":2812300,"relics_obtained":[{"floor":2.0,"key":"Happy Flower"},{"floor":9.0,"key":"Red Skull"},{"floor":10.0,"key":"Letter Opener"},{"floor":12.0,"key":"Paper Frog"},{"floor":14.0,"key":"HornCleat"},{"floor":24,"key":"Blood Vial"},{"floor":26,"key":"Kunai"},{"floor":27,"key":"Whetstone"},{"floor":29,"key":"Shuriken"}],"event_choices":[{"damage_healed":0.0,"max_hp_gain":0.0,"max_hp_loss":0.0,"gold_gain":0.0,"event_name":"Knowing Skull","player_choice":"","floor":22.0,"potions_obtained":[],"gold_loss":0.0,"damage_taken":6.0,"cards_obtained":[]},{"damage_healed":0,"gold_gain":999,"player_choice":"Gold","damage_taken":0,"max_hp_gain":0,"max_hp_loss":0,"event_name":"MindBloom","floor":37,"gold_loss":0,"cards_obtained":["Normality","Normality"]}],"is_beta":false,"boss_relics":[{"not_picked":["Empty Cage","Pandora\u0027s Box"],"picked":"Mark of Pain"},{"not_picked":["Black Star","Busted Crown"],"picked":"Philosopher\u0027s Stone"}],"items_purged_floors":[4,20,38],"is_endless":false,"potions_floor_spawned":[1,5,7,14,18,19,30],"killed_by":"Reptomancer","ascension_level":20}}