{"host":"21h5e52imz35vo8g","time":1608446165,"event":{"mods":["AchievementEnabler","BaseMod","Colored Map","Colored Powertips","Googly Eyes","Minty Spire (QoL Compilation)","Quick Restart","Rare Cards Sparkle","Replay The Spire","StSLib"],"gold_per_floor":[116,41,41,41,59,59,75,104,104,4,31,31,46,76,76,171,171,188,188,91,107,123,123,123,123,123,123,54,88,103,123,123,123,123],"floor_reached":33,"playtime":1342,"items_purged":["Defend_G","Strike_G"],"score":369,"play_id":"09baa5a6-db44-45a8-818e-8081041ae956","local_time":"20201220143605","is_ascension_mode":true,"campfire_choices":[{"data":"Caltrops","floor":6,"key":"SMITH"},{"data":"Caltrops","floor":12,"key":"SMITH"},{"data":"Toxin Wave","floor":15,"key":"SMITH"},{"data":"Specialist","floor":23,"key":"SMITH"},{"floor":25,"key":"REST"},{"floor":27,"key":"REST"},{"data":"Noxious Fumes","floor":32,"key":"SMITH"}],"circlet_count":0,"master_deck":["Strike_G","Strike_G","Strike_G","Strike_G","Defend_G","Defend_G","Defend_G","Defend_G","Survivor","Neutralize","Crippling Poison+1","Caltrops+1","Caltrops+1","Leg Sweep","Bane","Toxin Wave+1","Bullet Time","Specialist+1","Caltrops","Spreading Infection","Noxious Fumes+1","Blur","Deadly Poison+1","Poisoned Stab+1"],"relics":["Ring of the Snake","Replay:Rubber Ducky","ReplayTheSpireMod:Ring of Collecting","ReplayTheSpireMod:Ring of Exchange","Spirit Poop","Bottled Tornado","Ornamental Fan","ReplayTheSpireMod:Ring of Challenge","Onion Ring","Art of War","Ring of Chaos","Dream Catcher","Ring of Fangs","Blue Doll","HornCleat"],"acts_visited":["Exordium","TheCity"],"potions_floor_usage":[8,13,14,16,29,33,33],"damage_taken":[{"damage":4,"enemies":"2 Louse","floor":1,"turns":3},{"damage":2,"enemies":"Cultist","floor":5,"turns":4},{"damage":4,"enemies":"Small Slimes","floor":7,"turns":3},{"damage":19,"enemies":"Lagavulin","floor":8,"turns":7},{"damage":16,"enemies":"3 Sentries","floor":11,"turns":9},{"damage":0,"enemies":"Gremlin Gang","floor":13,"turns":3},{"damage":0,"enemies":"Gremlin Nob","floor":14,"turns":4},{"damage":16,"enemies":"Hexaghost","floor":16,"turns":8},{"damage":6,"enemies":"Spheric Guardian","floor":18,"turns":5},{"damage":7,"enemies":"2 Thieves","floor":21,"turns":3},{"damage":22,"enemies":"Snake Plant","floor":22,"turns":3},{"damage":37,"enemies":"Slavers","floor":29,"turns":4},{"damage":1,"enemies":"Chosen and Byrds","floor":30,"turns":4},{"damage":5,"enemies":"Centurion and Healer","floor":31,"turns":4},{"damage":38,"enemies":"Collector","floor":33,"turns":3}],"seed_played":"-7934078419557700506","potions_obtained":[{"floor":1,"key":"Fire Potion"},{"floor":11,"key":"DistilledChaos"},{"floor":13,"key":"Fire Potion"},{"floor":14,"key":"ColorlessPotion"},{"floor":18,"key":"Dexterity Potion"},{"floor":21,"key":"SteroidPotion"},{"floor":30,"key":"LiquidMemories"}],"is_trial":false,"path_per_floor":["M","$","?","?","M","R","M","E","T","$","E","R","M","E","R","B",null,"M","?","$","M","M","R","?","R","T","R","$","E","M","M","R","B"],"character_chosen":"THE_SILENT","items_purchased":["Specialist","Blur"],"campfire_rested":2,"item_purchase_floors":[20,28],"current_hp_per_floor":[66,66,66,66,64,64,60,41,41,41,25,25,25,25,25,9,70,64,64,64,57,35,35,35,56,56,70,70,33,32,27,27,0,0],"gold":123,"neow_bonus":"RANDOM_COMMON_RELIC","is_daily":false,"chose_seed":false,"campfire_upgraded":5,"win_rate":0.0,"timestamp":1608446165,"path_taken":["M","$","?","?","M","R","?","E","T","?","E","R","M","E","R","BOSS","M","?","$","M","?","R","?","R","T","R","$","E","M","M","R","BOSS"],"items_purchased_type":["Card","Card"],"build_version":"2020-12-13","purchased_purges":2,"victory":false,"max_hp_per_floor":[70,70,70,70,70,70,70,70,70,70,70,70,70,70,70,70,70,70,70,70,70,70,70,70,70,70,70,70,70,70,70,70,70,70],"card_choices":[{"not_picked":["Accuracy","Prepared"],"picked":"Crippling Poison","floor":1},{"not_picked":["Reflex","Blade Dance"],"picked":"Caltrops","floor":5},{"not_picked":["Hidden Blade","Expertise"],"picked":"Caltrops","floor":7},{"not_picked":["Footwork","ReplayTheSpireMod:Tripwire"],"picked":"Leg Sweep","floor":8},{"not_picked":["Calculated Gamble","Infinite Blades","Well Laid Plans"],"picked":"SKIP","floor":11},{"not_picked":["Calculated Gamble","Dagger Throw"],"picked":"Bane","floor":13},{"not_picked":["Quick Slash","Dagger Spray"],"picked":"Toxin Wave","floor":14},{"not_picked":["Night Terror","Phantasmal Killer"],"picked":"Bullet Time","floor":16},{"not_picked":["Backflip","Underhanded Strike+1","Prepared"],"picked":"SKIP","floor":18},{"not_picked":["Sucker Punch","ReplayTheSpireMod:Exploit Weakness+1"],"picked":"Caltrops","floor":21},{"not_picked":["Blade Dance+1","Deflect","Riddle With Holes+1"],"picked":"SKIP","floor":22},{"not_picked":["Concentrate","Dodge and Roll+1"],"picked":"Noxious Fumes","floor":25},{"not_picked":["Skewer","Setup","Dash"],"picked":"SKIP","floor":29},{"not_picked":["PiercingWail","Cloak And Dagger"],"picked":"Deadly Poison+1","floor":30},{"not_picked":["Dodge and Roll","Deadly Poison"],"picked":"Poisoned Stab+1","floor":31}],"player_experience":296767,"relics_obtained":[{"floor":3,"key":"ReplayTheSpireMod:Ring of Collecting"},{"floor":3,"key":"ReplayTheSpireMod:Ring of Exchange"},{"floor":8,"key":"Bottled Tornado"},{"floor":9,"key":"Ornamental Fan"},{"floor":9,"key":"ReplayTheSpireMod:Ring of Challenge"},{"floor":11,"key":"Onion Ring"},{"floor":14,"key":"Art of War"},{"floor":26,"key":"Ring of Fangs"},{"floor":26,"key":"Blue Doll"},{"floor":29,"key":"HornCleat"}],"event_choices":[{"cards_removed":["Amnesia"],"damage_healed":0,"gold_gain":0,"player_choice":"Offered Curse","damage_taken":0,"relics_obtained":["Spirit Poop"],"max_hp_gain":0,"max_hp_loss":0,"event_name":"Bonfire Elementals","floor":4,"gold_loss":0},{"damage_healed":0,"gold_gain":0,"player_choice":"Forge","damage_taken":0,"max_hp_gain":0,"max_hp_loss":0,"event_name":"Accursed Blacksmith","floor":19,"gold_loss":0,"cards_upgraded":["Crippling Poison"]}],"is_beta":false,"boss_relics":[{"not_picked":["Cauldron","Runic Dome"],"picked":"Ring of Chaos"}],"items_purged_floors":[2,10],"is_endless":false,"potions_floor_spawned":[1,11,13,14,18,21,30],"killed_by":"Collector","ascension_level":4}}