{"host":"mqhvlr3kpxebko0t","time":1608441024,"event":{"mods":["AchievementEnabler","BaseMod","Colored Map","Colored Powertips","Keyboard Shortcuts","Minty Spire (QoL Compilation)","StSLib","SuperFastMode"],"gold_per_floor":[18,18,28,28,44,78,78,78,101,101,124,143,161,176,176,274,274,289,214,289,305,325,325,325],"floor_reached":23,"playtime":446,"items_purged":["Strike_G"],"score":322,"play_id":"28427be2-a9dc-4589-8501-16775f9eecda","local_time":"20201220141024","is_ascension_mode":true,"campfire_choices":[{"data":"A Thousand Cuts","floor":8.0,"key":"SMITH"},{"data":"Blade Dance","floor":10.0,"key":"SMITH"},{"floor":15.0,"key":"REST"}],"circlet_count":0,"master_deck":["AscendersBane","Strike_G+1","Strike_G+1","Defend_G","Defend_G","Defend_G","Defend_G+1","Survivor","Neutralize+1","Backstab","A Thousand Cuts+1","Blade Dance+1","Backflip","Dash","Masterful Stab","Dagger Throw"],"relics":["Ring of the Serpent","Golden Idol","Whetstone","Ancient Tea Set"],"acts_visited":["Exordium","TheCity"],"potions_floor_usage":[22,22],"damage_taken":[{"damage":1.0,"enemies":"Cultist","floor":1.0,"turns":4.0},{"damage":2.0,"enemies":"Small Slimes","floor":3.0,"turns":3.0},{"damage":4.0,"enemies":"Jaw Worm","floor":5.0,"turns":5.0},{"damage":20.0,"enemies":"3 Sentries","floor":6.0,"turns":6.0},{"damage":0.0,"enemies":"Lots of Slimes","floor":11.0,"turns":2.0},{"damage":3.0,"enemies":"Looter","floor":12.0,"turns":2.0},{"damage":10.0,"enemies":"Exordium Thugs","floor":13.0,"turns":4.0},{"damage":0.0,"enemies":"Red Slaver","floor":14.0,"turns":4.0},{"damage":9.0,"enemies":"The Guardian","floor":16.0,"turns":14.0},{"damage":1.0,"enemies":"2 Thieves","floor":18.0,"turns":3.0},{"damage":0.0,"enemies":"Chosen","floor":21.0,"turns":4.0},{"damage":0,"enemies":"Snecko","floor":22,"turns":2},{"damage":40,"enemies":"Book of Stabbing","floor":23,"turns":7}],"seed_played":"-5970735456604500032","potions_obtained":[{"floor":11.0,"key":"SteroidPotion"},{"floor":13.0,"key":"Block Potion"},{"floor":21.0,"key":"LiquidMemories"},{"floor":22,"key":"Dexterity Potion"}],"is_trial":false,"path_per_floor":["M","?","M","?","M","E","?","R","T","R","M","M","M","M","R","B",null,"M","$","?","M","M","E"],"character_chosen":"THE_SILENT","items_purchased":[],"campfire_rested":1,"item_purchase_floors":[],"current_hp_per_floor":[62,62,60,60,56,36,23,23,23,23,23,20,10,10,29,20,54,53,53,47,47,47,7,7],"gold":325,"neow_bonus":"REMOVE_TWO","is_daily":false,"chose_seed":false,"campfire_upgraded":2,"win_rate":0.0,"timestamp":1608441024,"path_taken":["M","?","M","?","M","E","?","R","T","R","M","M","?","M","R","BOSS","M","?","?","M","?","E"],"items_purchased_type":[],"build_version":"2020-12-13","purchased_purges":1,"victory":false,"max_hp_per_floor":[70,70,70,65,65,65,65,65,65,65,65,65,65,65,65,65,65,65,65,65,65,65,65,65],"card_choices":[{"not_picked":["Sucker Punch","Poisoned Stab"],"picked":"Backstab","floor":1.0},{"not_picked":["Flying Knee","Tactician","Poisoned Stab"],"picked":"SKIP","floor":3.0},{"not_picked":["Infinite Blades","Dodge and Roll"],"picked":"Blade Dance","floor":5.0},{"not_picked":["Sucker Punch","Slice","Endless Agony"],"picked":"SKIP","floor":6.0},{"not_picked":["Backstab","Flying Knee","Expertise"],"picked":"SKIP","floor":11.0},{"not_picked":["Footwork","PiercingWail"],"picked":"Backflip","floor":12.0},{"not_picked":["Outmaneuver","Heel Hook","Backstab"],"picked":"SKIP","floor":13.0},{"not_picked":["Distraction","Acrobatics"],"picked":"Dash","floor":14.0},{"not_picked":["Deadly Poison","Caltrops+1"],"picked":"Masterful Stab","floor":18.0},{"not_picked":["Sucker Punch","Bane","Deflect"],"picked":"SKIP","floor":21.0},{"not_picked":["Leg Sweep","Dagger Spray"],"picked":"Dagger Throw","floor":22}],"player_experience":654020,"relics_obtained":[{"floor":6.0,"key":"Whetstone"},{"floor":9.0,"key":"Ancient Tea Set"}],"event_choices":[{"damage_healed":0.0,"max_hp_gain":0.0,"max_hp_loss":0.0,"gold_gain":0.0,"cards_transformed":["Strike_G"],"event_name":"Living Wall","player_choice":"Change","floor":2.0,"gold_loss":0.0,"damage_taken":0.0,"cards_obtained":["A Thousand Cuts"]},{"damage_healed":0.0,"max_hp_gain":0.0,"max_hp_loss":5.0,"gold_gain":0.0,"event_name":"Golden Idol","player_choice":"Lose Max HP","floor":4.0,"gold_loss":0.0,"damage_taken":0.0,"relics_obtained":["Golden Idol"]},{"damage_healed":0.0,"max_hp_gain":0.0,"max_hp_loss":0.0,"gold_gain":0.0,"event_name":"Shining Light","player_choice":"Entered Light","floor":7.0,"gold_loss":0.0,"damage_taken":13.0,"cards_upgraded":["Defend_G","Neutralize"]},{"damage_healed":0.0,"max_hp_gain":0.0,"max_hp_loss":0.0,"gold_gain":75.0,"event_name":"FaceTrader","player_choice":"Touch","floor":20.0,"gold_loss":0.0,"damage_taken":6.0}],"is_beta":false,"boss_relics":[{"not_picked":["Fusion Hammer","HoveringKite"],"picked":"Ring of the Serpent"}],"items_purged_floors":[19],"is_endless":false,"potions_floor_spawned":[11,13,14,16,21,22],"killed_by":"Book of Stabbing","ascension_level":13}}