{"host":"627up2rvtmm0cf0r","time":1608478707,"event":{"mods":["ATMod(阿瑾Mod)","Act Like it!","BaseMod","CapriCore","Card Filter","Card Forge","DeckTracker","Dota2Spire","Friendly Minions","Highlight Path","Mari Mod (Legacy)","Mari\u0027s V1 Patch","Minty Spire (QoL Compilation)","MostiFishMod","Permanent Neow","Quick Restart","Relic Stats","Robot Space Explorer","Shop Mod","Spicy Shops","StSLib","SuperFastMode","TestMod","The Alterego","[地精首领爬塔]The Maniac","【遗物卡牌】REMEMod","篝火指南"],"gold_per_floor":[112,129,129,129,139,169,169,94,94,94,107,139,168,185,85,189,189,205,605,233,233,251,251,276,276,276,22,47,82,100,112,112,207,207,218,78,83,83,83,7,36,36,36,70,70,100,26,38,38,138],"floor_reached":51,"playtime":2362,"items_purged":["Strike_G","Strike_G","Strike_G","Regret","Strike_G"],"score":1331,"play_id":"35b77f5a-ad21-404e-b72e-dd126426edfa","local_time":"20201220233827","is_ascension_mode":false,"campfire_choices":[{"data":"AT_FamilyPortrait","floor":7,"key":"SMITH"},{"data":"Bouncing Flask","floor":10,"key":"SMITH"},{"data":"AT_ArcaneSupremacy","floor":23,"key":"SMITH"},{"data":"MostiFishMod:SparklingWater","floor":25,"key":"SMITH"},{"data":"testmod-EternalityOfKhronos","floor":32,"key":"SMITH"},{"data":"AT_EssenceShift","floor":42,"key":"SMITH"}],"circlet_count":0,"master_deck":["Strike_G","Defend_G","Defend_G","Defend_G","Defend_G","Defend_G","Survivor","Neutralize","AT_FamilyPortrait+1","maniac:ShadowContact","Bouncing Flask+1","AT_ArcaneSupremacy+1","MostiFishMod:SparklingWater+1","testmod-EternalityOfKhronos+1","AT_EssenceShift+1"],"relics":["Hammer of Thor","Seething Fire","Anvil of the Gods","testmod-TestBox","REME_ComplimentaryCards","REME_PuzzleBoxRelic","testmod-ChristmasGift","Transparent","Question Card","ImprovedEquipment","Dota2Spire:EchoSabre","DianDianMeat","Odd Mushroom","ImportantClient","REME_LowDesire","Snake Skull","Regal Pillow","AT_EbonyIvory","Nloth\u0027s Gift","Thread and Needle","Bottled Lightning","AT_BellowingDragoncrestRing","AT_SeraphEmbrace","Ying","testmod-LifeArmor","AT_SilvercatRing","Happy Flower","DaveBox","xbg","Centennial Puzzle","testmod-MagicalMallet"],"acts_visited":["Exordium","TheCity","TheBeyond"],"potions_floor_usage":[6,6,6,6,6,16,16,33,33,50,50],"damage_taken":[{"damage":27,"enemies":"2 Louse","floor":1,"turns":3},{"damage":21,"enemies":"Cultist","floor":2,"turns":3},{"damage":14,"enemies":"Small Slimes","floor":5,"turns":2},{"damage":14,"enemies":"Lagavulin","floor":6,"turns":2},{"damage":28,"enemies":"Red Slaver","floor":11,"turns":4},{"damage":21,"enemies":"Gremlin Nob","floor":12,"turns":3},{"damage":21,"enemies":"The Mushroom Lair","floor":13,"turns":3},{"damage":21,"enemies":"2 Fungi Beasts","floor":14,"turns":3},{"damage":42,"enemies":"Hexaghost","floor":16,"turns":6},{"damage":21,"enemies":"3 Byrds","floor":18,"turns":3},{"damage":28,"enemies":"Chosen","floor":22,"turns":4},{"damage":49,"enemies":"Gremlin Leader","floor":24,"turns":3},{"damage":21,"enemies":"Shelled Parasite and Fungi","floor":28,"turns":3},{"damage":28,"enemies":"Slavers","floor":29,"turns":4},{"damage":21,"enemies":"3 Cultists","floor":30,"turns":3},{"damage":24,"enemies":"Centurion and Healer","floor":31,"turns":3},{"damage":14,"enemies":"Automaton","floor":33,"turns":2},{"damage":28,"enemies":"Orb Walker","floor":35,"turns":4},{"damage":35,"enemies":"3 Shapes","floor":37,"turns":5},{"damage":28,"enemies":"Nemesis","floor":41,"turns":4},{"damage":40,"enemies":"Reptomancer","floor":44,"turns":5},{"damage":24,"enemies":"Nemesis","floor":46,"turns":3},{"damage":30,"enemies":"Jaw Worm Horde","floor":48,"turns":3},{"damage":45,"enemies":"Donu and Deca","floor":50,"turns":6}],"seed_played":"-4818568426482803524","potions_obtained":[],"is_trial":false,"path_per_floor":["M","M","?","?","M","E","R","$","T","R","M","E","?","M","R","B",null,"M","?","$","?","M","R","E","R","T","R","M","E","M","M","R","B",null,"M","$","M","$","?","R","E","R","T","E","?","E","R","M","R","B",null],"character_chosen":"THE_SILENT","items_purchased":["MostiFishMod:SparklingWater","AT_EbonyIvory","AT_BellowingDragoncrestRing","Ying","testmod-MagicalMallet"],"campfire_rested":0,"item_purchase_floors":[20,20,27,40,47],"current_hp_per_floor":[70,70,70,70,70,70,70,70,70,70,70,70,70,70,70,71,71,71,71,73,73,73,73,73,73,73,76,76,76,80,79,79,79,79,79,79,79,79,75,75,80,80,80,80,80,80,80,80,80,80],"gold":138,"neow_bonus":"RANDOM_COMMON_RELIC","is_daily":false,"chose_seed":false,"campfire_upgraded":6,"win_rate":0.0,"timestamp":1608478707,"path_taken":["M","M","?","?","?","E","R","$","T","R","M","E","?","M","R","BOSS","M","?","$","?","M","R","E","R","T","R","M","E","M","M","R","BOSS","M","$","M","$","?","R","E","R","T","E","?","E","R","M","R","BOSS"],"items_purchased_type":["Card","Relic","Relic","Relic","Relic"],"build_version":"2020-12-13","purchased_purges":5,"victory":true,"max_hp_per_floor":[70,70,70,70,70,70,70,70,70,70,70,70,70,70,70,71,71,71,71,73,73,73,73,73,73,73,76,76,76,80,79,79,79,79,79,79,79,79,75,75,80,80,80,80,80,80,80,80,80,80],"relic_stats":{"Regal Pillow":0,"Centennial Puzzle":[0],"Happy Flower":[4],"counters":[24,82],"Snake Skull":[141],"Nloth\u0027s Gift":6,"Question Card":23,"obtain_stats":[{"AT_SeraphEmbrace":50,"Dota2Spire:EchoSabre":9,"Regal Pillow":17,"AT_ATBox":0,"Ying":40,"DaveBox":0,"Hammer of Thor":0,"Snake Skull":17,"testmod-LifeArmor":41,"AT_ArchangelStaff":29,"Centennial Puzzle":46,"REME_LowDesire":17,"testmod-ChristmasGift":0,"Ring of the Snake":0,"ImportantClient":16,"DianDianMeat":12,"testmod-TestBox":0,"Happy Flower":44,"ImprovedEquipment":6,"Thread and Needle":24,"AT_EbonyIvory":20,"Seething Fire":0,"Odd Mushroom":13,"AT_SilvercatRing":43,"Question Card":1,"AT_BellowingDragoncrestRing":27,"Transparent":0,"Anvil of the Gods":0,"testmod-MagicalMallet":47,"Nloth\u0027s Gift":21,"Bottled Lightning":26,"REME_PuzzleBoxRelic":0,"xbg":45,"REME_ComplimentaryCards":0},{"AT_SeraphEmbrace":24,"Dota2Spire:EchoSabre":4,"Regal Pillow":9,"AT_ATBox":0,"Ying":19,"DaveBox":0,"Hammer of Thor":0,"Snake Skull":9,"testmod-LifeArmor":20,"AT_ArchangelStaff":14,"Centennial Puzzle":22,"REME_LowDesire":9,"testmod-ChristmasGift":0,"Ring of the Snake":0,"ImportantClient":9,"DianDianMeat":6,"testmod-TestBox":0,"Happy Flower":21,"ImprovedEquipment":4,"Thread and Needle":12,"AT_EbonyIvory":10,"Seething Fire":0,"Odd Mushroom":7,"AT_SilvercatRing":20,"Question Card":1,"AT_BellowingDragoncrestRing":12,"Transparent":0,"Anvil of the Gods":0,"testmod-MagicalMallet":22,"Nloth\u0027s Gift":10,"Bottled Lightning":12,"REME_PuzzleBoxRelic":0,"xbg":21,"REME_ComplimentaryCards":0},{"AT_SeraphEmbrace":78,"Dota2Spire:EchoSabre":10,"Regal Pillow":29,"AT_ATBox":0,"Ying":62,"DaveBox":0,"Hammer of Thor":0,"Snake Skull":29,"testmod-LifeArmor":66,"AT_ArchangelStaff":46,"Centennial Puzzle":73,"REME_LowDesire":29,"testmod-ChristmasGift":0,"Ring of the Snake":0,"ImportantClient":29,"DianDianMeat":17,"testmod-TestBox":0,"Happy Flower":71,"ImprovedEquipment":10,"Thread and Needle":39,"AT_EbonyIvory":32,"Seething Fire":0,"Odd Mushroom":20,"AT_SilvercatRing":66,"Question Card":3,"AT_BellowingDragoncrestRing":39,"Transparent":0,"Anvil of the Gods":0,"testmod-MagicalMallet":73,"Nloth\u0027s Gift":32,"Bottled Lightning":39,"REME_PuzzleBoxRelic":0,"xbg":71,"REME_ComplimentaryCards":0}]},"card_choices":[{"not_picked":["Outmaneuver","Dagger Throw","Underhanded Strike"],"picked":"SKIP","floor":1},{"not_picked":["PiercingWail","MostiFishMod:FrostNova","Blade Dance","Slice"],"picked":"SKIP","floor":2},{"not_picked":["AT_WindFlip","Endless Agony","AT_TwilightShroud"],"picked":"Bouncing Flask","floor":5},{"not_picked":["MostiFishMod:InvigoratingSolution","Blade Dance","Well Laid Plans","Dagger Throw"],"picked":"SKIP","floor":6},{"not_picked":["Deadly Poison","Distraction","Dagger Spray","Underhanded Strike"],"picked":"SKIP","floor":11},{"not_picked":["Dagger Throw","REME_GreenPollution","Phantasmal Killer","Prepared"],"picked":"SKIP","floor":12},{"not_picked":["Underhanded Strike","REME_GreenPollution","Dodge and Roll","Blade Dance"],"picked":"SKIP","floor":14},{"not_picked":["MostiFishMod:VineMother","Malaise","Burst"],"picked":"AT_ArcaneSupremacy","floor":16},{"not_picked":["Footwork","PiercingWail","Quick Slash","MostiFishMod:FrostNova","testmod-Librarian"],"picked":"SKIP","floor":18},{"not_picked":["AT_ShadowStep","Bouncing Flask","AT_KneejerkReflex","AT_WindFlip","testmod-Reproduce"],"picked":"SKIP","floor":22},{"not_picked":["MostiFishMod:WinterMarkForm","Escape Plan+1","Die Die Die","AT_MyraUnstableElement","Secret Technique"],"picked":"SKIP","floor":24},{"not_picked":["MostiFishMod:ThornCasing","Dash","Eviscerate+1","Poisoned Stab","Secret Technique"],"picked":"SKIP","floor":28},{"not_picked":["MostiFishMod:Confrontation","Deflect","Dagger Throw","Dagger Spray","testmod-PainDetonator"],"picked":"SKIP","floor":29},{"not_picked":["Prepared","Deflect+1","MostiFishMod:PerfectParry","AT_KingSlayer"],"picked":"testmod-EternalityOfKhronos","floor":30},{"not_picked":["Finisher","Acrobatics+1","Footwork+1","REME_GreenPollution+1","Mayhem"],"picked":"SKIP","floor":31},{"not_picked":["MostiFishMod:PerfectParry","AT_WindFlip","PiercingWail+1","Prepared","MostiFishMod:Mottled"],"picked":"SKIP","floor":35},{"not_picked":["Footwork+1","Deadly Poison","Quick Slash+1","Underhanded Strike+1","testmod-FightingIntention"],"picked":"SKIP","floor":37},{"not_picked":["REME_ShadowForm","Quick Slash","Masterful Stab","Transmutation"],"picked":"AT_EssenceShift","floor":41},{"not_picked":["Slice+1","Deflect","Choke+1","A Thousand Cuts","testmod-AutoReboundSystem"],"picked":"SKIP","floor":44},{"not_picked":["AT_ThistleTea","MostiFishMod:UniGreen","Tools of the Trade","AT_WindFlip","testmod-Reflect"],"picked":"SKIP","floor":46},{"not_picked":["Blade Dance","Crippling Poison","REME_ShadowStrike","Footwork+1","testmod-LifeRuler"],"picked":"SKIP","floor":48}],"player_experience":2949,"relics_obtained":[{"floor":1,"key":"Question Card"},{"floor":6,"key":"ImprovedEquipment"},{"floor":9,"key":"Dota2Spire:EchoSabre"},{"floor":12,"key":"DianDianMeat"},{"floor":13,"key":"Odd Mushroom"},{"floor":16,"key":"ImportantClient"},{"floor":17,"key":"Snake Skull"},{"floor":17,"key":"Regal Pillow"},{"floor":24,"key":"Thread and Needle"},{"floor":26,"key":"Bottled Lightning"},{"floor":29,"key":"AT_ArchangelStaff"},{"floor":41,"key":"testmod-LifeArmor"},{"floor":43,"key":"AT_SilvercatRing"},{"floor":44,"key":"Happy Flower"},{"floor":46,"key":"Centennial Puzzle"}],"event_choices":[{"damage_healed":0,"gold_gain":0,"player_choice":"Ignored","damage_taken":0,"max_hp_gain":0,"max_hp_loss":0,"event_name":"Shining Light","floor":3,"gold_loss":0},{"damage_healed":0,"gold_gain":0,"player_choice":"0 cards matched","damage_taken":0,"max_hp_gain":0,"max_hp_loss":0,"event_name":"Match and Keep!","floor":4,"gold_loss":0,"cards_obtained":[]},{"damage_healed":0,"gold_gain":0,"player_choice":"Fought Mushrooms","damage_taken":0,"max_hp_gain":0,"max_hp_loss":0,"event_name":"Mushrooms","floor":13,"gold_loss":0},{"damage_healed":0,"gold_gain":400,"player_choice":"Sell","damage_taken":0,"max_hp_gain":0,"max_hp_loss":0,"event_name":"恩洛斯的盘子","floor":19,"relics_lost":["AT_ATBox"],"gold_loss":0},{"damage_healed":0,"gold_gain":0,"player_choice":"Traded Relic","damage_taken":0,"relics_obtained":["Nloth\u0027s Gift"],"max_hp_gain":0,"max_hp_loss":0,"event_name":"N\u0027loth","floor":21,"relics_lost":["DaveBox"],"gold_loss":0},{"damage_healed":0,"gold_gain":0,"player_choice":"Max HP","damage_taken":0,"max_hp_gain":0,"max_hp_loss":4,"event_name":"Winding Halls","floor":39,"gold_loss":0},{"damage_healed":0,"gold_gain":0,"player_choice":"Swap Relic","damage_taken":0,"relics_obtained":["DaveBox"],"max_hp_gain":0,"max_hp_loss":0,"event_name":"给自己的盒子","floor":45,"relics_lost":["Ring of the Snake"],"gold_loss":0}],"is_beta":false,"boss_relics":[{"not_picked":["WristBlade","MostiFishMod:Hod"],"picked":"REME_LowDesire"},{"not_picked":["PatriotShield","Velvet Choker","testmod-Recursion"]}],"items_purged_floors":[8,15,20,27,36],"is_endless":false,"potions_floor_spawned":[5,6,12,14,22,33,37,41],"ascension_level":0}}