{"host":"04aht2z7d1qbuefv","time":1608503421,"event":{"mods":["AchievementEnabler","BaseMod","Downfall","Minty Spire (QoL Compilation)","StSLib","The Cursed","The Necromancer"],"gold_per_floor":[99,99,99,24,24,49,49,62,91,16,31,50,35,46,56,157,157,157,171,184,216,19,19,19],"floor_reached":23,"playtime":1123,"items_purged":["Pain"],"score":269,"play_id":"5bd3c480-5fd2-4585-b255-771ff0131376","local_time":"20201220193021","is_ascension_mode":false,"campfire_choices":[{"floor":1.0,"key":"RECALL"},{"data":"sneckomod:UnknownUncommonPower","floor":4.0,"key":"SMITH"},{"data":"sneckomod:Unknown","floor":10.0,"key":"SMITH"},{"data":"sneckomod:UnknownRarePower","floor":18,"key":"SMITH"}],"circlet_count":0,"master_deck":["sneckomod:Strike","sneckomod:Strike","sneckomod:Strike","sneckomod:Defend","sneckomod:Defend+1","sneckomod:Defend","sneckomod:TailWhip","sneckomod:SnekBite","sneckomod:Unknown+1","sneckomod:Unknown+1","sneckomod:UnknownUncommonPower+1","sneckomod:DefensiveFlair","sneckomod:ImprovisedAttack","sneckomod:RainOfDice","sneckomod:DiceBoulder","sneckomod:CheapStock","sneckomod:UnknownRarePower+1","sneckomod:SerpentIdol","sneckomod:UnknownCommonAttack+1"],"relics":["sneckomod:SneckoSoul","downfall:HeartsMalice","WarpedTongs","downfall:HeartBlessingRed","War Paint","The Courier","Calipers","downfall:HeartBlessingGreen","Busted Crown","Peace Pipe","Medical Kit"],"acts_visited":["Exordium","TheCity"],"potions_floor_usage":[13,14,15,16,16,19,23],"damage_taken":[{"damage":0.0,"enemies":"Jaw Worm","floor":2.0,"turns":1.0},{"damage":0.0,"enemies":"Cultist","floor":5.0,"turns":1.0},{"damage":0.0,"enemies":"3 Sentries","floor":6.0,"turns":1.0},{"damage":11.0,"enemies":"Small Slimes","floor":8.0,"turns":5.0},{"damage":16.0,"enemies":"Gremlin Nob","floor":9.0,"turns":3.0},{"damage":16.0,"enemies":"Blue Slaver","floor":11.0,"turns":2.0},{"damage":2.0,"enemies":"3 Louse","floor":12.0,"turns":3.0},{"damage":2,"enemies":"downfall:FleeingMerchant","floor":13,"turns":4},{"damage":0,"enemies":"Red Slaver","floor":14,"turns":1},{"damage":7,"enemies":"Large Slime","floor":15,"turns":5},{"damage":77,"enemies":"downfall:Defect","floor":16,"turns":8},{"damage":12,"enemies":"Shell Parasite","floor":19,"turns":5},{"damage":14,"enemies":"Chosen","floor":20,"turns":6},{"damage":51,"enemies":"Gremlin Leader","floor":21,"turns":7},{"damage":1,"enemies":"downfall:FleeingMerchant","floor":22,"turns":4},{"damage":25,"enemies":"Shelled Parasite and Fungi","floor":23,"turns":2}],"seed_played":"-8502348523453911521","potions_obtained":[{"floor":6.0,"key":"sneckomod:DiceRollPotion"},{"floor":8.0,"key":"sneckomod:CheatPotion"},{"floor":11.0,"key":"Regen Potion"},{"floor":12,"key":"sneckomod:DiceRollPotion"},{"floor":14,"key":"FairyPotion"},{"floor":15,"key":"ColorlessPotion"},{"floor":16,"key":"sneckomod:DiceRollPotion"},{"floor":19,"key":"SpeedPotion"}],"is_trial":false,"path_per_floor":["R","M","?","R","M","E","T","M","E","R","M","M","$","M","M","B",null,"R","M","M","E","$","M"],"character_chosen":"THE_SNECKO","items_purchased":["Medical Kit"],"campfire_rested":0,"item_purchase_floors":[22],"current_hp_per_floor":[90,91,91,91,91,91,91,80,64,64,48,46,44,44,51,13,92,92,80,66,15,25,0,0],"gold":19,"neow_bonus":"THREE_ENEMY_KILL","is_daily":false,"chose_seed":false,"campfire_upgraded":3,"win_rate":0.0,"timestamp":1608503421,"path_taken":["R","M","?","R","M","E","T","?","E","R","M","M","$","M","M","BOSS","R","M","M","E","$","?"],"items_purchased_type":["Relic"],"build_version":"2020-12-13","purchased_purges":1,"victory":false,"max_hp_per_floor":[90,91,91,91,91,91,91,91,91,91,91,91,91,91,91,92,92,92,92,92,92,93,93,93],"card_choices":[{"not_picked":["sneckomod:DiceCrush","sneckomod:DiceBlock"],"picked":"sneckomod:UnknownUncommonPower","floor":2.0},{"not_picked":["sneckomod:DiceBoulder","sneckomod:WideSting","sneckomod:UnknownBlock"],"picked":"SKIP","floor":5.0},{"not_picked":["sneckomod:TrashToTreasure","sneckomod:MasterEye"],"picked":"sneckomod:DefensiveFlair","floor":6.0},{"not_picked":["sneckomod:SoulDraw","sneckomod:SerpentIdol"],"picked":"sneckomod:ImprovisedAttack","floor":8.0},{"not_picked":["sneckomod:UnknownWeak","sneckomod:Unknown3Cost"],"picked":"sneckomod:RainOfDice","floor":9.0},{"not_picked":["sneckomod:CheapStock","sneckomod:ImprovisedAttack","sneckomod:QuickMove"],"picked":"SKIP","floor":11.0},{"not_picked":["sneckomod:UnknownClassHEXA_GHOST_PURPLE","sneckomod:MasterEye"],"picked":"sneckomod:DiceBoulder","floor":12},{"not_picked":["sneckomod:UnknownCommonSkill","sneckomod:UnknownX","sneckomod:DiceCrush"],"picked":"SKIP","floor":13},{"not_picked":["sneckomod:UnknownRareAttack","sneckomod:UnknownStrike","sneckomod:UnknownWeak"],"picked":"SKIP","floor":14},{"not_picked":["sneckomod:UnknownBlock","sneckomod:UnknownClassHEXA_GHOST_PURPLE"],"picked":"sneckomod:CheapStock","floor":15},{"not_picked":["sneckomod:DangerNoodle","sneckomod:Unknown3Cost"],"picked":"sneckomod:UnknownRarePower","floor":16},{"not_picked":[],"picked":"sneckomod:SerpentIdol","floor":19},{"not_picked":["sneckomod:UnknownUncommonSkill"],"picked":"SKIP","floor":20},{"not_picked":["sneckomod:UnknownClassPURPLE"],"picked":"SKIP","floor":21},{"not_picked":[],"picked":"sneckomod:UnknownCommonAttack+1","floor":22}],"player_experience":141270,"relics_obtained":[{"floor":6.0,"key":"War Paint"},{"floor":7.0,"key":"The Courier"},{"floor":9.0,"key":"Calipers"},{"floor":21,"key":"Peace Pipe"}],"event_choices":[{"damage_healed":0.0,"max_hp_gain":0.0,"max_hp_loss":0.0,"gold_gain":0.0,"event_name":"Accursed Blacksmith","player_choice":"Rummage","floor":3.0,"gold_loss":0.0,"damage_taken":0.0,"relics_obtained":["WarpedTongs"],"cards_obtained":["Pain"]}],"is_beta":false,"boss_relics":[{"not_picked":["Runic Pyramid","Fusion Hammer"],"picked":"Busted Crown"}],"items_purged_floors":[22],"is_endless":false,"potions_floor_spawned":[6,8,11,12,14,15,16,19],"killed_by":"Shelled Parasite and Fungi","ascension_level":0}}