{"host":"cccop0r9ue4xv1s4","time":1608493011,"event":{"mods":["AchievementEnabler","BaseMod","Downfall","Marisa¡]Ãú«B¡@Å]²z¨F¡^","Minty Spire (QoL Compilation)","Quick Restart","Shop Mod","StSLib","SuperFastMode","The Servant 0.9.4"],"gold_per_floor":[99,99,99,99,99,99,99,99,99,99,99,99,99,99,99,99,99,99,99,99,99,99,99,99,99,99,99,24,24,24,24,24,24,24,24,24,24,24,24,24,24,24,24],"floor_reached":42,"playtime":1003,"items_purged":[],"score":418,"play_id":"d5622c0d-ac8f-4f62-b02b-a86c9d1db2cc","local_time":"20201221033651","is_ascension_mode":false,"campfire_choices":[{"data":"Uppercut","floor":6.0,"key":"SMITH"},{"floor":15.0,"key":"REST"},{"data":"Flex","floor":23.0,"key":"SMITH"},{"data":"Limit Break","floor":25.0,"key":"SMITH"},{"data":"Bash","floor":27.0,"key":"SMITH"},{"floor":30.0,"key":"REST"},{"floor":32.0,"key":"REST"},{"data":"Demon Form","floor":40,"key":"SMITH"}],"circlet_count":0,"master_deck":["Strike_R","Strike_R+1","Strike_R","Strike_R","Defend_R","Defend_R","Defend_R","Bash+1","Uppercut+1","Pommel Strike+1","Dropkick","Limit Break+1","Flex+1","Battle Trance+1","Demon Form+1","Flex+1","Violence","Warcry+1"],"relics":["Ectoplasm"],"acts_visited":["Exordium","TheCity","TheBeyond"],"potions_floor_usage":[],"damage_taken":[{"damage":3.0,"enemies":"Jaw Worm","floor":1.0,"turns":3.0},{"damage":2.0,"enemies":"2 Louse","floor":2.0,"turns":2.0},{"damage":5.0,"enemies":"Small Slimes","floor":4.0,"turns":3.0},{"damage":7.0,"enemies":"Blue Slaver","floor":5.0,"turns":3.0},{"damage":27.0,"enemies":"3 Sentries","floor":7.0,"turns":7.0},{"damage":0.0,"enemies":"Large Slime","floor":13.0,"turns":2.0},{"damage":8.0,"enemies":"Red Slaver","floor":14.0,"turns":2.0},{"damage":40.0,"enemies":"Hexaghost","floor":16.0,"turns":6.0},{"damage":8.0,"enemies":"3 Byrds","floor":18.0,"turns":7.0},{"damage":0.0,"enemies":"Spheric Guardian","floor":20.0,"turns":3.0},{"damage":15.0,"enemies":"Cultist and Chosen","floor":22.0,"turns":5.0},{"damage":21.0,"enemies":"Slavers","floor":29.0,"turns":4.0},{"damage":20.0,"enemies":"Snake Plant","floor":31.0,"turns":4.0},{"damage":36.0,"enemies":"Collector","floor":33.0,"turns":5.0},{"damage":6.0,"enemies":"3 Shapes","floor":35.0,"turns":6.0},{"damage":9.0,"enemies":"Orb Walker","floor":38.0,"turns":3.0},{"damage":17,"enemies":"Sphere and 2 Shapes","floor":39,"turns":3},{"damage":35,"enemies":"3 Darklings","floor":41,"turns":4},{"damage":14,"enemies":"Jaw Worm Horde","floor":42,"turns":2}],"seed_played":"-8966874011395705295","potions_obtained":[{"floor":1.0,"key":"LiquidBronze"},{"floor":5.0,"key":"SteroidPotion"},{"floor":7.0,"key":"SteroidPotion"},{"floor":13.0,"key":"champ:CounterPotion"},{"floor":14.0,"key":"Explosive Potion"},{"floor":20.0,"key":"champ:CounterPotion"},{"floor":29.0,"key":"DistilledChaos"},{"floor":31.0,"key":"EssenceOfSteel"},{"floor":35.0,"key":"SpeedPotion"}],"is_trial":false,"path_per_floor":["M","M","$","M","M","R","E","?","T","T","?","?","M","M","R","B",null,"M","?","M","?","M","R","$","R","T","R","?","E","R","M","R","B",null,"M","?","?","M","M","R","M","M"],"character_chosen":"IRONCLAD","items_purchased":[],"campfire_rested":3,"item_purchase_floors":[],"current_hp_per_floor":[77,75,75,70,63,63,36,36,36,36,62,46,46,38,62,22,80,72,72,72,72,57,57,57,57,57,57,57,36,60,40,64,28,80,74,74,74,65,48,48,13,0,0],"gold":24,"neow_bonus":"BOSS_RELIC","is_daily":false,"chose_seed":false,"campfire_upgraded":5,"win_rate":0.0,"timestamp":1608493011,"path_taken":["M","M","$","M","M","R","E","?","T","?","?","?","?","M","R","BOSS","M","?","?","?","M","R","$","R","T","R","?","E","R","?","R","BOSS","M","?","?","M","M","R","M","M"],"items_purchased_type":[],"build_version":"2020-12-13","purchased_purges":0,"victory":false,"max_hp_per_floor":[80,80,80,80,80,80,80,80,80,80,80,80,80,80,80,80,80,80,80,80,80,80,80,80,80,80,80,80,80,80,80,80,80,80,80,80,80,80,80,80,80,80,80],"card_choices":[{"not_picked":["Carnage","Flex"],"picked":"Uppercut","floor":1.0},{"not_picked":["Heavy Blade","Headbutt","Clothesline"],"picked":"SKIP","floor":2.0},{"not_picked":["Iron Wave","Wild Strike","Shockwave"],"picked":"SKIP","floor":4.0},{"not_picked":["Clash","Havoc"],"picked":"Pommel Strike","floor":5.0},{"not_picked":["Body Slam","Headbutt","Iron Wave"],"picked":"SKIP","floor":7.0},{"not_picked":["Flame Barrier","Thunderclap"],"picked":"Dropkick","floor":13.0},{"not_picked":["Sword Boomerang","Thunderclap","Clothesline"],"picked":"SKIP","floor":14.0},{"not_picked":["Corruption","Juggernaut"],"picked":"Limit Break","floor":16.0},{"not_picked":["Body Slam","Iron Wave"],"picked":"Flex","floor":18.0},{"not_picked":["Intimidate","Uppercut","Heavy Blade"],"picked":"SKIP","floor":20.0},{"not_picked":["Intimidate","Uppercut","Heavy Blade"],"picked":"SKIP","floor":20.0},{"not_picked":["Body Slam","Twin Strike","Heavy Blade"],"picked":"SKIP","floor":22.0},{"not_picked":["Clothesline","Wild Strike","Exhume"],"picked":"SKIP","floor":29.0},{"not_picked":["Twin Strike","Rupture"],"picked":"Battle Trance+1","floor":31.0},{"not_picked":["Exhume","Corruption"],"picked":"Demon Form","floor":33.0},{"not_picked":["Wild Strike+1","Entrench"],"picked":"Flex+1","floor":35.0},{"not_picked":["expansioncontent:DefensiveStance","expansioncontent:Sear"],"picked":"Violence","floor":37.0},{"not_picked":["Pommel Strike","Perfected Strike+1"],"picked":"Warcry+1","floor":38.0},{"not_picked":["Demon Form","Clothesline+1","Reckless Charge+1"],"picked":"SKIP","floor":39},{"not_picked":["Disarm+1","Thunderclap","Pummel"],"picked":"SKIP","floor":41}],"player_experience":286043,"relics_obtained":[],"event_choices":[{"damage_healed":0.0,"max_hp_gain":0.0,"max_hp_loss":0.0,"gold_gain":0.0,"event_name":"Golden Idol","player_choice":"Ignored","floor":8.0,"gold_loss":0.0,"damage_taken":0.0},{"damage_healed":26.0,"max_hp_gain":0.0,"max_hp_loss":0.0,"gold_gain":0.0,"event_name":"Big Fish","player_choice":"Banana","floor":11.0,"gold_loss":0.0,"damage_taken":0.0},{"damage_healed":0.0,"max_hp_gain":0.0,"max_hp_loss":0.0,"gold_gain":0.0,"event_name":"Shining Light","player_choice":"Entered Light","floor":12.0,"gold_loss":0.0,"damage_taken":16.0,"cards_upgraded":["Pommel Strike","Strike_R"]},{"damage_healed":0.0,"max_hp_gain":0.0,"max_hp_loss":0.0,"gold_gain":0.0,"cards_transformed":["Strike_R"],"event_name":"Transmorgrifier","player_choice":"Transformed","floor":19.0,"gold_loss":0.0,"damage_taken":0.0,"cards_obtained":["Clothesline"]},{"damage_healed":0.0,"max_hp_gain":0.0,"max_hp_loss":0.0,"gold_gain":0.0,"event_name":"The Mausoleum","player_choice":"Ignored","floor":21.0,"gold_loss":0.0,"damage_taken":0.0},{"cards_removed":["Clothesline"],"damage_healed":0.0,"max_hp_gain":0.0,"max_hp_loss":0.0,"gold_gain":0.0,"event_name":"Beggar","player_choice":"Gave Gold","floor":28.0,"gold_loss":75.0,"damage_taken":0.0},{"cards_removed":["Defend_R"],"damage_healed":0.0,"max_hp_gain":0.0,"max_hp_loss":0.0,"gold_gain":0.0,"event_name":"Falling","player_choice":"Removed Skill","floor":36.0,"gold_loss":0.0,"damage_taken":0.0},{"damage_healed":0.0,"max_hp_gain":0.0,"max_hp_loss":0.0,"gold_gain":0.0,"event_name":"SensoryStone","player_choice":"Memory 1","floor":37.0,"gold_loss":0.0,"damage_taken":0.0}],"is_beta":false,"boss_relics":[{"not_picked":["Philosopher\u0027s Stone","SlaversCollar","Runic Cube"]},{"not_picked":["Cursed Key","Calling Bell","Coffee Dripper"]}],"items_purged_floors":[],"is_endless":false,"potions_floor_spawned":[1,5,7,13,14,20,29,31,35],"killed_by":"Jaw Worm Horde","ascension_level":0}}