{"host":"ue7jlgf7uv134an9","time":1608449703,"event":{"mods":["BaseMod","Better Third Choice","Defuse TimeMaze Blight","Minty Spire (QoL Compilation)","Quick Restart","Rare Cards Sparkle","Relic Stats","StSLib","UnlockEverythingMod"],"gold_per_floor":[111,131,131,131,131,131,131,146,223,72,72,103,121,137,137,209,209,222,222,222,222,232,263,263,282,282,282,382,307,339,373,373,450,450,464,464,156,203,203,203,213,213,240,272,297,297,297,310,310,310,310],"floor_reached":50,"playtime":2565,"items_purged":["Decay","Strike_G"],"score":1079,"play_id":"7fb2f79f-4929-4555-8b41-811127c19c73","local_time":"20201220023503","is_ascension_mode":true,"campfire_choices":[{"data":"Apotheosis","floor":7.0,"key":"SMITH"},{"data":"Cloak And Dagger","floor":11.0,"key":"SMITH"},{"floor":15.0,"key":"REST"},{"floor":24.0,"key":"REST"},{"floor":27.0,"key":"REST"},{"floor":32.0,"key":"REST"},{"data":"Accuracy","floor":40.0,"key":"SMITH"},{"data":"Ghostly","floor":42.0,"key":"SMITH"},{"floor":47.0,"key":"RECALL"},{"floor":49.0,"key":"REST"}],"circlet_count":0,"master_deck":["AscendersBane","Strike_G","Defend_G","Defend_G","Defend_G","Defend_G+1","Defend_G","Survivor","Neutralize","Sucker Punch","Cloak And Dagger+1","Apotheosis+1","Flying Knee","Well Laid Plans","Poisoned Stab","Die Die Die","Infinite Blades+1","Blade Dance","Ghostly+1","Ghostly+1","Ghostly","Backstab+1","Well Laid Plans","PiercingWail+1","Masterful Stab+1","Backflip+1","Trip","Accuracy+1","Backflip","Corpse Explosion","Blade Dance","After Image"],"relics":["Ring of the Snake","Art of War","Blue Candle","Turnip","WristBlade","PreservedInsect","War Paint","The Specimen","Mercury Hourglass","Red Mask","Oddly Smooth Stone","Sozu","Strawberry","Tingsha","Dream Catcher","White Beast Statue","FossilizedHelix"],"acts_visited":["Exordium","TheCity","TheBeyond"],"potions_floor_usage":[],"damage_taken":[{"damage":3.0,"enemies":"Cultist","floor":1.0,"turns":6.0},{"damage":0.0,"enemies":"Jaw Worm","floor":2.0,"turns":6.0},{"damage":6.0,"enemies":"Small Slimes","floor":8.0,"turns":4.0},{"damage":27.0,"enemies":"3 Sentries","floor":12.0,"turns":12.0},{"damage":0.0,"enemies":"Red Slaver","floor":13.0,"turns":4.0},{"damage":0.0,"enemies":"Blue Slaver","floor":14.0,"turns":3.0},{"damage":9.0,"enemies":"The Guardian","floor":16.0,"turns":13.0},{"damage":5.0,"enemies":"Chosen","floor":18.0,"turns":5.0},{"damage":0.0,"enemies":"Spheric Guardian","floor":22.0,"turns":3.0},{"damage":10.0,"enemies":"Gremlin Leader","floor":23.0,"turns":9.0},{"damage":10.0,"enemies":"Cultist and Chosen","floor":25.0,"turns":7.0},{"damage":8.0,"enemies":"Colosseum Slavers","floor":28.0,"turns":4.0},{"damage":0.0,"enemies":"Colosseum Nobs","floor":28.0,"turns":4.0},{"damage":3.0,"enemies":"Masked Bandits","floor":30.0,"turns":3.0},{"damage":1.0,"enemies":"Slavers","floor":31.0,"turns":4.0},{"damage":23.0,"enemies":"Champ","floor":33.0,"turns":16.0},{"damage":3.0,"enemies":"3 Shapes","floor":35.0,"turns":3.0},{"damage":0.0,"enemies":"2 Orb Walkers","floor":38.0,"turns":4.0},{"damage":0.0,"enemies":"Orb Walker","floor":41.0,"turns":3.0},{"damage":0.0,"enemies":"Reptomancer","floor":44.0,"turns":3.0},{"damage":18.0,"enemies":"Mind Bloom Boss Battle","floor":45.0,"turns":6.0},{"damage":0.0,"enemies":"Spire Growth","floor":48.0,"turns":2.0},{"damage":38,"enemies":"Awakened One","floor":50,"turns":13}],"seed_played":"-9054539599904700423","potions_obtained":[{"floor":2.0,"key":"Energy Potion"},{"floor":12.0,"key":"LiquidMemories"},{"floor":14.0,"key":"SpeedPotion"},{"floor":16.0,"key":"SkillPotion"},{"floor":22.0,"key":"BlessingOfTheForge"},{"floor":28.0,"key":"Regen Potion"},{"floor":31.0,"key":"SpeedPotion"}],"is_trial":false,"path_per_floor":["M","M","T","?","?","?","R","M","T","$","R","E","M","M","R","B",null,"M","?","?","?","M","E","R","M","T","R","?","?","?","E","R","B",null,"M","?","$","?","?","R","M","R","T","E","?","T","R","M","R","B"],"character_chosen":"THE_SILENT","items_purchased":["Well Laid Plans","Accuracy","Strawberry"],"campfire_rested":5,"item_purchase_floors":[10,37,37],"current_hp_per_floor":[56,56,56,56,61,61,61,55,55,55,55,28,28,28,49,40,63,58,58,35,35,35,25,35,25,25,35,27,27,24,23,33,10,29,26,26,33,42,42,42,42,42,42,42,24,24,24,24,36,0,0],"gold":310,"neow_bonus":"","is_daily":false,"chose_seed":false,"campfire_upgraded":4,"win_rate":0.0,"timestamp":1608449703,"path_taken":["M","M","?","?","?","?","R","M","T","$","R","E","M","?","R","BOSS","M","?","?","?","?","E","R","M","T","R","?","?","?","E","R","BOSS","M","?","$","?","?","R","M","R","T","E","?","?","R","M","R","BOSS"],"items_purchased_type":["Card","Card","Relic"],"build_version":"2020-12-13","purchased_purges":2,"victory":false,"max_hp_per_floor":[66,66,66,66,71,71,71,71,71,71,71,71,71,71,71,71,71,71,71,35,35,35,35,35,35,35,35,35,35,35,35,35,35,35,35,35,42,42,42,42,42,42,42,42,42,42,42,42,42,42,42],"relic_stats":{"Sozu":3,"Dream Catcher":1,"counters":[23,136],"Blue Candle":[0],"Tingsha":[15],"Turnip":[14],"PreservedInsect":139,"Art of War":[3],"War Paint":["Defend_G","Ghostly"],"obtain_stats":[{"The Specimen":28,"Blue Candle":9,"Oddly Smooth Stone":31,"Tingsha":38,"PreservedInsect":23,"War Paint":26,"White Beast Statue":44,"Mercury Hourglass":28,"Sozu":34,"Dream Catcher":43,"WristBlade":17,"Strawberry":37,"Turnip":12,"Art of War":3,"Red Mask":30,"FossilizedHelix":45,"Ring of the Snake":0},{"The Specimen":13,"Blue Candle":3,"Oddly Smooth Stone":15,"Tingsha":18,"PreservedInsect":10,"War Paint":11,"White Beast Statue":20,"Mercury Hourglass":13,"Sozu":16,"Dream Catcher":19,"WristBlade":7,"Strawberry":17,"Turnip":4,"Art of War":2,"Red Mask":14,"FossilizedHelix":21,"Ring of the Snake":0},{"The Specimen":80,"Blue Candle":16,"Oddly Smooth Stone":87,"Tingsha":110,"PreservedInsect":65,"War Paint":72,"White Beast Statue":115,"Mercury Hourglass":80,"Sozu":103,"Dream Catcher":112,"WristBlade":48,"Strawberry":106,"Turnip":28,"Art of War":12,"Red Mask":83,"FossilizedHelix":121,"Ring of the Snake":0}],"Ring of the Snake":[46],"Mercury Hourglass":[215]},"card_choices":[{"not_picked":["Deflect","Flechettes"],"picked":"Sucker Punch","floor":1.0},{"not_picked":["Caltrops","Endless Agony"],"picked":"Cloak And Dagger","floor":2.0},{"not_picked":["Skewer","Sucker Punch"],"picked":"Flying Knee","floor":8.0},{"not_picked":["Sucker Punch","Bane","Prepared"],"picked":"SKIP","floor":12.0},{"not_picked":["Acrobatics","Slice","Quick Slash"],"picked":"SKIP","floor":13.0},{"not_picked":["Eviscerate","Flying Knee"],"picked":"Poisoned Stab","floor":14.0},{"not_picked":["Night Terror","Bullet Time"],"picked":"Die Die Die","floor":16.0},{"not_picked":["Leg Sweep","Catalyst"],"picked":"Infinite Blades+1","floor":18.0},{"not_picked":["Backflip","Leg Sweep+1"],"picked":"Backstab+1","floor":22.0},{"not_picked":["Backstab","Slice"],"picked":"Well Laid Plans","floor":23.0},{"not_picked":["Calculated Gamble","Deadly Poison+1"],"picked":"PiercingWail+1","floor":25.0},{"not_picked":["Outmaneuver","Flying Knee"],"picked":"Masterful Stab+1","floor":31.0},{"not_picked":["Quick Slash","Dodge and Roll"],"picked":"Backflip+1","floor":35.0},{"not_picked":["Purity","The Bomb"],"picked":"Trip","floor":36.0},{"not_picked":["Flechettes","Deflect"],"picked":"Backflip","floor":38.0},{"not_picked":["PiercingWail","Backflip"],"picked":"Corpse Explosion","floor":41.0},{"not_picked":["Flechettes","Outmaneuver+1"],"picked":"Blade Dance","floor":44.0},{"not_picked":["Flying Knee+1","Catalyst+1","PiercingWail"],"picked":"SKIP","floor":48.0},{"not_picked":["PiercingWail+1","Outmaneuver+1"],"picked":"After Image","floor":49.0}],"player_experience":0,"relics_obtained":[{"floor":3.0,"key":"Art of War"},{"floor":9.0,"key":"Blue Candle"},{"floor":12.0,"key":"Turnip"},{"floor":23.0,"key":"PreservedInsect"},{"floor":26.0,"key":"War Paint"},{"floor":28.0,"key":"The Specimen"},{"floor":28.0,"key":"Mercury Hourglass"},{"floor":30.0,"key":"Red Mask"},{"floor":31.0,"key":"Oddly Smooth Stone"},{"floor":38.0,"key":"Tingsha"},{"floor":43.0,"key":"Dream Catcher"},{"floor":44.0,"key":"White Beast Statue"},{"floor":45.0,"key":"FossilizedHelix"}],"event_choices":[{"damage_healed":56.0,"max_hp_gain":0.0,"max_hp_loss":66.0,"gold_gain":0.0,"event_name":"betterThird:BetterShining","player_choice":"Embrace","floor":4.0,"gold_loss":0.0,"damage_taken":0.0},{"damage_healed":0.0,"max_hp_gain":5.0,"max_hp_loss":0.0,"gold_gain":0.0,"event_name":"Big Fish","player_choice":"Donut","floor":5.0,"gold_loss":0.0,"damage_taken":0.0},{"damage_healed":0.0,"max_hp_gain":0.0,"max_hp_loss":0.0,"gold_gain":0.0,"event_name":"Match and Keep!","player_choice":"1 cards matched","floor":6.0,"gold_loss":0.0,"damage_taken":0.0,"cards_obtained":["Decay"]},{"damage_healed":0.0,"max_hp_gain":0.0,"max_hp_loss":0.0,"gold_gain":0.0,"event_name":"The Library","player_choice":"Read","floor":19.0,"gold_loss":0.0,"damage_taken":0.0,"cards_obtained":["Blade Dance"]},{"damage_healed":0.0,"max_hp_gain":0.0,"max_hp_loss":36.0,"gold_gain":0.0,"event_name":"Ghosts","player_choice":"Became a Ghost","floor":20.0,"gold_loss":0.0,"damage_taken":0.0,"cards_obtained":["Ghostly","Ghostly","Ghostly"]},{"cards_removed":["Strike_G"],"damage_healed":0.0,"max_hp_gain":0.0,"max_hp_loss":0.0,"gold_gain":0.0,"event_name":"Purifier","player_choice":"Purged","floor":21.0,"gold_loss":0.0,"damage_taken":0.0},{"damage_healed":0.0,"max_hp_gain":0.0,"max_hp_loss":0.0,"gold_gain":0.0,"event_name":"Colosseum","player_choice":"Fight","floor":28.0,"gold_loss":0.0,"damage_taken":0.0},{"damage_healed":0.0,"max_hp_gain":0.0,"max_hp_loss":0.0,"gold_gain":0.0,"event_name":"Colosseum","player_choice":"Fought Nobs","floor":28.0,"gold_loss":0.0,"damage_taken":0.0},{"cards_removed":["Strike_G"],"damage_healed":0.0,"max_hp_gain":0.0,"max_hp_loss":0.0,"gold_gain":0.0,"event_name":"Beggar","player_choice":"Gave Gold","floor":29.0,"gold_loss":75.0,"damage_taken":0.0},{"damage_healed":0.0,"max_hp_gain":0.0,"max_hp_loss":0.0,"gold_gain":0.0,"event_name":"Masked Bandits","player_choice":"Fought Bandits","floor":30.0,"gold_loss":0.0,"damage_taken":0.0},{"damage_healed":0.0,"max_hp_gain":0.0,"max_hp_loss":0.0,"gold_gain":0.0,"event_name":"SensoryStone","player_choice":"Memory 1","floor":36.0,"gold_loss":0.0,"damage_taken":0.0},{"damage_healed":0.0,"max_hp_gain":0.0,"max_hp_loss":0.0,"gold_gain":0.0,"event_name":"Mysterious Sphere","player_choice":"Fight","floor":38.0,"gold_loss":0.0,"damage_taken":0.0},{"cards_removed":["Strike_G"],"damage_healed":0.0,"max_hp_gain":0.0,"max_hp_loss":0.0,"gold_gain":0.0,"event_name":"Falling","player_choice":"Removed Attack","floor":39.0,"gold_loss":0.0,"damage_taken":0.0},{"damage_healed":0.0,"max_hp_gain":0.0,"max_hp_loss":0.0,"gold_gain":0.0,"event_name":"MindBloom","player_choice":"Fight","floor":45.0,"gold_loss":0.0,"damage_taken":0.0}],"is_beta":false,"boss_relics":[{"not_picked":["Ectoplasm","SlaversCollar"],"picked":"WristBlade"},{"not_picked":["SacredBark","Tiny House"],"picked":"Sozu"}],"items_purged_floors":[10,37],"is_endless":false,"potions_floor_spawned":[2,12,14,16,22,28,31,38,45,48],"killed_by":"Awakened One","ascension_level":20}}