{"host":"jpzdg3po3tjxdjri","time":1608462604,"event":{"mods":["BaseMod","Better Third Choice","Colored Map","Colored Powertips","Minty Spire (QoL Compilation)","StSLib"],"gold_per_floor":[110,128,41,41,51,83,94,94,119,130,159,177,177,177,177,254,254,194,38,38,38,38,38,38,38,38,38,0,0,0,0,0,0,0],"floor_reached":33,"playtime":1111,"items_purged":["Strike_G"],"score":457,"play_id":"3f032ee2-fdfa-4783-8bb1-49d6672e9f64","local_time":"20201220111004","is_ascension_mode":true,"campfire_choices":[{"data":"Noxious Fumes","floor":8,"key":"SMITH"},{"floor":13,"key":"REST"},{"data":"Glass Knife","floor":15,"key":"SMITH"},{"data":"Footwork","floor":23,"key":"SMITH"},{"floor":27,"key":"REST"},{"floor":32,"key":"REST"}],"circlet_count":0,"master_deck":["AscendersBane","Strike_G+1","Strike_G+1","Strike_G+1","Defend_G+1","Defend_G+1","Defend_G+1","Defend_G+1","Defend_G+1","Survivor","Neutralize","Poisoned Stab","Skewer","Footwork","Deadly Poison","Escape Plan","Neutralize","Quick Slash","Footwork+1","Noxious Fumes+1","Glass Knife+1","Dodge and Roll","Poisoned Stab","Doppelganger","Flying Knee","Poisoned Stab","Well Laid Plans","Cloak And Dagger","Sucker Punch","Leg Sweep","Blur"],"relics":["Ring of the Snake","Strawberry","Juzu Bracelet","Ancient Tea Set","Ectoplasm","Blue Candle","The Courier","Matryoshka"],"acts_visited":["Exordium","TheCity"],"potions_floor_usage":[6,6,16,24,31,31],"damage_taken":[{"damage":1,"enemies":"2 Louse","floor":1,"turns":5},{"damage":1,"enemies":"Cultist","floor":2,"turns":4},{"damage":1,"enemies":"Jaw Worm","floor":5,"turns":3},{"damage":14,"enemies":"Gremlin Nob","floor":6,"turns":4},{"damage":7,"enemies":"Exordium Wildlife","floor":7,"turns":3},{"damage":9,"enemies":"3 Louse","floor":10,"turns":3},{"damage":15,"enemies":"Lagavulin","floor":11,"turns":8},{"damage":0,"enemies":"Looter","floor":12,"turns":4},{"damage":25,"enemies":"The Guardian","floor":16,"turns":8},{"damage":11,"enemies":"2 Thieves","floor":18,"turns":5},{"damage":12,"enemies":"Chosen","floor":20,"turns":4},{"damage":27,"enemies":"Book of Stabbing","floor":24,"turns":6},{"damage":6,"enemies":"3 Cultists","floor":25,"turns":6},{"damage":8,"enemies":"Cultist and Chosen","floor":29,"turns":7},{"damage":10,"enemies":"Snake Plant","floor":31,"turns":2},{"damage":40,"enemies":"Automaton","floor":33,"turns":6}],"seed_played":"-12363685005074470","potions_obtained":[{"floor":0,"key":"CunningPotion"},{"floor":0,"key":"Poison Potion"},{"floor":7,"key":"PowerPotion"},{"floor":12,"key":"SteroidPotion"},{"floor":18,"key":"DuplicationPotion"},{"floor":25,"key":"Poison Potion"}],"is_trial":false,"path_per_floor":["M","M","$","?","M","E","M","R","T","M","E","M","R","?","R","B",null,"M","$","M","?","?","R","E","M","T","R","?","M","$","M","R","B"],"character_chosen":"THE_SILENT","items_purchased":["Footwork","Deadly Poison","Poisoned Stab","Well Laid Plans"],"campfire_rested":3,"item_purchase_floors":[3,3,19,19],"current_hp_per_floor":[62,61,61,61,60,53,46,46,46,37,22,22,45,45,45,20,63,52,52,40,40,40,40,13,7,7,30,30,22,22,12,35,0,0],"gold":0,"neow_bonus":"THREE_SMALL_POTIONS","is_daily":false,"chose_seed":false,"campfire_upgraded":3,"win_rate":0.0,"timestamp":1608462604,"path_taken":["M","M","$","?","M","E","M","R","T","M","E","M","R","?","R","BOSS","M","$","M","?","?","R","E","M","T","R","?","M","?","M","R","BOSS"],"items_purchased_type":["Card","Card","Card","Card"],"build_version":"2020-12-13","purchased_purges":1,"victory":false,"max_hp_per_floor":[70,70,70,70,70,77,77,77,77,77,77,77,77,77,77,77,77,77,77,77,77,77,77,77,77,77,77,77,77,77,77,77,77,77],"card_choices":[{"not_picked":["Infinite Blades","All Out Attack"],"picked":"Poisoned Stab","floor":1},{"not_picked":["Endless Agony","Bouncing Flask"],"picked":"Skewer","floor":2},{"not_picked":["Bane","Bouncing Flask"],"picked":"Quick Slash","floor":5},{"not_picked":["Dash","Calculated Gamble"],"picked":"Footwork","floor":6},{"not_picked":["Deadly Poison","Crippling Poison"],"picked":"Noxious Fumes","floor":7},{"not_picked":["Terror","Expertise"],"picked":"Glass Knife","floor":10},{"not_picked":["Heel Hook","Calculated Gamble"],"picked":"Dodge and Roll","floor":11},{"not_picked":["Bane","Slice"],"picked":"Poisoned Stab","floor":12},{"not_picked":["Glass Knife","Unload"],"picked":"Doppelganger","floor":16},{"not_picked":["Tactician","Acrobatics"],"picked":"Flying Knee","floor":18},{"not_picked":["Calculated Gamble","Prepared","Unload"],"picked":"SKIP","floor":20},{"not_picked":["Acrobatics+1","Caltrops+1"],"picked":"Cloak And Dagger","floor":24},{"not_picked":["Slice","Bane"],"picked":"Sucker Punch","floor":25},{"not_picked":["Slice+1","Prepared"],"picked":"Leg Sweep","floor":29},{"not_picked":["Blade Dance","Acrobatics"],"picked":"Blur","floor":31}],"player_experience":799841,"relics_obtained":[{"floor":6,"key":"Strawberry"},{"floor":9,"key":"Juzu Bracelet"},{"floor":11,"key":"Ancient Tea Set"},{"floor":24,"key":"The Courier"},{"floor":26,"key":"Matryoshka"}],"event_choices":[{"damage_healed":0,"gold_gain":0,"player_choice":"2 cards matched","damage_taken":0,"max_hp_gain":0,"max_hp_loss":0,"event_name":"Match and Keep!","floor":4,"gold_loss":0,"cards_obtained":["Escape Plan","Neutralize"]},{"cards_removed":["Strike_G"],"damage_healed":0,"gold_gain":0,"player_choice":"Forget","damage_taken":0,"max_hp_gain":0,"max_hp_loss":0,"event_name":"Living Wall","floor":14,"gold_loss":0},{"damage_healed":0,"gold_gain":0,"player_choice":"Simplicity","damage_taken":0,"max_hp_gain":0,"max_hp_loss":8,"event_name":"betterThird:BetterWriting","floor":21,"gold_loss":0},{"damage_healed":0,"gold_gain":0,"player_choice":"Opened","damage_taken":0,"relics_obtained":["Blue Candle"],"max_hp_gain":0,"max_hp_loss":0,"event_name":"The Mausoleum","floor":22,"gold_loss":0},{"damage_healed":0,"gold_gain":0,"player_choice":"Paid Fearfully","damage_taken":0,"max_hp_gain":0,"max_hp_loss":0,"event_name":"Masked Bandits","floor":28,"gold_loss":38}],"is_beta":false,"boss_relics":[{"not_picked":["Black Star","Fusion Hammer"],"picked":"Ectoplasm"}],"items_purged_floors":[19],"is_endless":false,"potions_floor_spawned":[1,5,7,12,18,25,29],"killed_by":"Automaton","ascension_level":13}}