{"host":"Ian","time":1608442858,"event":{"mods":["BaseMod","Bestiary","Block Reminder","Colored Map","Highlight Path","Key Reminder","Minty Spire (QoL Compilation)","Relic Stats"],"gold_per_floor":[115,128,145,158,176,176,191,191,191],"floor_reached":8,"playtime":425,"items_purged":[],"score":104,"play_id":"af4c1aeb-c41b-4359-a84f-637b6e167f00","local_time":"20201220054058","is_ascension_mode":true,"campfire_choices":[{"data":"Bash","floor":6,"key":"SMITH"}],"circlet_count":0,"master_deck":["AscendersBane","Strike_R","Strike_R","Strike_R","Strike_R","Strike_R","Defend_R","Defend_R","Defend_R","Defend_R","Bash+1","Twin Strike","Flex","Sword Boomerang","Armaments"],"relics":["Black Star"],"acts_visited":["Exordium"],"potions_floor_usage":[4,5,7,8],"damage_taken":[{"damage":6,"enemies":"Cultist","floor":1,"turns":3},{"damage":4,"enemies":"Jaw Worm","floor":2,"turns":5},{"damage":3,"enemies":"2 Louse","floor":3,"turns":2},{"damage":9,"enemies":"Exordium Wildlife","floor":4,"turns":3},{"damage":0,"enemies":"2 Fungi Beasts","floor":5,"turns":2},{"damage":32,"enemies":"Exordium Thugs","floor":7,"turns":6},{"damage":32,"enemies":"Gremlin Nob","floor":8,"turns":3}],"seed_played":"3188374305485017948","potions_obtained":[{"floor":2,"key":"Strength Potion"},{"floor":3,"key":"AttackPotion"},{"floor":4,"key":"FearPotion"},{"floor":5,"key":"Dexterity Potion"},{"floor":7,"key":"SpeedPotion"}],"is_trial":false,"path_per_floor":["M","M","M","M","M","R","M","E"],"character_chosen":"IRONCLAD","items_purchased":[],"campfire_rested":0,"item_purchase_floors":[],"current_hp_per_floor":[62,58,55,46,46,46,14,0,0],"gold":191,"neow_bonus":"BOSS_RELIC","is_daily":false,"chose_seed":false,"campfire_upgraded":1,"win_rate":0.0,"timestamp":1608442858,"path_taken":["M","?","M","?","M","R","M","E"],"items_purchased_type":[],"build_version":"2020-12-18","purchased_purges":0,"victory":false,"max_hp_per_floor":[75,75,75,75,75,75,75,75,75],"relic_stats":{"counters":[7,24],"Black Star":0,"obtain_stats":[{"Black Star":0,"Burning Blood":0},{"Black Star":0,"Burning Blood":0},{"Black Star":0,"Burning Blood":0}]},"card_choices":[{"not_picked":["Wild Strike","Armaments"],"picked":"Twin Strike","floor":1},{"not_picked":["Flex","Shockwave","Armaments"],"picked":"SKIP","floor":2},{"not_picked":["Headbutt","Clothesline"],"picked":"Flex","floor":3},{"not_picked":["Dual Wield","Havoc"],"picked":"Sword Boomerang","floor":4},{"not_picked":["Exhume","Shockwave","Clothesline"],"picked":"SKIP","floor":5},{"not_picked":["Havoc","Wild Strike"],"picked":"Armaments","floor":7}],"player_experience":2569617,"relics_obtained":[],"event_choices":[],"is_beta":true,"boss_relics":[],"items_purged_floors":[],"is_endless":false,"potions_floor_spawned":[2,3,4,5,7],"killed_by":"Gremlin Nob","ascension_level":20}}