{"host":"rmsq46plbpwfbxcc","time":1608435120,"event":{"mods":["AchievementEnabler","BaseMod","Colored Map","DeckTracker","Minty Spire (QoL Compilation)","Permanent Neow","SuperFastMode"],"gold_per_floor":[110,110,48,62,21,21,47,58,58,73,96,96,96],"floor_reached":12,"playtime":279,"items_purged":[],"score":140,"play_id":"e3dfa9ca-7029-4bc0-b319-3fc9abccc8e6","local_time":"20201220123200","is_ascension_mode":true,"campfire_choices":[{"data":"Neutralize","floor":6.0,"key":"SMITH"}],"circlet_count":0,"master_deck":["AscendersBane","Strike_G","Strike_G","Strike_G","Strike_G","Strike_G","Defend_G","Defend_G","Defend_G","Defend_G","Defend_G","Survivor","Neutralize+1","Backstab","PiercingWail","Deadly Poison","Choke","Blur"],"relics":["Ring of the Snake","Lantern","The Courier","Ninja Scroll","Omamori","Odd Mushroom"],"acts_visited":["Exordium"],"potions_floor_usage":[12,12],"damage_taken":[{"damage":4.0,"enemies":"Jaw Worm","floor":1.0,"turns":4.0},{"damage":0.0,"enemies":"Cultist","floor":4.0,"turns":3.0},{"damage":45.0,"enemies":"Gremlin Nob","floor":7.0,"turns":6.0},{"damage":0.0,"enemies":"2 Louse","floor":8.0,"turns":1.0},{"damage":0.0,"enemies":"Blue Slaver","floor":10.0,"turns":3.0},{"damage":1.0,"enemies":"The Mushroom Lair","floor":11.0,"turns":4.0},{"damage":9,"enemies":"Lagavulin","floor":12,"turns":5}],"seed_played":"3152275026380298303","potions_obtained":[{"floor":4.0,"key":"Dexterity Potion"},{"floor":8.0,"key":"LiquidMemories"},{"floor":10.0,"key":"PowerPotion"}],"is_trial":false,"path_per_floor":["M","?","$","M","$","R","E","M","T","M","?","E"],"character_chosen":"THE_SILENT","items_purchased":["Backstab","Deadly Poison"],"campfire_rested":0,"item_purchase_floors":[3,5],"current_hp_per_floor":[55,55,55,55,55,55,10,10,10,10,9,0,0],"gold":96,"neow_bonus":"RANDOM_COMMON_RELIC","is_daily":false,"chose_seed":false,"campfire_upgraded":1,"win_rate":0.0,"timestamp":1608435120,"path_taken":["M","?","$","M","?","R","E","M","T","M","?","E"],"items_purchased_type":["Card","Card"],"build_version":"2020-12-13","purchased_purges":0,"victory":false,"max_hp_per_floor":[66,66,66,66,66,66,66,66,66,66,66,66,66],"card_choices":[{"not_picked":["Bane","Endless Agony"],"picked":"Backflip","floor":1.0},{"not_picked":["Dodge and Roll","Reflex"],"picked":"PiercingWail","floor":4.0},{"not_picked":["Storm of Steel","Quick Slash"],"picked":"Choke","floor":7.0},{"not_picked":["Dagger Spray","Bane","Flying Knee"],"picked":"SKIP","floor":8.0},{"not_picked":["Prepared","Poisoned Stab"],"picked":"Blur","floor":10.0}],"player_experience":1337280,"relics_obtained":[{"floor":7.0,"key":"Ninja Scroll"},{"floor":9.0,"key":"Omamori"},{"floor":11.0,"key":"Odd Mushroom"}],"event_choices":[{"cards_removed":["Backflip"],"damage_healed":0.0,"max_hp_gain":0.0,"max_hp_loss":0.0,"gold_gain":0.0,"event_name":"WeMeetAgain","player_choice":"Gave Card","floor":2.0,"gold_loss":0.0,"damage_taken":0.0,"relics_obtained":["The Courier"]},{"damage_healed":0.0,"max_hp_gain":0.0,"max_hp_loss":0.0,"gold_gain":0.0,"event_name":"Mushrooms","player_choice":"Fought Mushrooms","floor":11.0,"gold_loss":0.0,"damage_taken":0.0}],"is_beta":false,"boss_relics":[],"items_purged_floors":[],"is_endless":false,"potions_floor_spawned":[4,8,10],"killed_by":"Lagavulin","ascension_level":16}}