{"host":"ebguxldc2ucorva7","time":1608448548,"event":{"mods":["AchievementEnabler","BaseMod","Best Route Mod","Bestiary","Better Note","Better Third Choice","Better-Laid Plans","Colored Map","Colored Powertips","Disable Question Mark Monsters","Energized Spire","Minty Spire (QoL Compilation)","Permanent Neow","Quick Restart","Rare Cards Sparkle","Relic Stats","Replay The Spire","Shop Mod","StSLib","Synergy Search"],"gold_per_floor":[114,132,195,195,211,246,246,246,246],"floor_reached":8,"playtime":316,"items_purged":[],"score":67,"play_id":"1f6306e3-6256-4a62-b7f0-988fd33ad94e","local_time":"20201220001548","daily_mods":["Draft","Vintage","Heirloom","DeadlyEvents","Elite Swarm","Uncertain Future"],"is_ascension_mode":true,"campfire_choices":[{"data":"Hello World","floor":7,"key":"SMITH"}],"circlet_count":0,"master_deck":["Chill","Rebound","Tempest","BootSequence","Ball Lightning","Ball Lightning","Undo","Capacitor","Panic Button","BootSequence","Hello World+1","Aggregate","Consume","Storm","FTL","Gash","Multi-Cast"],"relics":["Cracked Core","Thread and Needle","Bag of Marbles","Blue Doll","The Courier","Bottled Tornado"],"acts_visited":["Exordium"],"potions_floor_usage":[5,6],"damage_taken":[{"damage":0,"enemies":"Cultist","floor":1,"turns":3},{"damage":0,"enemies":"2 Louse","floor":2,"turns":1},{"damage":5,"enemies":"Small Slimes","floor":5,"turns":3},{"damage":54,"enemies":"3 Sentries","floor":6,"turns":5},{"damage":59,"enemies":"Gremlin Nob","floor":8,"turns":3}],"seed_played":"-6420344002695829512","potions_obtained":[{"floor":1,"key":"Milkshake"},{"floor":2,"key":"ColorlessPotion"},{"floor":3,"key":"Death Potion"}],"is_trial":true,"path_per_floor":["M","M","?","WH","M","E","R","E"],"character_chosen":"DEFECT","items_purchased":[],"campfire_rested":0,"item_purchase_floors":[],"current_hp_per_floor":[75,75,75,75,70,16,16,0,0],"gold":246,"neow_bonus":"","is_daily":false,"chose_seed":false,"campfire_upgraded":1,"win_rate":0.0,"timestamp":1608448548,"path_taken":["M","M","?","WH","M","E","R","E"],"items_purchased_type":[],"build_version":"2020-12-13","purchased_purges":0,"victory":false,"max_hp_per_floor":[75,75,75,75,75,75,75,75,75],"relic_stats":{"counters":[5,15],"obtain_stats":[{"Thread and Needle":0,"Blue Doll":2,"The Courier":3,"Bag of Marbles":1,"Bottled Tornado":5,"Cracked Core":0},{"Thread and Needle":0,"Blue Doll":2,"The Courier":2,"Bag of Marbles":1,"Bottled Tornado":3,"Cracked Core":0},{"Thread and Needle":0,"Blue Doll":4,"The Courier":4,"Bag of Marbles":3,"Bottled Tornado":7,"Cracked Core":0}]},"card_choices":[{"not_picked":["Sweeping Beam","Beam Cell"],"picked":"Chill","floor":0},{"not_picked":["Turbo","Consume"],"picked":"Rebound","floor":0},{"not_picked":["Steam","Go for the Eyes"],"picked":"Tempest","floor":0},{"not_picked":["Compile Driver","Hologram"],"picked":"BootSequence","floor":0},{"not_picked":["BasicCrystalCard","Glacier"],"picked":"Ball Lightning","floor":0},{"not_picked":["Gash","Compile Driver"],"picked":"Ball Lightning","floor":0},{"not_picked":["Stack","Beam Cell"],"picked":"Undo","floor":0},{"not_picked":["ReplaySort","ReplayTheSpireMod:Reroute Power"],"picked":"Capacitor","floor":0},{"not_picked":["Leap","Reinforced Body"],"picked":"Panic Button","floor":0},{"not_picked":["Steam Power","Conserve Battery"],"picked":"BootSequence","floor":0},{"not_picked":["Cold Snap","Steam Power"],"picked":"Hello World","floor":0},{"not_picked":["BasicCrystalCard","Panic Button"],"picked":"Aggregate","floor":0},{"not_picked":["Cold Snap","Hologram"],"picked":"Consume","floor":0},{"not_picked":["Beam Cell","Hologram"],"picked":"Storm","floor":0},{"not_picked":["Streamline","ReplaySolidLightProjector"],"picked":"FTL","floor":0},{"not_picked":["ReplayGash","Leap"],"picked":"Gash","floor":3},{"not_picked":["All For One","Reboot"],"picked":"Multi-Cast","floor":6}],"player_experience":133466,"relics_obtained":[{"floor":1,"key":"Bag of Marbles"},{"floor":2,"key":"Blue Doll"},{"floor":3,"key":"The Courier"},{"floor":5,"key":"Bottled Tornado"}],"event_choices":[],"is_beta":false,"boss_relics":[],"items_purged_floors":[],"is_endless":true,"potions_floor_spawned":[1,2],"killed_by":"Gremlin Nob","ascension_level":4}}