{"host":"sav7uxregyirlf69","time":1608445557,"event":{"mods":["AchievementEnabler","BaseMod","Colored Map","DeckTracker","Keyboard Shortcuts","Minty Spire (QoL Compilation)","READ ME - Guardian Mod","StSLib","SuperFastMode"],"gold_per_floor":[116,191,141,66,77,77,89,120,120,120,70,70,87,104,104,104,104],"floor_reached":16,"playtime":246,"items_purged":["Strike_G","Defend_G"],"score":150,"play_id":"3a81ae63-e040-4f2a-9f67-1171e3b915cd","local_time":"20201220152557","is_ascension_mode":true,"campfire_choices":[{"data":"Reflex","floor":6,"key":"SMITH"},{"data":"Neutralize","floor":10,"key":"SMITH"},{"data":"Eviscerate","floor":12,"key":"SMITH"},{"data":"Footwork","floor":15,"key":"SMITH"}],"circlet_count":0,"master_deck":["AscendersBane","Strike_G","Strike_G","Defend_G","Defend_G","Defend_G","Survivor","Neutralize+1","All Out Attack","Reflex+1","Eviscerate+1","Footwork+1","After Image","Dagger Throw","Backflip"],"relics":["Ring of the Snake","Letter Opener","Smiling Mask"],"acts_visited":["Exordium"],"potions_floor_usage":[8,16],"damage_taken":[{"damage":0,"enemies":"Jaw Worm","floor":1,"turns":4},{"damage":1,"enemies":"2 Louse","floor":5,"turns":3},{"damage":0,"enemies":"Small Slimes","floor":7,"turns":3},{"damage":25,"enemies":"Lagavulin","floor":8,"turns":8},{"damage":6,"enemies":"Looter","floor":13,"turns":3},{"damage":0,"enemies":"2 Fungi Beasts","floor":14,"turns":2},{"damage":7,"enemies":"Hexaghost","floor":16,"turns":9}],"seed_played":"7209187773115570244","potions_obtained":[{"floor":1,"key":"SkillPotion"},{"floor":7,"key":"DuplicationPotion"}],"is_trial":false,"path_per_floor":["M","?","?","$","M","R","M","E","T","R","$","R","M","M","R","B"],"character_chosen":"THE_SILENT","items_purchased":[],"campfire_rested":0,"item_purchase_floors":[],"current_hp_per_floor":[63,52,52,52,51,51,51,26,26,26,26,26,20,20,20,13,13],"gold":104,"neow_bonus":"TRANSFORM_TWO_CARDS","is_daily":false,"chose_seed":false,"campfire_upgraded":4,"win_rate":0.0,"timestamp":1608445557,"path_taken":["M","?","?","?","M","R","?","E","T","R","$","R","M","M","R","BOSS"],"items_purchased_type":[],"build_version":"2020-12-13","purchased_purges":2,"victory":false,"max_hp_per_floor":[63,63,63,63,63,63,63,63,63,63,63,63,63,63,63,63,63],"card_choices":[{"not_picked":["Leg Sweep","Sucker Punch","Expertise"],"picked":"SKIP","floor":1},{"not_picked":["Cloak And Dagger","Escape Plan"],"picked":"Eviscerate","floor":5},{"not_picked":["PiercingWail","Blade Dance"],"picked":"Footwork","floor":7},{"not_picked":["Setup","PiercingWail"],"picked":"After Image","floor":8},{"not_picked":["Dagger Spray","Caltrops"],"picked":"Dagger Throw","floor":13},{"not_picked":["Dagger Spray","Blade Dance"],"picked":"Backflip","floor":14}],"player_experience":965940,"relics_obtained":[{"floor":8,"key":"Letter Opener"},{"floor":9,"key":"Smiling Mask"}],"event_choices":[{"damage_healed":0,"gold_gain":75,"player_choice":"Gather Gold","damage_taken":11,"max_hp_gain":0,"max_hp_loss":0,"event_name":"World of Goop","floor":2,"gold_loss":0},{"cards_removed":["Strike_G"],"damage_healed":0,"gold_gain":0,"player_choice":"Card Removal","damage_taken":0,"max_hp_gain":0,"max_hp_loss":0,"event_name":"The Cleric","floor":3,"gold_loss":50}],"is_beta":false,"boss_relics":[],"items_purged_floors":[4,11],"is_endless":false,"potions_floor_spawned":[1,7],"killed_by":"Hexaghost","ascension_level":10}}