{"host":"0cm5wy4nhuju7tij","time":1608433646,"event":{"mods":["2.2 Compatiblity","AchievementEnabler","BaseMod","Better Third Choice","BetterRewards","Colored Powertips","Curses Come First","Custom Start","Displayed Cursed Tome","Downfall","Energized Spire","Filter the Spire","Fireblade Mod","Highlight Path","Jess\u0027s Bottle","Minty Spire (QoL Compilation)","Permanent Neow","Railgun Mod","Robot Space Explorer","Shop Mod","Spicy Shops","StSLib","The Marked","The Servant 0.9.4"],"gold_per_floor":[118,131,131,149,160,189,189,9,88,108,108,125,125,125,125,249,249,274,297,297,297],"floor_reached":20,"playtime":1069,"items_purged":["FireBladeMod:StrikeFireBlade"],"score":176,"play_id":"3bd3cc8a-166e-4430-a8e5-8b9567a45ec5","local_time":"20201219220726","is_ascension_mode":false,"campfire_choices":[{"data":"FireBladeMod:SoulSword","floor":7,"key":"SMITH"},{"floor":13,"key":"REST"},{"data":"FireBladeMod:SoulSword","floor":15,"key":"SMITH"}],"circlet_count":0,"master_deck":["FireBladeMod:StrikeFireBlade","FireBladeMod:StrikeFireBlade","FireBladeMod:DefendFireBlade","FireBladeMod:DefendFireBlade","FireBladeMod:DefendFireBlade","FireBladeMod:DefendFireBlade","FireBladeMod:FlamingSword","FireBladeMod:FireBarrier","expansioncontent:PolyBeam","FireBladeMod:SoulSword+1","FireBladeMod:Flames","FireBladeMod:SteadyEndurance","FireBladeMod:Feint","FireBladeMod:SoulSword+1","FireBladeMod:SoulSword","FireBladeMod:EruptionSlash","FireBladeMod:Wildfire","FireBladeMod:Speed","FireBladeMod:PyromancerForm","FireBladeMod:Tempo","FireBladeMod:ComplexAttack+1"],"relics":["FireBladeMod:DuelistLocket","GremlinMask","Mango","Sundial","Golden Idol","jessBottle:WaterBottleRelic"],"acts_visited":["Exordium","TheCity"],"potions_floor_usage":[],"damage_taken":[{"damage":8,"enemies":"Small Slimes","floor":1,"turns":3},{"damage":0,"enemies":"Cultist","floor":2,"turns":3},{"damage":0,"enemies":"2 Louse","floor":4,"turns":2},{"damage":9,"enemies":"2 Fungi Beasts","floor":5,"turns":4},{"damage":15,"enemies":"Gremlin Nob","floor":6,"turns":3},{"damage":15,"enemies":"Large Slime","floor":10,"turns":8},{"damage":0,"enemies":"3 Louse","floor":12,"turns":5},{"damage":11,"enemies":"The Guardian","floor":16,"turns":8},{"damage":23,"enemies":"3 Byrds","floor":18,"turns":5},{"damage":39,"enemies":"2 Thieves","floor":19,"turns":5},{"damage":19,"enemies":"Shelled Parasite and Fungi","floor":20,"turns":3}],"seed_played":"4492781591880211178","potions_obtained":[{"floor":4,"key":"FireBladeMod:FervorPotion"},{"floor":5,"key":"Dexterity Potion"},{"floor":6,"key":"FearPotion"}],"is_trial":false,"path_per_floor":["M","M","?","M","M","E","R","$","T","M","?","M","R","?","R","B",null,"M","M","M"],"character_chosen":"THE_FIREBLADE","items_purchased":["FireBladeMod:SoulSword","FireBladeMod:EruptionSlash"],"campfire_rested":1,"item_purchase_floors":[8,8],"current_hp_per_floor":[62,62,62,62,53,52,52,52,52,37,30,30,55,55,55,44,78,55,16,0,0],"gold":297,"neow_bonus":"RANDOM_COLORLESS","is_daily":false,"chose_seed":false,"campfire_upgraded":2,"win_rate":0.0,"timestamp":1608433646,"path_taken":["M","M","?","M","?","E","R","$","T","M","?","M","R","?","R","BOSS","M","M","M"],"items_purchased_type":["Card","Card"],"build_version":"2020-12-13","purchased_purges":1,"victory":false,"max_hp_per_floor":[70,70,70,70,70,84,84,84,84,84,84,84,84,78,78,78,78,78,78,78,78],"card_choices":[{"not_picked":["Forethought","expansioncontent:TimeRipple"],"picked":"expansioncontent:PolyBeam","floor":0},{"not_picked":["FireBladeMod:StingingSlash","FireBladeMod:Robust"],"picked":"FireBladeMod:SoulSword","floor":1},{"not_picked":["FireBladeMod:SpiritEndurance","FireBladeMod:ComplexAttack"],"picked":"FireBladeMod:Flames","floor":2},{"not_picked":["FireBladeMod:ComboCleave","FireBladeMod:Reposition"],"picked":"FireBladeMod:SteadyEndurance","floor":4},{"not_picked":["FireBladeMod:RapidDodges","FireBladeMod:WellPrepared"],"picked":"FireBladeMod:Feint","floor":5},{"not_picked":["FireBladeMod:Accelerant","FireBladeMod:ComplexAttack"],"picked":"FireBladeMod:SoulSword","floor":6},{"not_picked":["FireBladeMod:StingingSlash","FireBladeMod:ComplexDefense"],"picked":"FireBladeMod:Wildfire","floor":10},{"not_picked":["FireBladeMod:MomentumStrikes","FireBladeMod:WellPrepared"],"picked":"FireBladeMod:Speed","floor":12},{"not_picked":["FireBladeMod:LearnTells","FireBladeMod:AfterBurn"],"picked":"FireBladeMod:PyromancerForm","floor":16},{"not_picked":["FireBladeMod:AbsorbEnergy","FireBladeMod:WellPrepared"],"picked":"FireBladeMod:Tempo","floor":18},{"not_picked":["FireBladeMod:DoubleDash","FireBladeMod:IronEndurance"],"picked":"FireBladeMod:ComplexAttack+1","floor":19}],"player_experience":246160,"relics_obtained":[{"floor":6,"key":"Mango"},{"floor":9,"key":"Sundial"}],"event_choices":[{"damage_healed":0,"gold_gain":0,"player_choice":"Trade","damage_taken":0,"relics_obtained":["GremlinMask"],"max_hp_gain":0,"max_hp_loss":0,"event_name":"FaceTrader","floor":3,"gold_loss":0},{"cards_removed":["FireBladeMod:StrikeFireBlade"],"damage_healed":0,"gold_gain":0,"player_choice":"Card Removal","damage_taken":7,"max_hp_gain":0,"max_hp_loss":0,"event_name":"Golden Wing","floor":11,"gold_loss":0},{"damage_healed":0,"gold_gain":0,"player_choice":"Lose Max HP","damage_taken":0,"relics_obtained":["Golden Idol"],"max_hp_gain":0,"max_hp_loss":6,"event_name":"Golden Idol","floor":14,"gold_loss":0}],"is_beta":false,"boss_relics":[{"not_picked":["Busted Crown","FireBladeMod:BattleMasterLocket"],"picked":"jessBottle:WaterBottleRelic"}],"items_purged_floors":[8],"is_endless":false,"potions_floor_spawned":[4,5,6,10],"killed_by":"Shelled Parasite and Fungi","ascension_level":0}}