{"host":"lytueob6x0yvfkof","time":1608473626,"event":{"mods":["Act Like it!","Aspiration","Bard","BaseMod","Beaked The Cultist","Colored Map","Conspire","Downfall","Glutton Mod","Halation","Hallownest","HololiveMod","Hubris","Infinite Spire","Jedi Mod","Mad Scientist","Marisa????????","Mimic Mod","Minty Spire (QoL Compilation)","Potionbrewer","Reimu??????","Remilia??????","Replay The Spire","Somnambulant","StSLib","The Bug Knight","The Clintock","The Construct","The Cursed","The Disciple","The Elementalist","The Exalted","The Forsaken","The Hierophant","The Jungle","The Mystic","The Runesmith","The Servant 0.9.4","TheArtist","TheBandit","Yuyuko","vexMod"],"gold_per_floor":[99,99,131,148,148,148,178,188,188,214,225,2,28,41,57,154,154,79,96,122,142,173,173,173,98,118,146,157,176,189,189,208,303,303,303,319,319,319,346,101,128,141,160,179,199,102,152,152,162,162],"floor_reached":51,"playtime":6051,"items_purged":[],"score":876,"play_id":"a56a04ec-cc5f-4425-a081-d40902e1345d","local_time":"20201220141346","is_ascension_mode":false,"campfire_choices":[{"data":"Slimebound:Split","floor":1.0,"key":"SMITH"},{"data":"Slimebound:SpikyOuterGoop","floor":5.0,"key":"SMITH"},{"data":"Slimebound:SlimeSpikes","floor":9.0,"key":"SMITH"},{"floor":18.0,"key":"RECALL"},{"floor":25.0,"key":"REST"}],"circlet_count":0,"master_deck":["Slimebound:Strike_Slimebound","Slimebound:Strike_Slimebound+1","Slimebound:Tackle","Slimebound:Defend_Slimebound","Slimebound:Defend_Slimebound","Slimebound:Defend_Slimebound","Slimebound:Split+1","Slimebound:CorrosiveSpit","Slimebound:MassRepurpose+1","Slimebound:HauntingLick","Slimebound:SpikyOuterGoop+1","Slimebound:SamplingLick","Slimebound:SlimeSpikes+1","Slimebound:Prepare","Slimebound:RejuvenatingLick+1","Slimebound:Schlurp","Slimebound:SplitMire","Slimebound:DisruptingSlam","Slimebound:Schlurp","Slimebound:DuplicatedForm","Slimebound:SamplingLick+1","Slimebound:Nibble","Slimebound:ViciousTackle+1","Slimebound:Gluttony+1","Slimebound:Replication","Slimebound:SamplingLick","Slimebound:DisruptingSlam+1","Slimebound:SamplingLick","somnambulantmod: SnuggleUp","expansioncontent:DefensiveStance","Slimebound:Gluttony","Glutton:Borborygmi","jedi:forcepush+1","Slimebound:WasteNot","Slimebound:Nibble","construct:Versatility","Slimebound:HauntingLick","WitchLeyline","Slimebound:LeechingTouch","Slimebound:ItLooksTasty"],"relics":["Slimebound:AbsorbEndCombatUpgraded","potionbrewer:AlchemistFlask","Nunchaku","infinitespire:PuzzleCube","Replay:Baseball","Art of War","downfall:HeartBlessingGreen","Quantum Egg","infinitespire:Joker Card","jedi:HeartOfTheCards","downfall:HeartBlessingRed","MealTicket","PrismaticShard","halation:Prosthetics","potionbrewer:ToyAutogyro","Bromod:ArcanePistoleer","vexMod:CursedCompass"],"acts_visited":["Exordium","TheCity","TheBeyond"],"potions_floor_usage":[39,50],"damage_taken":[{"damage":54.0,"enemies":"3 Sentries","floor":3.0,"turns":8.0},{"damage":10.0,"enemies":"2 Louse","floor":4.0,"turns":2.0},{"damage":8.0,"enemies":"Small Slimes","floor":7.0,"turns":8.0},{"damage":13.0,"enemies":"Small Slimes","floor":8.0,"turns":3.0},{"damage":45.0,"enemies":"Gremlin Nob","floor":10.0,"turns":5.0},{"damage":8.0,"enemies":"Cultist","floor":11.0,"turns":3.0},{"damage":0.0,"enemies":"downfall:FleeingMerchant","floor":12.0,"turns":4.0},{"damage":34.0,"enemies":"Exordium Thugs","floor":14.0,"turns":4.0},{"damage":12.0,"enemies":"Lots of Slimes","floor":15.0,"turns":4.0},{"damage":67.0,"enemies":"downfall:Defect","floor":16.0,"turns":7.0},{"damage":25.0,"enemies":"Shell Parasite","floor":19.0,"turns":6.0},{"damage":77.0,"enemies":"Slavers","floor":20.0,"turns":7.0},{"damage":8.0,"enemies":"3 Byrds","floor":21.0,"turns":4.0},{"damage":66.0,"enemies":"Gremlin Leader","floor":22.0,"turns":8.0},{"damage":33.0,"enemies":"Shelled Parasite and Fungi","floor":26.0,"turns":5.0},{"damage":20.0,"enemies":"Book of Stabbing","floor":27.0,"turns":5.0},{"damage":6.0,"enemies":"Centurion and Healer","floor":28.0,"turns":3.0},{"damage":37.0,"enemies":"Snake Plant","floor":29.0,"turns":4.0},{"damage":12.0,"enemies":"3 Cultists","floor":30.0,"turns":5.0},{"damage":4.0,"enemies":"Centurion and Healer","floor":32.0,"turns":3.0},{"damage":29.0,"enemies":"downfall:Watcher","floor":33.0,"turns":7.0},{"damage":12,"enemies":"Orb Walker","floor":36,"turns":4},{"damage":26,"enemies":"Reptomancer","floor":39,"turns":7},{"damage":0,"enemies":"downfall:FleeingMerchant","floor":40,"turns":4},{"damage":13,"enemies":"3 Darklings","floor":42,"turns":5},{"damage":2,"enemies":"Spire Growth","floor":43,"turns":4},{"damage":11,"enemies":"Writhing Mass","floor":44,"turns":5},{"damage":27,"enemies":"4 Shapes","floor":45,"turns":5},{"damage":1,"enemies":"downfall:FleeingMerchant","floor":46,"turns":4},{"damage":0,"enemies":"Mind Bloom Boss Battle","floor":47,"turns":6},{"damage":0,"enemies":"3 Darklings","floor":49,"turns":3},{"damage":0,"enemies":"downfall:Ironclad","floor":50,"turns":9}],"seed_played":"-6422165945770375072","potions_obtained":[{"floor":8.0,"key":"potionbrewer:StunPotion"},{"floor":14.0,"key":"Swift Potion"},{"floor":15.0,"key":"potionbrewer:ToxicPotion"},{"floor":19.0,"key":"potionbrewer:CleansingPotion"},{"floor":45,"key":"jedi:wingpotion"},{"floor":49,"key":"Slimebound:SlimyTonguePotion"}],"is_trial":false,"path_per_floor":["R","?","E","M","R","?","MIM","M","R","E","M","$","T","M","M","B",null,"R","M","E","M","E","?","T","R","M","E","M","M","M","?","M","B",null,"R_BF","M","?","?","E","$","T","M","M","M","M","$","?","AVR","M","B",null],"character_chosen":"SLIMEBOUND","items_purchased":["Slimebound:SplitMire","Replay:Baseball","Slimebound:WasteNot","Slimebound:Nibble","Slimebound:LeechingTouch","Slimebound:ItLooksTasty"],"campfire_rested":1,"item_purchase_floors":[12,12,40,40,46,46],"current_hp_per_floor":[66,66,32,42,42,42,58,60,60,39,47,66,66,53,66,28,66,66,62,39,65,39,31,31,50,58,56,66,60,66,58,66,53,31,31,25,25,25,25,31,31,31,31,31,31,31,31,31,31,31],"gold":162,"neow_bonus":"TEN_PERCENT_HP_BONUS","is_daily":false,"chose_seed":false,"campfire_upgraded":3,"win_rate":0.0,"timestamp":1608473626,"path_taken":["R","?","E","M","R","?","MIM","?","R","E","M","$","?","?","M","BOSS","R","M","E","?","E","?","T","R","M","E","M","?","?","?","M","BOSS","R_BF","M","?","?","E","$","T","M","M","M","?","?","?","AVR","M","BOSS"],"items_purchased_type":["Card","Relic","Card","Card","Card","Card"],"build_version":"2020-12-13","purchased_purges":0,"victory":true,"max_hp_per_floor":[66,66,66,66,66,66,66,66,66,66,66,66,66,66,66,66,66,66,66,66,66,66,66,66,66,66,66,66,66,66,66,66,66,31,31,31,31,31,31,31,31,31,31,31,31,31,31,31,31,31],"card_choices":[{"not_picked":["Slimebound:ComboTackle","Slimebound:Equalize"],"picked":"Slimebound:HauntingLick","floor":3.0},{"not_picked":["Slimebound:LeechEnergy","Slimebound:FormOfPuddle"],"picked":"Slimebound:SpikyOuterGoop","floor":4.0},{"not_picked":["Slimebound:RainOfGoop","Slimebound:RejuvenatingLick"],"picked":"Slimebound:SamplingLick","floor":7.0},{"not_picked":["Slimebound:GoopSpray","Slimebound:ViciousTackle"],"picked":"Slimebound:SlimeSpikes","floor":8.0},{"not_picked":["Slimebound:PressTheAttack","Slimebound:Dissolve"],"picked":"Slimebound:Prepare","floor":10.0},{"not_picked":["Slimebound:PressTheAttack","Slimebound:FinishingTackle"],"picked":"Slimebound:RejuvenatingLick","floor":11.0},{"not_picked":["Slimebound:MinionMaster","Slimebound:RallyTheTroops"],"picked":"Slimebound:Schlurp","floor":12.0},{"not_picked":["Slimebound:Dissolve","Slimebound:PressTheAttack"],"picked":"Slimebound:DisruptingSlam","floor":14.0},{"not_picked":["Slimebound:GrowthPunch","Slimebound:RollThrough"],"picked":"Slimebound:Schlurp","floor":15.0},{"not_picked":["Slimebound:SelfFormingGoo","Slimebound:MassFeed"],"picked":"Slimebound:DuplicatedForm","floor":16.0},{"not_picked":["Slimebound:GoopSpray","Slimebound:Replication"],"picked":"Slimebound:SamplingLick+1","floor":19.0},{"not_picked":["Slimebound:PressTheAttack","Slimebound:HauntingLick+1"],"picked":"Slimebound:Nibble","floor":20.0},{"not_picked":["Slimebound:SplitBruiser","Slimebound:SlimeBrawl"],"picked":"Slimebound:ViciousTackle+1","floor":21.0},{"not_picked":["Slimebound:GrowthPunch","Slimebound:ForwardTackle"],"picked":"Slimebound:Gluttony+1","floor":22.0},{"not_picked":["Slimebound:GoopTackle","Slimebound:ViciousTackle"],"picked":"Slimebound:Replication","floor":26.0},{"not_picked":["Slimebound:FormOfPuddle+1","Slimebound:SplitLeeching"],"picked":"Slimebound:SamplingLick","floor":27.0},{"not_picked":["Slimebound:RollThrough","Slimebound:FlameTackle","Slimebound:SlimeBarrage+1"],"picked":"SKIP","floor":28.0},{"not_picked":["Slimebound:FinishingTackle+1","Slimebound:RollThrough"],"picked":"Slimebound:LeadByExample","floor":29.0},{"not_picked":["Slimebound:SplitMire","Slimebound:Overexert"],"picked":"Slimebound:DisruptingSlam+1","floor":30.0},{"not_picked":["Slimebound:SplitLeeching","Slimebound:PressTheAttack"],"picked":"Slimebound:SamplingLick","floor":31.0},{"not_picked":["GravityBeat+1","ReplayTheSpireMod:Strike From Hell"],"picked":"somnambulantmod: SnuggleUp","floor":32.0},{"not_picked":["somnambulantmod: DarkeningMind+1","Bromod:RadialBlind","potionbrewer:Smack"],"picked":"SKIP","floor":36},{"not_picked":["expansioncontent:Flail","expansioncontent:Sear"],"picked":"expansioncontent:DefensiveStance","floor":37},{"not_picked":["beaked:Poke+1","sneckomod:UnknownClassMARISA_DERIVATIONS+1"],"picked":"Glutton:Borborygmi","floor":39},{"not_picked":["hierophant:Glossolalia+1","elementalist:Spark"],"picked":"jedi:forcepush+1","floor":40},{"not_picked":["wariomod:Goblast","beaked:Foresight","Rip and Tear+1"],"picked":"SKIP","floor":42},{"not_picked":["Guardian:Reroute","Headbutt+1"],"picked":"construct:Versatility","floor":43},{"not_picked":["BloodHunter+1","potionbrewer:FlashPowder+1"],"picked":"Slimebound:HauntingLick","floor":44},{"not_picked":["mysticmod:TomeOfSpells","somnambulantmod: HorrificThought","jedi:reiji+1"],"picked":"SKIP","floor":45},{"not_picked":["Steamed Phantom","OctopathSalyBorderN:ReiMu"],"picked":"WitchLeyline","floor":46},{"not_picked":["artistmod:DoubleDraw+1","mysticmod:BulkUp+1","TheCursedMod:CursedShiv"],"picked":"SKIP","floor":49}],"player_experience":176874,"relics_obtained":[{"floor":3.0,"key":"potionbrewer:AlchemistFlask"},{"floor":7.0,"key":"Nunchaku"},{"floor":10.0,"key":"infinitespire:PuzzleCube"},{"floor":13.0,"key":"Art of War"},{"floor":20.0,"key":"Quantum Egg"},{"floor":22.0,"key":"infinitespire:Joker Card"},{"floor":24.0,"key":"jedi:HeartOfTheCards"},{"floor":27.0,"key":"MealTicket"},{"floor":31.0,"key":"PrismaticShard"},{"floor":39,"key":"potionbrewer:ToyAutogyro"},{"floor":47,"key":"Bromod:ArcanePistoleer"}],"event_choices":[{"damage_healed":0,"gold_gain":0,"cards_transformed":["Slimebound:LeadByExample"],"player_choice":"Transformed","damage_taken":0,"max_hp_gain":0,"max_hp_loss":0,"event_name":"Transmorgrifier","floor":38,"gold_loss":0,"cards_obtained":["Slimebound:Gluttony"]}],"is_beta":false,"boss_relics":[{"not_picked":["halation:LoveArrow","vexMod:FluxCapacitor"],"picked":"Slimebound:AbsorbEndCombatUpgraded"},{"not_picked":["Busted Crown","hubris:VirtuousBlindfold"],"picked":"halation:Prosthetics"}],"items_purged_floors":[],"is_endless":false,"potions_floor_spawned":[8,14,15,16,19,20,27,29,33,39,42,43,45,49],"ascension_level":0}}