{"host":"haq22x9zdvtvc76a","time":1608430568,"event":{"mods":["BaseMod","Minty Spire (QoL Compilation)","StSLib","The Marked"],"gold_per_floor":[110,129,146,160,160,160,171,212,212,212,249,55,68,93,93,93,93],"floor_reached":16,"playtime":1307,"items_purged":[],"score":128,"play_id":"8ea0d7d3-bf9e-4dc9-b4b3-6460ae0e17de","local_time":"20201219211608","is_ascension_mode":true,"campfire_choices":[{"data":"theMarked:ComboAttacks","floor":6,"key":"SMITH"},{"data":"theMarked:SoldierOfQuellstein","floor":10,"key":"SMITH"},{"floor":15,"key":"DIG"}],"circlet_count":0,"master_deck":["theMarked:Strike","theMarked:Strike","theMarked:Strike","theMarked:Strike","theMarked:Defend","theMarked:Defend","theMarked:Defend","theMarked:SoldierOfQuellstein+1","Clumsy","theMarked:ComboAttacks+1","theMarked:EnhanceMovement","theMarked:SelfDefenseTraining","theMarked:Aftermath","theMarked:HeritageOfTheMarked","theMarked:Overcharge","theMarked:Electrocute","theMarked:ContemptForTheProud","theMarked:HeightenedSenses","theMarked:Static","theMarked:Improvise"],"relics":["theMarked:ArtifactOfAir","CeramicFish","The Courier","PreservedInsect","Ornamental Fan","Shovel","Nunchaku"],"acts_visited":["Exordium"],"potions_floor_usage":[11],"damage_taken":[{"damage":2,"enemies":"Cultist","floor":1,"turns":4},{"damage":4,"enemies":"Jaw Worm","floor":2,"turns":4},{"damage":1,"enemies":"Small Slimes","floor":3,"turns":3},{"damage":5,"enemies":"2 Fungi Beasts","floor":4,"turns":4},{"damage":6,"enemies":"3 Louse","floor":7,"turns":2},{"damage":8,"enemies":"Lagavulin","floor":8,"turns":7},{"damage":10,"enemies":"3 Sentries","floor":11,"turns":5},{"damage":0,"enemies":"Large Slime","floor":13,"turns":5},{"damage":18,"enemies":"Lagavulin","floor":14,"turns":5},{"damage":25,"enemies":"Slime Boss","floor":16,"turns":5}],"seed_played":"8876134196638109172","potions_obtained":[{"floor":1,"key":"theMarked:ChargePotion"},{"floor":3,"key":"FearPotion"},{"floor":4,"key":"SpeedPotion"},{"floor":11,"key":"LiquidBronze"},{"floor":14,"key":"Ancient Potion"}],"is_trial":false,"path_per_floor":["M","M","M","M","?","R","M","E","T","R","E","$","M","E","R","B"],"character_chosen":"THE_DEFAULT","items_purchased":["Ornamental Fan"],"campfire_rested":0,"item_purchase_floors":[12],"current_hp_per_floor":[68,64,63,58,58,58,52,44,44,44,34,34,34,16,16,0,0],"gold":93,"neow_bonus":"TRANSFORM_TWO_CARDS","is_daily":false,"chose_seed":false,"campfire_upgraded":2,"win_rate":0.0,"timestamp":1608430568,"path_taken":["M","M","M","?","?","R","M","E","T","R","E","$","?","E","R","BOSS"],"items_purchased_type":["Relic"],"build_version":"2020-12-13","purchased_purges":0,"victory":false,"max_hp_per_floor":[70,70,70,70,70,70,70,70,70,70,70,70,70,70,70,70,70],"card_choices":[{"not_picked":["theMarked:Static","theMarked:ResourceFulStrike"],"picked":"theMarked:SelfDefenseTraining","floor":1},{"not_picked":["theMarked:RepellingDischarge","theMarked:ChainLightning"],"picked":"theMarked:Aftermath","floor":2},{"not_picked":["theMarked:ShockingTouch","theMarked:ResourceFulStrike"],"picked":"theMarked:HeritageOfTheMarked","floor":3},{"not_picked":["theMarked:ParalyzingBlade","theMarked:WastefulAttack"],"picked":"theMarked:Overcharge","floor":4},{"not_picked":["theMarked:ResourceFulStrike","theMarked:LightningStrikesTwice"],"picked":"theMarked:HeightenedSenses","floor":7},{"not_picked":["theMarked:RepellingDischarge","theMarked:ElectricStrings"],"picked":"theMarked:Static","floor":8},{"not_picked":["theMarked:Overcharge","theMarked:ThrowWeapon"],"picked":"theMarked:Improvise","floor":11},{"not_picked":["theMarked:LightningStrikesTwice","theMarked:ElectricStrings","theMarked:Static"],"picked":"SKIP","floor":13},{"not_picked":["theMarked:ParalyzingBlade","theMarked:EmpowerWeapon","theMarked:MuscleMemory"],"picked":"SKIP","floor":14}],"player_experience":1295003,"relics_obtained":[{"floor":8,"key":"CeramicFish"},{"floor":9,"key":"The Courier"},{"floor":11,"key":"PreservedInsect"},{"floor":14,"key":"Shovel"},{"floor":15,"key":"Nunchaku"}],"event_choices":[{"damage_healed":0,"gold_gain":0,"player_choice":"2 cards matched","damage_taken":0,"max_hp_gain":0,"max_hp_loss":0,"event_name":"Match and Keep!","floor":5,"gold_loss":0,"cards_obtained":["theMarked:Electrocute","theMarked:ContemptForTheProud"]}],"is_beta":false,"boss_relics":[],"items_purged_floors":[],"is_endless":false,"potions_floor_spawned":[1,3,4,11,13,14],"killed_by":"Slime Boss","ascension_level":1}}