{"host":"l4li6saph8sy2zni","time":1608461932,"event":{"mods":["AchievementEnabler","Aspiration","BaseMod","BetterRewards","CCEM","Colored Map","Colored Powertips","Conspire","Downfall","Energized Spire","GifTheSpireLib","Highlight Path","Hubris","Infinite Spire","Mimic Mod","Minty Spire (QoL Compilation)","Permanent Neow","Quick Restart","Relic Filter","Replay The Spire","Shop Mod","StSLib","Stuff the Spire","The Hierophant"],"gold_per_floor":[99,112,142,154,163,163,190,190,218,218,232,332,50,50,68,6,6],"floor_reached":16,"playtime":870,"items_purged":["hierophant:Defend_Hierophant"],"score":100,"play_id":"1fb18960-ce19-4219-85a6-a1bc23275739","local_time":"20201220105852","is_ascension_mode":false,"campfire_choices":[{"data":"hierophant:ChurchCoffers","floor":1,"key":"SMITH"},{"data":"Feed","floor":6,"key":"SMITH"},{"floor":10,"key":"REST"}],"circlet_count":0,"master_deck":["hierophant:Strike_Hierophant","hierophant:Strike_Hierophant","hierophant:Strike_Hierophant","hierophant:Strike_Hierophant","hierophant:Punish","hierophant:Defend_Hierophant","hierophant:Defend_Hierophant","hierophant:ChurchCoffers+1","hierophant:Flagellation","Flame Barrier","Feed+1","Pommel Strike","hierophant:Patience","hierophant:OrnateBuckler","hierophant:Zeal","hierophant:Determination","hierophant:Determination","hierophant:Racketeering","hierophant:Flagellation"],"relics":["aspiration:IroncladSkillbook","conspire:BottledYoYo","Dream Catcher","Replay:Bandana","infinitespire:Cubic Diamond"],"acts_visited":["Exordium"],"potions_floor_usage":[5,16,16],"damage_taken":[{"damage":10,"enemies":"Jaw Worm","floor":2,"turns":4},{"damage":0,"enemies":"2 Louse","floor":4,"turns":1},{"damage":30,"enemies":"Gremlin Nob","floor":5,"turns":4},{"damage":0,"enemies":"Small Slimes","floor":9,"turns":3},{"damage":17,"enemies":"Exordium Thugs","floor":11,"turns":3},{"damage":5,"enemies":"downfall:FleeingMerchant","floor":13,"turns":4},{"damage":12,"enemies":"3 Louse","floor":15,"turns":2},{"damage":79,"enemies":"downfall:Watcher","floor":16,"turns":13}],"seed_played":"-7572583471581452482","potions_obtained":[{"floor":4,"key":"Swift Potion"},{"floor":11,"key":"Regen Potion"},{"floor":15,"key":"Ancient Potion"}],"is_trial":false,"path_per_floor":["R","M","?","M","E","R","T","?","M","R","M","?","$","?","M","B"],"character_chosen":"HIEROPHANT","items_purchased":["hierophant:Determination","hierophant:Racketeering"],"campfire_rested":1,"item_purchase_floors":[13,13],"current_hp_per_floor":[75,69,69,73,47,47,47,47,55,78,65,65,64,64,61,0,0],"gold":6,"neow_bonus":"BOSS_RELIC","is_daily":false,"chose_seed":false,"campfire_upgraded":2,"win_rate":0.0,"timestamp":1608461932,"path_taken":["R","M","?","M","E","R","T","?","?","R","M","?","?","?","M","BOSS"],"items_purchased_type":["Card","Card"],"build_version":"2020-12-13","purchased_purges":1,"victory":false,"max_hp_per_floor":[75,75,75,75,75,75,75,75,79,79,79,79,79,79,79,79,79],"card_choices":[{"not_picked":["hierophant:Shelter","Reckless Charge","hierophant:ConvertCurrency"],"picked":"hierophant:Flagellation","floor":2},{"not_picked":["hierophant:Mercenaries","hierophant:Zeal","hierophant:FaithHealing"],"picked":"Flame Barrier","floor":4},{"not_picked":["hubris:ReadiedAction","hierophant:AuricForm","hierophant:FieryStrike"],"picked":"Feed","floor":5},{"not_picked":["Pummel","Cleave","StuffTheSpire:RockThrow"],"picked":"Pommel Strike","floor":9},{"not_picked":["Twin Strike","hierophant:Sermon","Second Wind"],"picked":"hierophant:Patience","floor":10},{"not_picked":["Uppercut","Combust","ReplayTheSpireMod:Limb From Limb"],"picked":"hierophant:OrnateBuckler","floor":11},{"not_picked":["Havoc","hierophant:FlamingChariot","hubris:ReadiedAction"],"picked":"hierophant:Zeal","floor":13},{"not_picked":["hierophant:AuricBeam","hierophant:Shelter","Sentinel"],"picked":"hierophant:Flagellation","floor":15}],"player_experience":95346,"relics_obtained":[{"floor":5,"key":"Dream Catcher"},{"floor":7,"key":"Replay:Bandana"}],"event_choices":[{"damage_healed":0,"gold_gain":100,"player_choice":"Gold","damage_taken":0,"max_hp_gain":0,"max_hp_loss":0,"event_name":"Wheel of Change","floor":12,"gold_loss":0},{"cards_removed":["hierophant:Defend_Hierophant"],"damage_healed":0,"gold_gain":0,"player_choice":"Card Removal","damage_taken":0,"max_hp_gain":0,"max_hp_loss":0,"event_name":"The Cleric","floor":14,"gold_loss":0}],"is_beta":false,"boss_relics":[],"items_purged_floors":[13],"is_endless":false,"potions_floor_spawned":[4,11,15],"killed_by":"downfall:Watcher","ascension_level":0}}