{"host":"a1eatafr7pisesky","time":1608476374,"event":{"mods":["BaseMod","Colored Map","DeckTracker","Highlight Path","Keyboard Shortcuts","Minty Spire (QoL Compilation)","Permanent Neow","Random Character Button","StSLib","SuperFastMode","everything is the same but u backflip on backflip"],"gold_per_floor":[113,129,139,151,171,201,201,236,312,312,312,337,349,360,360,461,461,478,403,418,432,288,315,327,356,356,356,271,301,301,372,372,477,477,488,369,379,429,130,130,162,162,186,186,186,213,213,226,226,226,226,226,54,88,88],"floor_reached":56,"playtime":2424,"items_purged":["Strike_P","Defend_P","Defend_P+1","Strike_P"],"score":1452,"play_id":"52a35b50-d6c7-44e0-b116-275a493d1a42","local_time":"20201220235934","is_ascension_mode":true,"campfire_choices":[{"floor":7.0,"key":"REST"},{"floor":11.0,"key":"REST"},{"data":"Meditate","floor":15.0,"key":"SMITH"},{"floor":27.0,"key":"REST"},{"floor":30.0,"key":"REST"},{"floor":32.0,"key":"RECALL"},{"data":"MentalFortress","floor":40.0,"key":"SMITH"},{"floor":44.0,"key":"REST"},{"floor":49.0,"key":"REST"},{"data":"Scrawl","floor":52.0,"key":"SMITH"}],"circlet_count":0,"master_deck":["Strike_P+1","Strike_P","Defend_P+1","Eruption+1","Indignation+1","Meditate+1","FlurryOfBlows+1","Halt+1","CutThroughFate+1","SashWhip+1","FlurryOfBlows+1","LessonLearned+1","FollowUp+1","TalkToTheHand+1","FearNoEvil+1","Vengeance","Scrawl+1","Halt+1","MentalFortress+1"],"relics":["PureWater","Molten Egg 2","Potion Belt","InkBottle","Bag of Preparation","CloakClasp","Black Star","Smiling Mask","White Beast Statue","Regal Pillow","Meat on the Bone","Omamori","Blood Vial","Bottled Lightning","Akabeko","Singing Bowl","SacredBark","Gambling Chip","Sundial","Toxic Egg 2","CeramicFish","Thread and Needle","CaptainsWheel","Mercury Hourglass","Eternal Feather","Bag of Marbles"],"acts_visited":["Exordium","TheCity","TheBeyond","TheEnding"],"potions_floor_usage":[55,55,55,55],"damage_taken":[{"damage":0.0,"enemies":"Cultist","floor":1.0,"turns":3.0},{"damage":0.0,"enemies":"2 Louse","floor":2.0,"turns":2.0},{"damage":11.0,"enemies":"Small Slimes","floor":3.0,"turns":2.0},{"damage":22.0,"enemies":"Blue Slaver","floor":4.0,"turns":4.0},{"damage":11.0,"enemies":"Looter","floor":5.0,"turns":2.0},{"damage":10.0,"enemies":"Lagavulin","floor":6.0,"turns":4.0},{"damage":4.0,"enemies":"Gremlin Nob","floor":8.0,"turns":3.0},{"damage":29.0,"enemies":"Lagavulin","floor":12.0,"turns":5.0},{"damage":0.0,"enemies":"Large Slime","floor":13.0,"turns":5.0},{"damage":0.0,"enemies":"Exordium Thugs","floor":14.0,"turns":2.0},{"damage":17.0,"enemies":"The Guardian","floor":16.0,"turns":11.0},{"damage":13.0,"enemies":"3 Byrds","floor":18.0,"turns":4.0},{"damage":0.0,"enemies":"Spheric Guardian","floor":20.0,"turns":1.0},{"damage":3.0,"enemies":"Shelled Parasite and Fungi","floor":21.0,"turns":3.0},{"damage":27.0,"enemies":"Slavers","floor":23.0,"turns":5.0},{"damage":8.0,"enemies":"Centurion and Healer","floor":24.0,"turns":3.0},{"damage":8.0,"enemies":"Book of Stabbing","floor":25.0,"turns":4.0},{"damage":27.0,"enemies":"Slavers","floor":29.0,"turns":3.0},{"damage":49.0,"enemies":"Automaton","floor":33.0,"turns":9.0},{"damage":15.0,"enemies":"3 Shapes","floor":35.0,"turns":5.0},{"damage":2.0,"enemies":"Orb Walker","floor":37.0,"turns":3.0},{"damage":21.0,"enemies":"2 Orb Walkers","floor":38.0,"turns":4.0},{"damage":19.0,"enemies":"Giant Head","floor":41.0,"turns":6.0},{"damage":29.0,"enemies":"Nemesis","floor":46.0,"turns":7.0},{"damage":0.0,"enemies":"Sphere and 2 Shapes","floor":48.0,"turns":2.0},{"damage":61.0,"enemies":"Donu and Deca","floor":50.0,"turns":8.0},{"damage":23.0,"enemies":"Shield and Spear","floor":54.0,"turns":3.0},{"damage":1,"enemies":"The Heart","floor":55,"turns":6}],"seed_played":"3641758537469718632","potions_obtained":[{"floor":4.0,"key":"Energy Potion"},{"floor":5.0,"key":"Ancient Potion"},{"floor":6.0,"key":"SkillPotion"},{"floor":8.0,"key":"LiquidMemories"},{"floor":14.0,"key":"Energy Potion"},{"floor":18.0,"key":"AttackPotion"},{"floor":24.0,"key":"Swift Potion"},{"floor":33.0,"key":"DuplicationPotion"},{"floor":35.0,"key":"GamblersBrew"},{"floor":37.0,"key":"Block Potion"},{"floor":38.0,"key":"Swift Potion"},{"floor":41.0,"key":"SkillPotion"},{"floor":46.0,"key":"Strength Potion"},{"floor":48.0,"key":"StancePotion"},{"floor":54.0,"key":"Energy Potion"}],"is_trial":false,"path_per_floor":["M","M","M","M","M","E","R","E","T","T","R","E","M","M","R","B",null,"M","?","M","M","$","E","M","E","T","R","?","E","R","T","R","B",null,"M","$","M","?","$","R","E","?","T","R","?","E","T","M","R","B",null,"R","$","E","B",null],"character_chosen":"WATCHER","items_purchased":["TalkToTheHand+1","MentalFortress","Sundial","DistilledChaos","Weak Potion"],"campfire_rested":6,"item_purchase_floors":[22,36,39,53,53],"current_hp_per_floor":[72,72,61,39,28,18,39,35,35,35,56,27,27,27,27,10,72,59,59,59,56,56,29,21,13,13,49,49,36,72,72,72,35,72,57,57,59,42,42,42,39,39,39,77,74,47,47,51,78,29,78,78,78,57,58],"gold":88,"neow_bonus":"UPGRADE_CARD","is_daily":false,"chose_seed":false,"campfire_upgraded":3,"win_rate":0.0,"timestamp":1608476374,"path_taken":["M","M","M","M","M","E","R","E","T","?","R","E","M","M","R","BOSS","M","?","M","M","$","E","M","E","T","R","?","E","R","?","R","BOSS","M","$","M","?","$","R","E","?","T","R","?","E","?","M","R","BOSS","R","$","E","BOSS"],"items_purchased_type":["Card","Card","Relic","Potion","Potion"],"build_version":"2020-12-13","purchased_purges":4,"victory":true,"max_hp_per_floor":[72,72,72,72,72,72,72,72,72,72,72,72,72,72,72,72,72,72,72,72,72,72,72,72,72,72,72,72,72,72,72,72,72,72,72,72,74,76,76,76,78,78,78,78,74,76,76,78,78,78,78,78,78,80,80],"card_choices":[{"not_picked":["Protect","ClearTheMind"],"picked":"Indignation","floor":1.0},{"not_picked":["Protect","PathToVictory","Evaluate"],"picked":"SKIP","floor":2.0},{"not_picked":["ClearTheMind","Evaluate"],"picked":"Meditate","floor":3.0},{"not_picked":["FlyingSleeves","Wish"],"picked":"FlurryOfBlows","floor":4.0},{"not_picked":["PathToVictory","Prostrate"],"picked":"Halt","floor":5.0},{"not_picked":["Protect","Evaluate"],"picked":"CutThroughFate+1","floor":6.0},{"not_picked":["Vault","InnerPeace","ClearTheMind"],"picked":"SKIP","floor":8.0},{"not_picked":["PathToVictory","Consecrate+1","Crescendo"],"picked":"SKIP","floor":12.0},{"not_picked":["Consecrate+1","ThirdEye"],"picked":"SashWhip+1","floor":13.0},{"not_picked":["ClearTheMind","FlyingSleeves+1"],"picked":"FlurryOfBlows+1","floor":14.0},{"not_picked":["DevaForm","Blasphemy"],"picked":"LessonLearned+1","floor":16.0},{"not_picked":["DeceiveReality","Collect+1","CrushJoints+1"],"picked":"SKIP","floor":18.0},{"not_picked":["WaveOfTheHand","Consecrate+1","ClearTheMind"],"picked":"SKIP","floor":20.0},{"not_picked":["Prostrate","SashWhip+1"],"picked":"FollowUp+1","floor":21.0},{"not_picked":["CutThroughFate+1","Crescendo","Conclude+1"],"picked":"SKIP","floor":23.0},{"not_picked":["ThirdEye+1","PathToVictory+1","Consecrate+1"],"picked":"SKIP","floor":24.0},{"not_picked":["Weave+1","Ragnarok+1"],"picked":"FearNoEvil+1","floor":25.0},{"not_picked":["BowlingBash+1","InnerPeace+1"],"picked":"Vengeance","floor":29.0},{"not_picked":["DeusExMachina","Omniscience"],"picked":"Scrawl","floor":33.0},{"not_picked":["FlyingSleeves+1","SashWhip+1"],"picked":"Halt","floor":35.0},{"not_picked":["Weave+1","Protect","JustLucky+1"],"picked":"Singing Bowl","floor":37.0},{"not_picked":["Evaluate","ThirdEye","DeceiveReality"],"picked":"Singing Bowl","floor":38.0},{"not_picked":["Conclude+1","EmptyFist+1","CutThroughFate+1"],"picked":"Singing Bowl","floor":41.0},{"not_picked":["Weave+1","Scrawl+1","SashWhip+1"],"picked":"Singing Bowl","floor":46.0},{"not_picked":["Collect+1","BattleHymn+1","Evaluate+1"],"picked":"Singing Bowl","floor":48.0},{"not_picked":["ClearTheMind+1","Evaluate+1","Blasphemy+1"],"picked":"Singing Bowl","floor":54.0}],"player_experience":227594,"relics_obtained":[{"floor":6.0,"key":"Molten Egg 2"},{"floor":8.0,"key":"Potion Belt"},{"floor":9.0,"key":"InkBottle"},{"floor":10.0,"key":"Bag of Preparation"},{"floor":12.0,"key":"CloakClasp"},{"floor":23.0,"key":"Smiling Mask"},{"floor":23.0,"key":"White Beast Statue"},{"floor":25.0,"key":"Regal Pillow"},{"floor":25.0,"key":"Meat on the Bone"},{"floor":26.0,"key":"Omamori"},{"floor":29.0,"key":"Bottled Lightning"},{"floor":29.0,"key":"Akabeko"},{"floor":31.0,"key":"Singing Bowl"},{"floor":38.0,"key":"Gambling Chip"},{"floor":41.0,"key":"Toxic Egg 2"},{"floor":41.0,"key":"CeramicFish"},{"floor":46.0,"key":"Thread and Needle"},{"floor":46.0,"key":"CaptainsWheel"},{"floor":47.0,"key":"Mercury Hourglass"},{"floor":54.0,"key":"Eternal Feather"},{"floor":54.0,"key":"Bag of Marbles"}],"event_choices":[{"cards_removed":["Defend_P"],"damage_healed":0.0,"max_hp_gain":0.0,"max_hp_loss":0.0,"gold_gain":0.0,"event_name":"Beggar","player_choice":"Gave Gold","floor":19.0,"gold_loss":75.0,"damage_taken":0.0},{"damage_healed":0.0,"max_hp_gain":0.0,"max_hp_loss":0.0,"gold_gain":0.0,"event_name":"Addict","player_choice":"Obtained Relic","floor":28.0,"gold_loss":85.0,"damage_taken":0.0,"relics_obtained":["Blood Vial"]},{"damage_healed":0.0,"max_hp_gain":0.0,"max_hp_loss":0.0,"gold_gain":0.0,"event_name":"Mysterious Sphere","player_choice":"Fight","floor":38.0,"gold_loss":0.0,"damage_taken":0.0},{"cards_removed":["Vigilance"],"damage_healed":0.0,"max_hp_gain":0.0,"max_hp_loss":0.0,"gold_gain":0.0,"event_name":"Falling","player_choice":"Removed Skill","floor":42.0,"gold_loss":0.0,"damage_taken":0.0},{"damage_healed":0.0,"max_hp_gain":0.0,"max_hp_loss":4.0,"gold_gain":0.0,"event_name":"Winding Halls","player_choice":"Max HP","floor":45.0,"gold_loss":0.0,"damage_taken":0.0}],"is_beta":false,"boss_relics":[{"not_picked":["Snecko Eye","Sozu"],"picked":"Black Star"},{"not_picked":["VioletLotus","HolyWater"],"picked":"SacredBark"}],"items_purged_floors":[22,36,39,53],"is_endless":false,"potions_floor_spawned":[4,5,6,8,14,18,24,25,33,35,37,38,41,46,48,54],"ascension_level":3}}