{"host":"a5523bqxi3k68xf3","time":1608486668,"event":{"mods":["BaseMod","BetterRewards","Hermit","Koishi","Marisa????????","Minty Spire (QoL Compilation)","Quick Restart","Random Character Button","Relic Stats","Shop Mod","StSLib","The Animator","The Cursed","The Necromancer","The Servant 0.9.4"],"gold_per_floor":[127,139,139,139,151,193,204,204,275,275,275,287,287,95,95,201,201,214,236,7,7,24,24,24,40,340,370,370,370,370,391,391,497,522,546,640,215,297,297,297,378,378,482,507,528,159,222,303,303,327],"floor_reached":51,"playtime":2031,"items_purged":["animator:Defend","animator:Strike","animator:Strike"],"score":1316,"play_id":"4d69eeae-b140-4739-9684-93d9597978c0","local_time":"20201220185108","is_ascension_mode":true,"campfire_choices":[{"floor":8,"key":"REST"},{"floor":10,"key":"REST"},{"floor":15,"key":"REST"},{"data":"animator:Viivi","floor":23,"key":"SMITH"},{"floor":29,"key":"REST"},{"data":"animator:Biyorigo","floor":32,"key":"SMITH"},{"data":"animator:Darkness","floor":40,"key":"SMITH"},{"floor":42,"key":"REST"},{"data":"animator:Gilgamesh+9","floor":49,"key":"SMITH"}],"circlet_count":0,"master_deck":["animator:Strike_Konosuba","animator:Defend_Konosuba","animator:Defend+1","animator:Kazuma","animator:Aqua+1","animator:Emonzaemon+1","animator:Viivi+1","animator:MumenRider+1","animator:Mitsurugi+1","animator:Viivi+1","animator:Berserker+1","animator:Chris+1","animator:Biyorigo+1","animator:Darkness+1","animator:ElricEdward+1","animator:Mitsurugi+1","animator:Chris+1","animator:Gilgamesh+10","animator:Alexander+1","animator:Aqua+1","animator:Mitsurugi+1"],"relics":["animator:LivingPicture","animator:TheMissingPiece","animator:BattleDrones","animator:Buoy","Molten Egg 2","Bottled Lightning","Vajra","Busted Crown","Juzu Bracelet","Old Coin","Toxic Egg 2","Question Card","Empty Cage","Thread and Needle","Lee\u0027s Waffle","Red Skull","CatCart","Oddly Smooth Stone","The Courier","Akabeko","FossilizedHelix","Bottled Flame","Pocketwatch"],"acts_visited":["Exordium","TheCity","TheBeyond"],"potions_floor_usage":[25,31,36,36,50,50],"damage_taken":[{"damage":3,"enemies":"Jaw Worm","floor":1,"turns":6},{"damage":4,"enemies":"Cultist","floor":2,"turns":3},{"damage":0,"enemies":"2 Louse","floor":5,"turns":4},{"damage":26,"enemies":"3 Sentries","floor":6,"turns":10},{"damage":4,"enemies":"Large Slime","floor":7,"turns":5},{"damage":1,"enemies":"Blue Slaver","floor":12,"turns":3},{"damage":1,"enemies":"Slime Boss","floor":16,"turns":5},{"damage":0,"enemies":"Spheric Guardian","floor":18,"turns":3},{"damage":11,"enemies":"2 Thieves","floor":19,"turns":3},{"damage":5,"enemies":"Centurion and Healer","floor":22,"turns":4},{"damage":22,"enemies":"Snake Plant","floor":25,"turns":3},{"damage":0,"enemies":"Gremlin Leader","floor":27,"turns":4},{"damage":5,"enemies":"3 Cultists","floor":31,"turns":4},{"damage":15,"enemies":"Automaton","floor":33,"turns":6},{"damage":7,"enemies":"3 Shapes","floor":35,"turns":4},{"damage":66,"enemies":"2 Orb Walkers","floor":36,"turns":4},{"damage":10,"enemies":"Orin","floor":38,"turns":7},{"damage":25,"enemies":"Giant Head","floor":41,"turns":6},{"damage":11,"enemies":"Orb Walker","floor":45,"turns":2},{"damage":0,"enemies":"Reptomancer","floor":47,"turns":4},{"damage":0,"enemies":"Mind Bloom Boss Battle","floor":48,"turns":2},{"damage":132,"enemies":"Time Eater","floor":50,"turns":8}],"seed_played":"7325650962120937125","potions_obtained":[{"floor":1,"key":"FairyPotion"},{"floor":7,"key":"Fire Potion"},{"floor":18,"key":"Weak Potion"},{"floor":31,"key":"Fire Potion"},{"floor":33,"key":"ColorlessPotion"},{"floor":35,"key":"Fruit Juice"},{"floor":36,"key":"SteroidPotion"},{"floor":41,"key":"SteroidPotion"}],"is_trial":false,"path_per_floor":["M","M","$","?","M","E","M","R","T","R","?","M","?","$","R","B",null,"M","M","$","?","M","R","?","M","T","E","?","R","?","M","R","B",null,"M","?","$","?","?","R","E","R","T","T","M","$","E","?","R","B",null],"character_chosen":"THE_ANIMATOR","items_purchased":["animator:BattleDrones","animator:Buoy","animator:Emonzaemon","Vajra","animator:Chris+1","Juzu Bracelet","Lee\u0027s Waffle","Red Skull","animator:Alexander+1","FossilizedHelix","animator:Mitsurugi+1"],"campfire_rested":5,"item_purchase_floors":[0,0,0,14,14,20,37,37,37,46,46],"current_hp_per_floor":[42,40,40,40,42,18,16,35,35,54,41,43,43,43,62,64,66,66,56,56,56,54,54,54,35,35,38,38,58,58,56,56,44,61,57,21,79,69,69,69,47,70,70,70,62,62,68,71,71,3],"gold":327,"neow_bonus":"","is_daily":false,"chose_seed":false,"campfire_upgraded":4,"win_rate":0.0,"timestamp":1608486668,"path_taken":["M","M","$","?","?","E","M","R","T","R","?","M","?","?","R","BOSS","M","M","$","?","M","R","?","M","T","E","?","R","?","M","R","BOSS","M","?","$","?","?","R","E","R","T","?","M","$","E","?","R","BOSS"],"items_purchased_type":["Relic","Relic","Card","Relic","Card","Relic","Relic","Relic","Card","Relic","Card"],"build_version":"2020-12-13","purchased_purges":3,"victory":true,"max_hp_per_floor":[66,66,66,66,66,66,66,66,66,66,66,66,66,66,66,66,66,66,67,67,67,67,67,67,67,67,67,67,67,67,67,67,67,67,67,72,79,79,79,79,79,79,79,79,79,79,79,79,79,79],"relic_stats":{"Lee\u0027s Waffle":114,"Busted Crown":64,"counters":[68,304],"Juzu Bracelet":7,"Question Card":21,"obtain_stats":[{"Gremlin Horn":8,"Vajra":37,"animator:RacePiece":17,"Old Coin":26,"Blood Vial":24,"HornCleat":31,"Toxic Egg 2":27,"Happy Flower":43,"animator:BattleDrones":13,"Oddly Smooth Stone":14,"Paper Crane":27,"Question Card":10,"Akabeko":5,"Runic Dome":34,"Bottled Flame":47,"Bronze Scales":10,"MutagenicStrength":28,"Molten Egg 2":0,"CatCart":38,"Pocketwatch":48,"animator:ShionDessert":19,"Regal Pillow":40,"animator:TheMissingPiece":0,"SacredBark":17,"Enchiridion":20,"Juzu Bracelet":20,"Ancient Tea Set":6,"Empty Cage":34,"ClockworkSouvenir":0,"Nunchaku":0,"Tiny Chest":6,"WingedGreaves":10,"InkBottle":9,"Red Skull":37,"Potion Belt":13,"animator:Buoy":0,"Lee\u0027s Waffle":37,"Thread and Needle":36,"PreservedInsect":12,"The Courier":43,"Frozen Egg 2":28,"MawBank":26,"White Beast Statue":25,"Peace Pipe":42,"Busted Crown":17,"animator:LivingPicture":0,"Bag of Marbles":12,"Bottled Lightning":9,"FossilizedHelix":46},{"Gremlin Horn":25,"Vajra":12,"animator:RacePiece":28,"Old Coin":57,"Blood Vial":8,"HornCleat":9,"Toxic Egg 2":58,"Happy Flower":15,"animator:BattleDrones":38,"Oddly Smooth Stone":27,"Paper Crane":8,"Question Card":26,"Akabeko":2,"Runic Dome":10,"Bottled Flame":66,"Bronze Scales":4,"MutagenicStrength":45,"Molten Egg 2":19,"CatCart":63,"Pocketwatch":67,"animator:ShionDessert":7,"Regal Pillow":14,"animator:TheMissingPiece":0,"SacredBark":6,"Enchiridion":7,"Juzu Bracelet":55,"Ancient Tea Set":24,"Empty Cage":60,"ClockworkSouvenir":31,"Nunchaku":19,"Tiny Chest":3,"WingedGreaves":36,"InkBottle":3,"Red Skull":62,"Potion Belt":26,"animator:Buoy":46,"Lee\u0027s Waffle":62,"Thread and Needle":62,"PreservedInsect":26,"The Courier":64,"Frozen Egg 2":8,"MawBank":8,"White Beast Statue":44,"Peace Pipe":15,"Busted Crown":53,"animator:LivingPicture":0,"Bag of Marbles":5,"Bottled Lightning":51,"FossilizedHelix":65},{"Gremlin Horn":118,"Vajra":59,"animator:RacePiece":131,"Old Coin":253,"Blood Vial":40,"HornCleat":43,"Toxic Egg 2":257,"Happy Flower":76,"animator:BattleDrones":162,"Oddly Smooth Stone":124,"Paper Crane":40,"Question Card":121,"Akabeko":10,"Runic Dome":52,"Bottled Flame":294,"Bronze Scales":20,"MutagenicStrength":194,"Molten Egg 2":93,"CatCart":282,"Pocketwatch":296,"animator:ShionDessert":36,"Regal Pillow":71,"animator:TheMissingPiece":0,"SacredBark":33,"Enchiridion":36,"Juzu Bracelet":246,"Ancient Tea Set":113,"Empty Cage":267,"ClockworkSouvenir":139,"Nunchaku":93,"Tiny Chest":16,"WingedGreaves":157,"InkBottle":16,"Red Skull":275,"Potion Belt":121,"animator:Buoy":204,"Lee\u0027s Waffle":275,"Thread and Needle":275,"PreservedInsect":121,"The Courier":288,"Frozen Egg 2":40,"MawBank":40,"White Beast Statue":190,"Peace Pipe":76,"Busted Crown":240,"animator:LivingPicture":0,"Bag of Marbles":22,"Bottled Lightning":232,"FossilizedHelix":290}],"Pocketwatch":[6]},"card_choices":[{"not_picked":["animator:Bozes","animator:ElricAlphonse"],"picked":"animator:Viivi","floor":1},{"not_picked":["animator:Assassin","animator:TukaLunaMarceau"],"picked":"animator:MumenRider","floor":2},{"not_picked":["animator:Scar","animator:WinryRockbell","animator:Verdia"],"picked":"SKIP","floor":5},{"not_picked":["animator:Vanir+1","animator:Verdia"],"picked":"animator:Mitsurugi+1","floor":6},{"not_picked":["animator:Fredrika","animator:Verdia"],"picked":"animator:Viivi+1","floor":7},{"not_picked":["animator:SilverFang","animator:Konayuki"],"picked":"animator:Berserker+1","floor":12},{"not_picked":["animator:Gilgamesh+1","animator:AcuraShin+1"],"picked":"animator:Biyorigo","floor":16},{"not_picked":["animator:MaesHughes"],"picked":"SKIP","floor":18},{"not_picked":[],"picked":"animator:Darkness","floor":19},{"not_picked":["animator:MaesHughes"],"picked":"SKIP","floor":22},{"not_picked":["animator:Berserker+1"],"picked":"SKIP","floor":25},{"not_picked":[],"picked":"animator:Mitsurugi+1","floor":27},{"not_picked":["animator:Aqua+1"],"picked":"animator:Chris+1","floor":31},{"not_picked":["animator:PinaCoLada"],"picked":"animator:Gilgamesh+1","floor":33},{"not_picked":["animator:Chris+1","animator:ElricAlphonse+1"],"picked":"SKIP","floor":35},{"not_picked":["animator:Vanir+1","animator:Rider+1"],"picked":"SKIP","floor":41},{"not_picked":["animator:Kazuma+1"],"picked":"animator:Aqua+1","floor":45},{"not_picked":["animator:Shichika+1","animator:Togame+1"],"picked":"SKIP","floor":47}],"player_experience":1671166,"relics_obtained":[{"floor":6,"key":"Molten Egg 2"},{"floor":9,"key":"Bottled Lightning"},{"floor":26,"key":"Old Coin"},{"floor":27,"key":"Toxic Egg 2"},{"floor":36,"key":"Thread and Needle"},{"floor":38,"key":"CatCart"},{"floor":41,"key":"Oddly Smooth Stone"},{"floor":43,"key":"The Courier"},{"floor":44,"key":"Akabeko"},{"floor":47,"key":"Bottled Flame"},{"floor":48,"key":"Pocketwatch"}],"event_choices":[{"damage_healed":0,"gold_gain":0,"player_choice":"Upgraded","damage_taken":0,"max_hp_gain":0,"max_hp_loss":0,"event_name":"Upgrade Shrine","floor":4,"gold_loss":0,"cards_upgraded":["animator:MumenRider"]},{"damage_healed":0,"gold_gain":0,"player_choice":"Entered Light","damage_taken":13,"max_hp_gain":0,"max_hp_loss":0,"event_name":"Shining Light","floor":11,"gold_loss":0,"cards_upgraded":["animator:Defend","animator:Aqua"]},{"damage_healed":0,"gold_gain":0,"player_choice":"Grow","damage_taken":0,"max_hp_gain":0,"max_hp_loss":0,"event_name":"Living Wall","floor":13,"gold_loss":0,"cards_upgraded":["animator:Emonzaemon"]},{"damage_healed":0,"gold_gain":0,"player_choice":"Read","damage_taken":0,"max_hp_gain":0,"max_hp_loss":0,"event_name":"The Library","floor":24,"gold_loss":0,"cards_obtained":["animator:ElricEdward"]},{"damage_healed":0,"gold_gain":0,"player_choice":"Opened","damage_taken":0,"relics_obtained":["Question Card"],"max_hp_gain":0,"max_hp_loss":0,"event_name":"The Mausoleum","floor":28,"gold_loss":0,"cards_obtained":["Writhe"]},{"cards_removed":["Writhe"],"damage_healed":0,"gold_gain":0,"player_choice":"Elegance","damage_taken":0,"max_hp_gain":0,"max_hp_loss":0,"event_name":"Back to Basics","floor":30,"gold_loss":0},{"damage_healed":0,"gold_gain":0,"player_choice":"Fight","damage_taken":0,"max_hp_gain":0,"max_hp_loss":0,"event_name":"Mysterious Sphere","floor":36,"gold_loss":0},{"damage_healed":0,"gold_gain":0,"player_choice":"Fight","damage_taken":0,"max_hp_gain":0,"max_hp_loss":0,"event_name":"OrinTheCat","floor":38,"gold_loss":0},{"damage_healed":0,"gold_gain":0,"player_choice":"Ignored","damage_taken":0,"max_hp_gain":0,"max_hp_loss":0,"event_name":"Tomb of Lord Red Mask","floor":39,"gold_loss":0},{"damage_healed":0,"gold_gain":0,"player_choice":"Fight","damage_taken":0,"max_hp_gain":0,"max_hp_loss":0,"event_name":"MindBloom","floor":48,"gold_loss":0}],"is_beta":false,"boss_relics":[{"not_picked":["SlaversCollar","Tiny House"],"picked":"Busted Crown"},{"not_picked":["Calling Bell","Mark of Pain"],"picked":"Empty Cage"}],"items_purged_floors":[20,37,46],"is_endless":false,"potions_floor_spawned":[1,7,18,31,33,35,36,41],"ascension_level":7}}