{"host":"nx6ib2o6hmd449ys","time":1608440926,"event":{"mods":["2.2 Compatiblity","Act Like it!","Aspiration","BaseMod","Better Silent Start","Better Third Choice","BetterRewards","CCEM","Colored Powertips","Conjunction","Conspire","Downfall","Energized Spire","Gensokyo","GifTheSpireLib","GungeonMod","Halation","Hallownest","Hubris","Infinite Spire","Jedi Mod","Lobotomy","LobotomyExtend","Marisa????????","Minty Spire (QoL Compilation)","MostiFishMod","Quick Restart","RRrroohrrRGHHhhh!!","Rare Cards Sparkle","RatMod","Replay The Spire","RumiaBox-????????","Shop Mod","Small Relic Pack","Spicy Shops","Spikes Relics","StSLib","Stuff the Spire","TestMod","The Blue Laboratory","The Dragon Tamer","The Exalted","The Jungle","TheWitcher","Wandering Minibosses","[IsaacMod]????","noobMod","vexMod","??????REMEMod"],"gold_per_floor":[3,110,142,142,142,142,142,167,167,201,212,95,126,176,192,287,387,387,420,420,18,684,609,609,637,637,662,762,779,792,804,1589,1693,1693,1563,1563,2381,2399,2419,2396,2396,2396,2421,2421,2521,2531,1563,1582,1595,1595,1595,1595,1626,1446,1446,1545],"floor_reached":57,"playtime":3317,"items_purged":["StuffTheSpire:CuriosityCurse","Decay"],"score":1534,"play_id":"4db376fd-c772-4f21-895c-66efcc2d6fff","local_time":"20201220060846","is_ascension_mode":true,"campfire_choices":[{"data":"Guardian:TwinSlam","floor":1.0,"key":"SMITH"},{"floor":6.0,"key":"REST"},{"data":"Guardian:Harden","floor":9.0,"key":"SMITH"},{"data":"Guardian:PolyBeam","floor":18.0,"key":"SMITH"},{"floor":20.0,"key":"RECALL"},{"data":"ReplayTheSpireMod:Black Plague","floor":23.0,"key":"SMITH"},{"data":"Reaper","floor":42.0,"key":"SMITH"},{"floor":44.0,"key":"REST"},{"data":"Slimebound:GoopSpray","floor":55.0,"key":"SMITH"}],"circlet_count":0,"master_deck":["Guardian:Strike_Guardian","Guardian:Strike_Guardian","Guardian:Strike_Guardian","Guardian:Strike_Guardian","Guardian:Defend_Guardian","Guardian:Defend_Guardian","Guardian:Defend_Guardian","Guardian:Defend_Guardian","Guardian:CurlUp","Guardian:TwinSlam+1","Guardian:Harden+1","Guardian:TimeBomb","Guardian:Incinerate","Guardian:SpikerProtocol","Guardian:PolyBeam+1","Guardian:RollAttack","Guardian:ChargeCore","Guardian:TimeSifter","ReplayTheSpireMod:Black Plague+1","sneckomod:UnknownClassHEXA_GHOST_PURPLE+1","hexamod:Incineration+1","StuffTheSpire:Incineration","StuffTheSpire:Incineration","SnafuTest:SignIgni+1","expansioncontent:GoopSpray","Spot Weakness","StuffTheSpire:Incineration","Cold Snap+1","Reaper+1","SnafuTest:Kick+1","Pommel Strike","Whirlwind","Slimebound:GoopSpray+1","sneckomod:UnknownClassBLESSING"],"relics":["Guardian:ModeShifter","HushsDoor","DaveBox","testmod-TestBox","SteamSale","NightmareShop","testmod-Hope","Orichalcum","rat:PhantomDancer","ReplayTheSpireMod:Lightbulb","halation:Trompette","StuffTheSpire:DarkSteelAnvil","testmod-DragonStarHat","LetterFromLob","testmod-BouquetWithThorns","StuffTheSpire:Tea","Gensokyo:OccultBall","vexMod:CardConverter","SentryEyes","testmod-ThousandKnives","Replay:WaspNest","SynthV:C4","ImportantClient","Replay:Wanted Poster","halation:TwoAmDonut","StuffTheSpire:ForceGauntlet","PrismaticShard","testmod-Faith","vexMod:RockOfEvil","downfall:HeartBlessingRed","infinitespire:Joker Card","ReplayTheSpireMod:Ring of Collecting","hubris:DisguiseKit","wanderingMiniBosses:AbyssPearl","aspiration:PoetsPen","GuppysHairball","downfall:HeartBlessingBlue","downfall:HeartBlessingGreen","hubris:Icosahedron","vexMod:ScavengeHelm","Ring of Misfortune","Snack Pack","DemoMod:GlassGuonStoneRelic","Ccalipers","testmod-Charity","DemoMod:BlueGuonStone","CCEMRelics:TinyMinotavrHorn","CaptainsWheel","AnarchistCookbook","halation:Thesaurus","Bottled Flame","infinitespire:Lucky Rock","Vajra","LastBattle","Lee\u0027s Waffle"],"acts_visited":["Gensokyo:Gensokyo","TheCity","TheBeyond","TheEnding"],"potions_floor_usage":[],"damage_taken":[{"damage":0.0,"enemies":"Gensokyo:Python","floor":2.0,"turns":3.0},{"damage":5.0,"enemies":"Gensokyo:Cirno","floor":3.0,"turns":7.0},{"damage":2.0,"enemies":"Gensokyo:Mamizou","floor":8.0,"turns":10.0},{"damage":4.0,"enemies":"Gensokyo:Cirno","floor":10.0,"turns":5.0},{"damage":0.0,"enemies":"Gensokyo:3_Fairies","floor":11.0,"turns":2.0},{"damage":5.0,"enemies":"downfall:FleeingMerchant","floor":12.0,"turns":5.0},{"damage":0.0,"enemies":"Hiden Room Battle","floor":14.0,"turns":2.0},{"damage":0.0,"enemies":"Gensokyo:2_Kodama","floor":15.0,"turns":1.0},{"damage":28.0,"enemies":"downfall:Silent","floor":16.0,"turns":3.0},{"damage":0.0,"enemies":"Nightmare","floor":19.0,"turns":4.0},{"damage":6.0,"enemies":"downfall:FleeingMerchant","floor":21.0,"turns":4.0},{"damage":0.0,"enemies":"conspire:Head Lice","floor":25.0,"turns":3.0},{"damage":0.0,"enemies":"Replay:Snechameleon","floor":27.0,"turns":1.0},{"damage":0.0,"enemies":"3 Byrds","floor":29.0,"turns":1.0},{"damage":0.0,"enemies":"Spheric Guardian","floor":30.0,"turns":1.0},{"damage":0.0,"enemies":"Snecko","floor":31.0,"turns":2.0},{"damage":55.0,"enemies":"3 Cultists","floor":32.0,"turns":2.0},{"damage":0.0,"enemies":"downfall:Watcher","floor":33.0,"turns":2.0},{"damage":0.0,"enemies":"downfall:Watcher","floor":35.0,"turns":1.0},{"damage":57.0,"enemies":"3 Darklings","floor":37.0,"turns":1.0},{"damage":0.0,"enemies":"Writhing Mass","floor":38.0,"turns":2.0},{"damage":15.0,"enemies":"Transient","floor":39.0,"turns":5.0},{"damage":12.0,"enemies":"R_Hoarder","floor":40.0,"turns":3.0},{"damage":0.0,"enemies":"Giant Head","floor":43.0,"turns":1.0},{"damage":0.0,"enemies":"Maw","floor":46.0,"turns":2.0},{"damage":0.0,"enemies":"downfall:FleeingMerchant","floor":47.0,"turns":1.0},{"damage":0.0,"enemies":"Writhing Mass","floor":48.0,"turns":2.0},{"damage":0.0,"enemies":"Jaw Worm Horde","floor":49.0,"turns":1.0},{"damage":0.0,"enemies":"downfall:Ironclad","floor":50.0,"turns":1.0},{"damage":0.0,"enemies":"downfall:CharBossMerchant","floor":53.0,"turns":2.0},{"damage":0,"enemies":"Delirium","floor":56,"turns":8}],"seed_played":"-5578417654268339979","potions_obtained":[{"floor":11.0,"key":"SkillPotion"},{"floor":13.0,"key":"CultistPotion"},{"floor":13.0,"key":"Regen Potion"},{"floor":31.0,"key":"FearPotion"},{"floor":33.0,"key":"AttackPotion"},{"floor":43.0,"key":"Fire Potion"}],"is_trial":false,"path_per_floor":["R","M","E","?","?","R","T","E","R","E","M","$","?","?","M","B",null,"R","NM","R","$","AVR","R","T","E","?","E","?","M","M","M","M","B",null,"R","?","M","M","M","E","T","R","E","R","?","M","$","M","M","B",null,null,"E","$","R","B",null],"character_chosen":"GUARDIAN","items_purchased":["Orichalcum","rat:PhantomDancer","ReplayTheSpireMod:Lightbulb","StuffTheSpire:DarkSteelAnvil","testmod-DragonStarHat","testmod-ThousandKnives","StuffTheSpire:ForceGauntlet","PrismaticShard","GuppysHairball","testmod-Charity","DemoMod:BlueGuonStone","CCEMRelics:TinyMinotavrHorn","CaptainsWheel","AnarchistCookbook","halation:Thesaurus","Vajra","LastBattle","Lee\u0027s Waffle"],"campfire_rested":2,"item_purchase_floors":[0,0,0,0,0,12,21,21,34,47,47,47,47,47,47,54,54,54],"current_hp_per_floor":[44,44,39,39,39,63,63,63,63,59,61,58,60,47,59,38,94,94,96,96,92,94,94,94,96,96,98,98,106,108,110,57,57,102,114,114,59,61,46,36,36,36,38,74,74,76,78,95,130,130,130,130,133,142,142,143],"gold":1545,"neow_bonus":"","is_daily":false,"chose_seed":false,"campfire_upgraded":6,"win_rate":0.0,"timestamp":1608440926,"path_taken":["R","?","E","?","?","R","T","E","R","E","?","$","?","?","M","BOSS","R","NM","R","$","AVR","R","T","E","?","E","?","M","M","M","M","BOSS","R","?","M","M","?","E","T","R","E","R","?","M","$","M","M","BOSS","E","$","R","BOSS"],"items_purchased_type":["Relic","Relic","Relic","Relic","Relic","Relic","Relic","Relic","Relic","Relic","Relic","Relic","Relic","Relic","Relic","Relic","Relic","Relic"],"build_version":"2020-12-13","purchased_purges":2,"victory":true,"max_hp_per_floor":[80,80,80,80,80,80,80,82,82,82,84,86,88,90,92,94,94,94,96,96,98,100,100,100,102,102,104,104,106,108,110,112,112,102,114,114,116,118,118,120,120,120,120,120,120,122,124,127,130,130,130,130,133,142,142,143],"card_choices":[{"not_picked":[],"picked":"Bomb","floor":0.0},{"not_picked":["Guardian:ShieldSpikes","Guardian:PiercingHide"],"picked":"Guardian:GuardianWhirl","floor":2.0},{"not_picked":["Guardian:Gem_Green","Guardian:Gem_Cyan"],"picked":"Guardian:Harden","floor":3.0},{"not_picked":["Guardian:GuardianWhirl","Guardian:DecasProtection"],"picked":"Guardian:TimeBomb","floor":8.0},{"not_picked":["Guardian:AncientConstruct","Guardian:Recover","Guardian:MultiBeam"],"picked":"SKIP","floor":10.0},{"not_picked":["Guardian:PrimingBeam","Guardian:TimeCapacitor"],"picked":"Guardian:Incinerate","floor":11.0},{"not_picked":["Guardian:PrimingBeam","Guardian:Preprogram"],"picked":"Guardian:SpikerProtocol","floor":12.0},{"not_picked":["Guardian:ShieldCharger","Guardian:PrismaticBarrier"],"picked":"Guardian:PolyBeam","floor":13.0},{"not_picked":["Guardian:Planning","Guardian:TemporalShield"],"picked":"Guardian:RollAttack","floor":14.0},{"not_picked":["Guardian:Incinerate","Guardian:ConstructionForm"],"picked":"Guardian:ChargeCore","floor":15.0},{"not_picked":["Guardian:ConstructionForm","Guardian:Gem_Synthetic"],"picked":"Guardian:TimeSifter","floor":16.0},{"not_picked":["Guardian:PiercingHide","Guardian:Gem_Cyan"],"picked":"Guardian:Gem_Fragmented","floor":19.0},{"not_picked":["Guardian:ChargeCore","Guardian:Gem_Purple"],"picked":"Guardian:Gem_Cyan","floor":21.0},{"not_picked":["SnafuTest:Kick","testmod-HeadAttack"],"picked":"sneckomod:UnknownClassHEXA_GHOST_PURPLE+1","floor":25.0},{"not_picked":["Reboot","sneckomod:DiceBlock"],"picked":"hexamod:Incineration+1","floor":27.0},{"not_picked":["Guardian:Suspension","Forethought+1","DemoMod:BattleInHaste"],"picked":"StuffTheSpire:Incineration","floor":29.0},{"not_picked":["EmptyFist","DemoMod:ConditionalReflex","SnafuTest:SmashingSlash"],"picked":"StuffTheSpire:Incineration","floor":30.0},{"not_picked":["Impatience+1","MostiFishMod:Minus","Warcry"],"picked":"SnafuTest:SignIgni+1","floor":31.0},{"not_picked":["SnafuTest:FlashingRaid","SnafuTest:Shooting","Defy Death"],"picked":"expansioncontent:GoopSpray","floor":32.0},{"not_picked":["SnafuTest:PowerAlwaysAWay+1","Clothesline","sneckomod:UnknownVulnerable+1"],"picked":"Spot Weakness","floor":35.0},{"not_picked":["expansioncontent:Flail","testmod-Mystery","rat:FanOfKnives"],"picked":"StuffTheSpire:Incineration","floor":37.0},{"not_picked":["Replay:ManipulateFuture","Replay:SS_forest_2","Sword Boomerang"],"picked":"Cold Snap+1","floor":38.0},{"not_picked":["DemoMod:ProbeStrike","Redo+1","Noise","Wild Strike"],"picked":"SKIP","floor":39.0},{"not_picked":["Trip","DTMod:MagicField+1","Pommel Strike"],"picked":"Reaper","floor":40.0},{"not_picked":["Slimebound:SplitBruiser","Backflip+1","WaveOfTheHand+1","StuffTheSpire:RockThrow"],"picked":"SKIP","floor":43.0},{"not_picked":["StuffTheSpire:Plugnplay","Hologram+1","Blood for Blood"],"picked":"SnafuTest:Kick+1","floor":46.0},{"not_picked":["Iron Wave+1","hexamod:FastForward+1","MostiFishMod:FantasySummer"],"picked":"Pommel Strike","floor":47.0},{"not_picked":["rat:Shadowstep","DemoMod:HardPowerCard","SnafuTest:RecklessBlow"],"picked":"Whirlwind","floor":48.0},{"not_picked":["champ:BringItOn","StuffTheSpire:GlassShard","jedi:fear"],"picked":"Slimebound:GoopSpray","floor":49.0},{"not_picked":["hexamod:SpectersWail+1","Conjunction:LightningStorm","ReplayTheSpireMod:Limb From Limb"],"picked":"sneckomod:UnknownClassBLESSING","floor":53.0}],"player_experience":272663,"relics_obtained":[{"floor":2.0,"key":"LetterFromLob"},{"floor":3.0,"key":"testmod-BouquetWithThorns"},{"floor":7.0,"key":"vexMod:CardConverter"},{"floor":8.0,"key":"Gensokyo:OccultBall"},{"floor":8.0,"key":"hubris:Reverence"},{"floor":10.0,"key":"SentryEyes"},{"floor":14.0,"key":"Replay:WaspNest"},{"floor":14.0,"key":"SynthV:C4"},{"floor":16.0,"key":"Gensokyo:OccultBall"},{"floor":16.0,"key":"ImportantClient"},{"floor":19.0,"key":"halation:TwoAmDonut"},{"floor":21.0,"key":"Gensokyo:OccultBall"},{"floor":25.0,"key":"Gensokyo:OccultBall"},{"floor":25.0,"key":"infinitespire:Joker Card"},{"floor":26.0,"key":"ReplayTheSpireMod:Ring of Collecting"},{"floor":27.0,"key":"hubris:DisguiseKit"},{"floor":30.0,"key":"Gensokyo:OccultBall"},{"floor":32.0,"key":"wanderingMiniBosses:AbyssPearl"},{"floor":33.0,"key":"Gensokyo:OccultBall"},{"floor":35.0,"key":"Gensokyo:OccultBall"},{"floor":40.0,"key":"vexMod:ScavengeHelm"},{"floor":41.0,"key":"Ring of Misfortune"},{"floor":41.0,"key":"Snack Pack"},{"floor":43.0,"key":"Ccalipers"},{"floor":53.0,"key":"infinitespire:Lucky Rock"}],"event_choices":[{"damage_healed":0.0,"max_hp_gain":0.0,"max_hp_loss":0.0,"gold_gain":0.0,"event_name":"HidenRoomEvent","player_choice":"Fight","floor":14.0,"gold_loss":0.0,"damage_taken":0.0}],"is_beta":false,"boss_relics":[{"not_picked":["hubris:VirtuousBlindfold","halation:LoveArrow"],"picked":"Replay:Wanted Poster"},{"not_picked":[]},{"not_picked":["testmod-Nine","MoonlightInvasionPlan"],"picked":"aspiration:PoetsPen"},{"not_picked":[]}],"items_purged_floors":[22,54],"is_endless":false,"potions_floor_spawned":[11,14,15,31,32,33,35,43,48],"ascension_level":2}}