{"host":"8l1xuphorofpdxlv","time":1608471101,"event":{"mods":["AchievementEnabler","BaseMod","DeckTracker","Minty Spire (QoL Compilation)","Quick Restart","SuperFastMode"],"gold_per_floor":[111,127,127,127,4,4,29,29,56,74,90,106,106,106,106,229,229,254,76,76,89,104,138,138,162,162,182,201,24,24,37,37,37,37],"floor_reached":33,"playtime":1652,"items_purged":["Pain","Strike_G","Strike_G"],"score":309,"play_id":"e2d4e431-672d-4ea4-871d-9b3cb269a845","local_time":"20201220223141","is_ascension_mode":true,"campfire_choices":[{"data":"Prepared","floor":6,"key":"SMITH"},{"floor":8,"key":"REST"},{"data":"Dodge and Roll","floor":13,"key":"SMITH"},{"floor":15,"key":"REST"},{"floor":32,"key":"REST"}],"circlet_count":0,"master_deck":["Strike_G","Strike_G","Defend_G","Defend_G","Defend_G+1","Defend_G","Defend_G","Survivor","Neutralize","Backflip","Prepared+1","Acrobatics+1","Quick Slash+1","Finisher+1","Dodge and Roll+1","Venomology+1","All Out Attack+1","PiercingWail","Poisoned Stab+1","Dagger Spray+1","Dash+1","Noxious Fumes","Underhanded Strike+1","Underhanded Strike+1","Dagger Throw+1"],"relics":["Ring of the Snake","Molten Egg 2","WarpedTongs","Orichalcum","War Paint","Golden Idol","HoveringKite","Vajra","Question Card","Pen Nib"],"acts_visited":["Exordium","TheCity"],"potions_floor_usage":[18,18,21,21,23,23,25,27,28,33,33,33,33],"damage_taken":[{"damage":0,"enemies":"Cultist","floor":1,"turns":4},{"damage":12,"enemies":"Jaw Worm","floor":2,"turns":6},{"damage":41,"enemies":"3 Sentries","floor":7,"turns":13},{"damage":0,"enemies":"2 Louse","floor":10,"turns":2},{"damage":1,"enemies":"Blue Slaver","floor":11,"turns":3},{"damage":6,"enemies":"Lots of Slimes","floor":12,"turns":6},{"damage":27,"enemies":"The Guardian","floor":16,"turns":21},{"damage":3,"enemies":"3 Byrds","floor":18,"turns":7},{"damage":14,"enemies":"2 Thieves","floor":21,"turns":3},{"damage":14,"enemies":"Snake Plant","floor":22,"turns":5},{"damage":10,"enemies":"Slavers","floor":23,"turns":5},{"damage":3,"enemies":"Centurion and Healer","floor":25,"turns":6},{"damage":6,"enemies":"Chosen and Byrds","floor":27,"turns":5},{"damage":7,"enemies":"Snake Plant","floor":28,"turns":3},{"damage":0,"enemies":"Cultist and Chosen","floor":31,"turns":6},{"damage":67,"enemies":"Champ","floor":33,"turns":12}],"seed_played":"-4214729054970573974","potions_obtained":[{"floor":11,"key":"Energy Potion"},{"floor":16,"key":"Block Potion"},{"floor":22,"key":"Explosive Potion"},{"floor":25,"key":"SkillPotion"},{"floor":27,"key":"Poison Potion"}],"is_trial":false,"path_per_floor":["M","M","T","?","$","R","E","R","T","M","M","M","R","?","R","B",null,"M","$","?","M","M","E","?","M","T","M","M","$","?","M","R","B"],"character_chosen":"THE_SILENT","items_purchased":["Acrobatics","PiercingWail","Poisoned Stab+1","Dagger Throw+1"],"campfire_rested":3,"item_purchase_floors":[5,19,19,29],"current_hp_per_floor":[77,65,65,65,65,65,24,47,47,47,46,40,40,21,44,17,77,74,74,74,65,51,41,41,38,38,32,25,25,25,25,48,0,0],"gold":37,"neow_bonus":"TEN_PERCENT_HP_BONUS","is_daily":false,"chose_seed":false,"campfire_upgraded":2,"win_rate":0.0,"timestamp":1608471101,"path_taken":["M","?","?","?","$","R","E","R","T","?","M","M","R","?","R","BOSS","M","$","?","?","M","E","?","M","T","?","M","$","?","?","R","BOSS"],"items_purchased_type":["Card","Card","Card","Card"],"build_version":"2020-12-13","purchased_purges":3,"victory":false,"max_hp_per_floor":[77,77,77,77,77,77,77,77,77,77,77,77,77,77,77,77,77,77,77,77,77,77,77,77,77,77,77,77,77,77,77,77,77,77],"card_choices":[{"not_picked":["Prepared","Deadly Poison"],"picked":"Backflip","floor":1},{"not_picked":["Flying Knee","Dagger Throw"],"picked":"Prepared","floor":2},{"not_picked":["Slice+1","Backflip"],"picked":"Quick Slash+1","floor":7},{"not_picked":["Deadly Poison","Flechettes+1"],"picked":"Finisher+1","floor":10},{"not_picked":["Cloak And Dagger","Caltrops","Flying Knee+1"],"picked":"SKIP","floor":11},{"not_picked":["Slice+1","Cloak And Dagger"],"picked":"Dodge and Roll","floor":12},{"not_picked":["A Thousand Cuts","Bullet Time"],"picked":"Venomology","floor":16},{"not_picked":["Heel Hook+1","Skewer+1"],"picked":"All Out Attack+1","floor":18},{"not_picked":["Sucker Punch+1","Riddle With Holes+1"],"picked":"Dagger Spray+1","floor":21},{"not_picked":["Predator+1","Backflip","Caltrops"],"picked":"SKIP","floor":22},{"not_picked":["Poisoned Stab+1","Backflip"],"picked":"Dash+1","floor":23},{"not_picked":["Infinite Blades","Caltrops+1"],"picked":"Underhanded Strike+1","floor":25},{"not_picked":["Outmaneuver+1","Finisher+1","Storm of Steel","Sucker Punch+1"],"picked":"SKIP","floor":27},{"not_picked":["Prepared","Masterful Stab+1","Acrobatics"],"picked":"Underhanded Strike+1","floor":28},{"not_picked":["Dagger Spray+1","Finisher+1","Outmaneuver","Crippling Poison+1"],"picked":"SKIP","floor":31}],"player_experience":69374,"relics_obtained":[{"floor":3,"key":"Molten Egg 2"},{"floor":7,"key":"Orichalcum"},{"floor":9,"key":"War Paint"},{"floor":23,"key":"Vajra"},{"floor":26,"key":"Question Card"}],"event_choices":[{"damage_healed":0,"gold_gain":0,"player_choice":"Rummage","damage_taken":0,"relics_obtained":["WarpedTongs"],"max_hp_gain":0,"max_hp_loss":0,"event_name":"Accursed Blacksmith","floor":4,"gold_loss":0,"cards_obtained":["Pain"]},{"damage_healed":0,"gold_gain":0,"player_choice":"Take Damage","damage_taken":19,"relics_obtained":["Golden Idol"],"max_hp_gain":0,"max_hp_loss":0,"event_name":"Golden Idol","floor":14,"gold_loss":0},{"damage_healed":0,"gold_gain":0,"player_choice":"Upgraded","damage_taken":0,"max_hp_gain":0,"max_hp_loss":0,"event_name":"Upgrade Shrine","floor":20,"gold_loss":0,"cards_upgraded":["Venomology"]},{"damage_healed":0,"gold_gain":0,"cards_transformed":["Strike_G"],"player_choice":"Transformed","damage_taken":0,"max_hp_gain":0,"max_hp_loss":0,"event_name":"Transmorgrifier","floor":24,"gold_loss":0,"cards_obtained":["Noxious Fumes"]},{"damage_healed":0,"gold_gain":0,"player_choice":"Gave Potion","damage_taken":0,"relics_obtained":["Pen Nib"],"max_hp_gain":0,"max_hp_loss":0,"event_name":"WeMeetAgain","floor":30,"gold_loss":0}],"is_beta":false,"boss_relics":[{"not_picked":["Sozu","Ectoplasm"],"picked":"HoveringKite"}],"items_purged_floors":[5,19,29],"is_endless":false,"potions_floor_spawned":[11,16,22,25,27],"killed_by":"Champ","ascension_level":3}}