{"host":"r6jigiblrojhp6xe","time":1608454954,"event":{"mods":["AchievementEnabler","BaseMod","DeckTracker","Minty Spire (QoL Compilation)","Quick Restart","Rare Cards Sparkle","Relic Stats","StSLib","SuperFastMode","The Cursed","everything is the same but u backflip on backflip"],"gold_per_floor":[116,129,129,143,160,160,185,203,203,203,221,254,66,80,80,171,171,206,131,181,212,212,212,223,223,223,267,267,5,63,74,74,74,74],"floor_reached":33,"playtime":739,"items_purged":["Strike_G","Strike_G"],"score":608,"play_id":"f6a7f2bf-7c5d-46c2-9344-beb38dcfe19a","local_time":"20201220180234","is_ascension_mode":true,"campfire_choices":[{"data":"Glass Knife","floor":6.0,"key":"SMITH"},{"data":"Glass Knife","floor":10.0,"key":"SMITH"},{"data":"Phantasmal Killer","floor":15,"key":"SMITH"},{"data":"HandOfGreed","floor":23,"key":"SMITH"},{"data":"Neutralize","floor":25,"key":"SMITH"},{"floor":32,"key":"REST"}],"circlet_count":0,"master_deck":["AscendersBane","Strike_G","Strike_G","Strike_G","Defend_G","Defend_G","Defend_G","Defend_G","Defend_G","Survivor","Neutralize+1","Glass Knife+1","Glass Knife+1","Eviscerate","Backflip","Phantasmal Killer+1","HandOfGreed+1","Adrenaline","Blur"],"relics":["Ring of the Snake","Blood Vial","Pantograph","Cursed Key","TwistedFunnel","Tingsha"],"acts_visited":["TheCity"],"potions_floor_usage":[12,30,33],"damage_taken":[{"damage":1.0,"enemies":"Small Slimes","floor":1.0,"turns":4.0},{"damage":1.0,"enemies":"Cultist","floor":2.0,"turns":4.0},{"damage":0.0,"enemies":"Jaw Worm","floor":4.0,"turns":3.0},{"damage":6.0,"enemies":"Exordium Thugs","floor":5.0,"turns":5.0},{"damage":14.0,"enemies":"3 Sentries","floor":7.0,"turns":7.0},{"damage":4.0,"enemies":"Blue Slaver","floor":8.0,"turns":3.0},{"damage":0.0,"enemies":"2 Fungi Beasts","floor":11.0,"turns":3.0},{"damage":0,"enemies":"Gremlin Nob","floor":12,"turns":2},{"damage":3,"enemies":"Large Slime","floor":14,"turns":4},{"damage":20,"enemies":"Slime Boss","floor":16,"turns":8},{"damage":8,"enemies":"2 Thieves","floor":18,"turns":3},{"damage":0,"enemies":"Spheric Guardian","floor":21,"turns":2},{"damage":19,"enemies":"Snake Plant","floor":24,"turns":3},{"damage":7,"enemies":"3 Cultists","floor":27,"turns":5},{"damage":10,"enemies":"Slavers","floor":30,"turns":4},{"damage":2,"enemies":"Snecko","floor":31,"turns":4},{"damage":90,"enemies":"Champ","floor":33,"turns":9}],"seed_played":"5324825334065483858","potions_obtained":[{"floor":1.0,"key":"ColorlessPotion"},{"floor":5.0,"key":"Energy Potion"},{"floor":7.0,"key":"SteroidPotion"},{"floor":8.0,"key":"FairyPotion"},{"floor":18,"key":"LiquidBronze"},{"floor":31,"key":"PowerPotion"}],"is_trial":false,"path_per_floor":["M","M","?","M","M","R","E","M","T","R","M","E","$","M","R","B",null,"M","$","?","M","?","R","M","R","T","M","T","$","E","M","R","B"],"character_chosen":"THE_SILENT","items_purchased":["HandOfGreed","TwistedFunnel"],"campfire_rested":1,"item_purchase_floors":[13,29],"current_hp_per_floor":[58,57,57,57,51,51,37,35,35,35,37,39,39,38,38,40,55,49,49,49,51,35,35,18,18,18,13,13,13,5,5,24,0,0],"gold":74,"neow_bonus":"THREE_RARE_CARDS","is_daily":false,"chose_seed":false,"campfire_upgraded":5,"win_rate":0.0,"timestamp":1608454954,"path_taken":["M","M","?","M","M","R","E","M","T","R","?","E","?","M","R","BOSS","M","$","?","M","?","R","M","R","T","M","?","$","E","M","R","BOSS"],"items_purchased_type":["Card","Relic"],"build_version":"2020-12-13","purchased_purges":2,"victory":false,"max_hp_per_floor":[60,60,60,60,60,60,60,60,60,60,60,60,60,60,60,60,60,60,60,60,60,65,65,65,65,65,65,65,65,65,65,65,65,65],"relic_stats":{"Blood Vial":22,"counters":[17,73],"Pantograph":47,"Tingsha":[6],"Cursed Key":0,"obtain_stats":[{"Blood Vial":7,"TwistedFunnel":29,"Pantograph":12,"Tingsha":30,"Cursed Key":17,"Ring of the Snake":0},{"Blood Vial":5,"TwistedFunnel":14,"Pantograph":8,"Tingsha":15,"Cursed Key":10,"Ring of the Snake":0},{"Blood Vial":23,"TwistedFunnel":56,"Pantograph":31,"Tingsha":60,"Cursed Key":43,"Ring of the Snake":0}],"Ring of the Snake":[34]},"card_choices":[{"not_picked":["Wraith Form v2","Phantasmal Killer"],"picked":"Glass Knife","floor":0.0},{"not_picked":["Endless Agony","Bane","Sucker Punch"],"picked":"SKIP","floor":1.0},{"not_picked":["PiercingWail","Slice","Acrobatics"],"picked":"SKIP","floor":2.0},{"not_picked":["Caltrops","Concentrate"],"picked":"Eviscerate","floor":4.0},{"not_picked":["Riddle With Holes","Tactician","Dodge and Roll"],"picked":"SKIP","floor":5.0},{"not_picked":["Tactician","Finisher","Outmaneuver"],"picked":"SKIP","floor":7.0},{"not_picked":["Riddle With Holes","Quick Slash"],"picked":"Backflip","floor":8.0},{"not_picked":["Dagger Throw","Prepared"],"picked":"Phantasmal Killer","floor":11.0},{"not_picked":["Deflect","Infinite Blades","Well Laid Plans"],"picked":"SKIP","floor":12},{"not_picked":["Flying Knee","All Out Attack","Slice"],"picked":"SKIP","floor":14},{"not_picked":["Bullet Time","Night Terror"],"picked":"Adrenaline","floor":16},{"not_picked":["Flying Knee","Endless Agony","Eviscerate"],"picked":"SKIP","floor":18},{"not_picked":["Underhanded Strike","Blur","Outmaneuver"],"picked":"SKIP","floor":21},{"not_picked":["Underhanded Strike","Finisher+1","Accuracy+1"],"picked":"SKIP","floor":24},{"not_picked":["Dagger Throw","Slice","Catalyst"],"picked":"SKIP","floor":27},{"not_picked":["Burst","PiercingWail"],"picked":"Blur","floor":30},{"not_picked":["Sucker Punch+1","Noxious Fumes","Dodge and Roll"],"picked":"SKIP","floor":31}],"player_experience":535073,"relics_obtained":[{"floor":7.0,"key":"Blood Vial"},{"floor":12,"key":"Pantograph"},{"floor":30,"key":"Tingsha"}],"event_choices":[{"damage_healed":0.0,"max_hp_gain":0.0,"max_hp_loss":0.0,"gold_gain":0.0,"event_name":"Match and Keep!","player_choice":"1 cards matched","floor":3.0,"gold_loss":0.0,"damage_taken":0.0,"cards_obtained":["Glass Knife"]},{"damage_healed":0,"gold_gain":50,"player_choice":"Stole From Cult","damage_taken":0,"max_hp_gain":0,"max_hp_loss":0,"event_name":"Nest","floor":20,"gold_loss":0},{"damage_healed":0,"gold_gain":0,"player_choice":"Shed Blood","damage_taken":21,"max_hp_gain":5,"max_hp_loss":0,"event_name":"Forgotten Altar","floor":22,"gold_loss":0}],"is_beta":false,"boss_relics":[{"not_picked":["Fusion Hammer","Snecko Eye"],"picked":"Cursed Key"}],"items_purged_floors":[19,29],"is_endless":false,"potions_floor_spawned":[1,5,7,8,11,18,21,31],"killed_by":"Champ","ascension_level":20}}