{"host":"nzvslkw4t4b5qscz","time":1608466247,"event":{"mods":["2.2 Compatiblity","AchievementEnabler","BaseMod","Block Reminder","Colored Map","Colored Powertips","DeckTracker","Highlight Path","Key Reminder","Minty Spire (QoL Compilation)","Quick Restart","Rare Cards Sparkle","Relic Sorter","StSLib","The Awakened One except there are too many feathers","Unceasing Turn Reminder","Unknown Chances","everything is the same but u backflip on backflip"],"gold_per_floor":[113,126,126,145,27,62,78,78,78,97,115,127,138,151,151,247,247,265,265,277,46,58,58,76,76,125,143,157,33,33,61,61,166,166,178,223,223,238,238,238],"floor_reached":39,"playtime":4934,"items_purged":["Strike_R"],"score":552,"play_id":"cdc2101a-a34a-48cb-8890-322dbc49f066","local_time":"20201220051047","is_ascension_mode":true,"campfire_choices":[{"data":"Havoc","floor":8,"key":"SMITH"},{"data":"Pommel Strike","floor":15,"key":"SMITH"},{"floor":23,"key":"REST"},{"floor":25,"key":"REST"},{"floor":30,"key":"REST"},{"floor":32,"key":"REST"}],"circlet_count":0,"master_deck":["Strike_R","Strike_R","Defend_R","Defend_R","Bash","Whirlwind+1","Juggernaut+1","Perfected Strike+1","Shrug It Off","Shrug It Off","Havoc+1","Rage","Metallicize","Anger","Shrug It Off","Thunderclap","Iron Wave","Pommel Strike+1","Wild Strike","Metallicize","Corruption","Feel No Pain","Ghostly Armor","Evolve","Dark Embrace","True Grit","Havoc","Impervious","Thinking Ahead"],"relics":["Astrolabe","Pear","keyreminder:keyreminder","SlaversCollar","Strange Spoon","Vajra","Sundial","Busted Crown","Girya"],"acts_visited":["Exordium","TheCity","TheBeyond"],"potions_floor_usage":[10,12,13,16,16,16,18,20,33,33,35,36,39],"damage_taken":[{"damage":2,"enemies":"Jaw Worm","floor":1,"turns":3},{"damage":0,"enemies":"2 Louse","floor":2,"turns":1},{"damage":0,"enemies":"Small Slimes","floor":4,"turns":4},{"damage":2,"enemies":"Lagavulin","floor":6,"turns":6},{"damage":0,"enemies":"2 Fungi Beasts","floor":7,"turns":3},{"damage":0,"enemies":"3 Louse","floor":10,"turns":2},{"damage":3,"enemies":"Exordium Wildlife","floor":11,"turns":5},{"damage":1,"enemies":"Red Slaver","floor":12,"turns":4},{"damage":0,"enemies":"Looter","floor":13,"turns":2},{"damage":0,"enemies":"2 Fungi Beasts","floor":14,"turns":3},{"damage":36,"enemies":"Hexaghost","floor":16,"turns":8},{"damage":14,"enemies":"Shell Parasite","floor":18,"turns":6},{"damage":20,"enemies":"2 Thieves","floor":20,"turns":4},{"damage":19,"enemies":"Shelled Parasite and Fungi","floor":22,"turns":5},{"damage":26,"enemies":"Centurion and Healer","floor":24,"turns":7},{"damage":0,"enemies":"Snecko","floor":27,"turns":3},{"damage":25,"enemies":"Snake Plant","floor":28,"turns":6},{"damage":27,"enemies":"Book of Stabbing","floor":31,"turns":7},{"damage":32,"enemies":"Automaton","floor":33,"turns":9},{"damage":0,"enemies":"3 Shapes","floor":35,"turns":2},{"damage":67,"enemies":"2 Orb Walkers","floor":36,"turns":6},{"damage":0,"enemies":"Orb Walker","floor":38,"turns":5},{"damage":10,"enemies":"Sphere and 2 Shapes","floor":39,"turns":3}],"seed_played":"-6792717274492836542","potions_obtained":[{"floor":2,"key":"SpeedPotion"},{"floor":6,"key":"LiquidMemories"},{"floor":7,"key":"EntropicBrew"},{"floor":10,"key":"FearPotion"},{"floor":12,"key":"FearPotion"},{"floor":18,"key":"SpeedPotion"},{"floor":27,"key":"Explosive Potion"},{"floor":31,"key":"Dexterity Potion"},{"floor":33,"key":"Strength Potion"},{"floor":38,"key":"BlessingOfTheForge"}],"is_trial":false,"path_per_floor":["M","M","?","M","$","E","M","R","T","M","M","M","M","M","R","B",null,"M","?","M","$","M","R","M","R","T","M","M","$","R","E","R","B",null,"M","?","?","M","M"],"character_chosen":"IRONCLAD","items_purchased":["Rage","Metallicize","Strange Spoon","Dark Embrace","True Grit"],"campfire_rested":4,"item_purchase_floors":[5,5,21,29,29],"current_hp_per_floor":[70,70,63,63,63,71,71,71,71,71,68,67,67,67,67,31,75,61,61,41,41,22,49,23,50,50,50,25,25,52,25,52,20,73,73,6,6,6,0,0],"gold":238,"neow_bonus":"BOSS_RELIC","is_daily":false,"chose_seed":false,"campfire_upgraded":2,"win_rate":0.0,"timestamp":1608466247,"path_taken":["M","M","?","M","$","E","M","R","T","M","M","M","M","M","R","BOSS","M","?","M","$","M","R","M","R","T","M","M","$","R","E","R","BOSS","M","?","?","M","M"],"items_purchased_type":["Card","Card","Relic","Card","Card"],"build_version":"2020-12-13","purchased_purges":1,"victory":false,"max_hp_per_floor":[80,80,80,80,80,90,90,90,90,90,90,90,90,90,90,90,90,90,90,90,90,90,90,90,90,90,90,90,90,90,90,90,90,90,90,90,90,90,90,90],"card_choices":[{"not_picked":["Dark Embrace","Second Wind"],"picked":"Shrug It Off","floor":1},{"not_picked":["True Grit","Infernal Blade"],"picked":"Shrug It Off","floor":2},{"not_picked":["Entrench","Twin Strike"],"picked":"Havoc","floor":4},{"not_picked":["Clash","Warcry"],"picked":"Anger","floor":6},{"not_picked":["True Grit","Fire Breathing"],"picked":"Shrug It Off","floor":7},{"not_picked":["Heavy Blade","Sword Boomerang"],"picked":"Thunderclap","floor":10},{"not_picked":["Limit Break","Cleave"],"picked":"Iron Wave","floor":11},{"not_picked":["Body Slam","Havoc"],"picked":"Pommel Strike","floor":12},{"not_picked":["Sentinel","Dropkick"],"picked":"Wild Strike","floor":13},{"not_picked":["Thunderclap","Blood for Blood"],"picked":"Metallicize","floor":14},{"not_picked":["Bludgeon","Limit Break"],"picked":"Corruption","floor":16},{"not_picked":["Infernal Blade+1","Thunderclap"],"picked":"Feel No Pain","floor":18},{"not_picked":["Shrug It Off","True Grit","Body Slam"],"picked":"SKIP","floor":20},{"not_picked":["Cleave","Wild Strike","Bloodletting"],"picked":"SKIP","floor":22},{"not_picked":["Heavy Blade+1","Entrench","Pommel Strike"],"picked":"SKIP","floor":24},{"not_picked":["True Grit","Heavy Blade+1"],"picked":"Ghostly Armor","floor":27},{"not_picked":["Rampage","Sword Boomerang"],"picked":"Evolve","floor":28},{"not_picked":["Warcry","Perfected Strike"],"picked":"Havoc","floor":31},{"not_picked":["Demon Form","Offering"],"picked":"Impervious","floor":33},{"not_picked":["Infernal Blade+1"],"picked":"SKIP","floor":35},{"not_picked":[],"picked":"Thinking Ahead","floor":37},{"not_picked":["Flex+1"],"picked":"SKIP","floor":38}],"player_experience":847811,"relics_obtained":[{"floor":6,"key":"Pear"},{"floor":26,"key":"Vajra"},{"floor":31,"key":"Sundial"},{"floor":36,"key":"Girya"}],"event_choices":[{"cards_removed":["Defend_R"],"damage_healed":0,"gold_gain":0,"player_choice":"Card Removal","damage_taken":7,"max_hp_gain":0,"max_hp_loss":0,"event_name":"Golden Wing","floor":3,"gold_loss":0},{"damage_healed":0,"gold_gain":0,"player_choice":"Ignored","damage_taken":0,"max_hp_gain":0,"max_hp_loss":0,"event_name":"Ghosts","floor":19,"gold_loss":0},{"damage_healed":0,"gold_gain":0,"player_choice":"Fight","damage_taken":0,"max_hp_gain":0,"max_hp_loss":0,"event_name":"Mysterious Sphere","floor":36,"gold_loss":0},{"damage_healed":0,"gold_gain":0,"player_choice":"Memory 1","damage_taken":0,"max_hp_gain":0,"max_hp_loss":0,"event_name":"SensoryStone","floor":37,"gold_loss":0}],"is_beta":false,"boss_relics":[{"not_picked":["Fusion Hammer","Tiny House"],"picked":"SlaversCollar"},{"not_picked":["Calling Bell","Black Star"],"picked":"Busted Crown"}],"items_purged_floors":[21],"is_endless":false,"potions_floor_spawned":[2,6,7,10,12,18,27,31,33,38],"killed_by":"Sphere and 2 Shapes","ascension_level":7}}