{"host":"69rply1jf2d1wbmp","time":1608472883,"event":{"mods":["BaseMod","Minty Spire (QoL Compilation)","Quick Restart"],"gold_per_floor":[17,17,35,54,54,54,79,79,79,4,14,40,40,5,5,107,107,123,42,141,153,170,170,195,195,195,214,214,214,214],"floor_reached":29,"playtime":903,"items_purged":[],"score":251,"play_id":"afea7948-9d08-42de-bf34-d9545ca96942","local_time":"20201220090123","is_ascension_mode":false,"campfire_choices":[{"data":"Die Die Die","floor":6,"key":"SMITH"},{"floor":8,"key":"REST"},{"floor":15,"key":"REST"},{"floor":23,"key":"REST"}],"circlet_count":0,"master_deck":["Strike_G","Strike_G","Strike_G","Strike_G","Strike_G","Defend_G","Defend_G","Defend_G","Defend_G","Defend_G","Survivor","Neutralize","Die Die Die+1","Backflip","Slice","Accuracy","Slice","Noxious Fumes","Blade Dance","Slice","Adrenaline","All Out Attack","Deflect","Noxious Fumes","Corpse Explosion"],"relics":["Ring of the Snake","Question Card","Singing Bowl","Smiling Mask","HoveringKite","Eternal Feather"],"acts_visited":["Exordium","TheCity"],"potions_floor_usage":[7,21,22,24,29],"damage_taken":[{"damage":0,"enemies":"Jaw Worm","floor":1,"turns":4},{"damage":0,"enemies":"Small Slimes","floor":3,"turns":2},{"damage":0,"enemies":"Cultist","floor":4,"turns":4},{"damage":61,"enemies":"Lagavulin","floor":7,"turns":12},{"damage":0,"enemies":"Looter","floor":11,"turns":4},{"damage":23,"enemies":"Gremlin Nob","floor":12,"turns":4},{"damage":22,"enemies":"Slime Boss","floor":16,"turns":10},{"damage":4,"enemies":"Shell Parasite","floor":18,"turns":5},{"damage":10,"enemies":"2 Thieves","floor":21,"turns":3},{"damage":9,"enemies":"Snecko","floor":22,"turns":5},{"damage":43,"enemies":"Slavers","floor":24,"turns":5},{"damage":11,"enemies":"3 Cultists","floor":27,"turns":5},{"damage":36,"enemies":"Book of Stabbing","floor":29,"turns":5}],"seed_played":"-5213984742126347360","potions_obtained":[{"floor":1,"key":"Swift Potion"},{"floor":12,"key":"Strength Potion"},{"floor":16,"key":"CunningPotion"},{"floor":18,"key":"Ancient Potion"},{"floor":21,"key":"DistilledChaos"}],"is_trial":false,"path_per_floor":["M","$","M","M","$","R","E","R","T","$","M","E","?","?","R","B",null,"M","$","?","M","M","R","E","?","T","M","?","E"],"character_chosen":"THE_SILENT","items_purchased":["Noxious Fumes","All Out Attack"],"campfire_rested":3,"item_purchase_floors":[10,19],"current_hp_per_floor":[70,70,70,70,70,70,9,30,30,30,30,7,7,24,45,23,70,68,68,68,58,49,70,29,22,22,11,35,0,0],"gold":214,"neow_bonus":"THREE_RARE_CARDS","is_daily":false,"chose_seed":false,"campfire_upgraded":1,"win_rate":0.0,"timestamp":1608472883,"path_taken":["M","$","M","M","$","R","E","R","T","$","M","E","?","?","R","BOSS","M","$","?","M","M","R","E","?","T","?","?","E"],"items_purchased_type":["Card","Card"],"build_version":"2020-12-13","purchased_purges":0,"victory":false,"max_hp_per_floor":[70,70,70,70,70,70,70,70,70,70,70,70,70,70,70,70,70,72,72,72,72,72,72,74,74,74,74,74,74,74],"card_choices":[{"not_picked":["Adrenaline","Night Terror"],"picked":"Die Die Die","floor":0},{"not_picked":["Dodge and Roll","Quick Slash"],"picked":"Backflip","floor":1},{"not_picked":["Underhanded Strike","Outmaneuver"],"picked":"Slice","floor":3},{"not_picked":["Finisher","Outmaneuver"],"picked":"Accuracy","floor":4},{"not_picked":["Catalyst","Flying Knee"],"picked":"Slice","floor":7},{"not_picked":["Sucker Punch","Bouncing Flask","Deadly Poison"],"picked":"Blade Dance","floor":11},{"not_picked":["Flechettes","Poisoned Stab","Backflip"],"picked":"Slice","floor":12},{"not_picked":["Glass Knife","Venomology","Bullet Time"],"picked":"Adrenaline","floor":16},{"not_picked":["Calculated Gamble","Dagger Throw+1","Backflip","Quick Slash+1"],"picked":"Singing Bowl","floor":18},{"not_picked":["Deadly Poison","Dodge and Roll","Dagger Throw+1"],"picked":"Deflect","floor":21},{"not_picked":["Leg Sweep","Flying Knee","Prepared"],"picked":"Noxious Fumes","floor":22},{"not_picked":["Outmaneuver","Dodge and Roll","Poisoned Stab","Escape Plan"],"picked":"Singing Bowl","floor":24},{"not_picked":["Predator+1","Bouncing Flask","Calculated Gamble"],"picked":"Corpse Explosion","floor":27}],"player_experience":363238,"relics_obtained":[{"floor":7,"key":"Question Card"},{"floor":9,"key":"Singing Bowl"},{"floor":12,"key":"Smiling Mask"},{"floor":24,"key":"Eternal Feather"}],"event_choices":[{"damage_healed":0,"gold_gain":0,"player_choice":"Fled","damage_taken":0,"max_hp_gain":0,"max_hp_loss":0,"event_name":"Scrap Ooze","floor":13,"gold_loss":0},{"damage_healed":17,"gold_gain":0,"player_choice":"Healed","damage_taken":0,"max_hp_gain":0,"max_hp_loss":0,"event_name":"The Cleric","floor":14,"gold_loss":35},{"damage_healed":0,"gold_gain":99,"player_choice":"Stole From Cult","damage_taken":0,"max_hp_gain":0,"max_hp_loss":0,"event_name":"Nest","floor":20,"gold_loss":0},{"damage_healed":0,"gold_gain":0,"player_choice":"Damaged","damage_taken":7,"max_hp_gain":0,"max_hp_loss":0,"event_name":"Wheel of Change","floor":25,"gold_loss":0},{"damage_healed":24,"gold_gain":0,"player_choice":"Heal","damage_taken":0,"max_hp_gain":0,"max_hp_loss":0,"event_name":"The Library","floor":28,"gold_loss":0}],"is_beta":false,"boss_relics":[{"not_picked":["Sozu","Snecko Eye"],"picked":"HoveringKite"}],"items_purged_floors":[],"is_endless":false,"potions_floor_spawned":[1,12,16,18,21],"killed_by":"Book of Stabbing","ascension_level":0}}