{"host":"cc187","time":1608499079,"event":{"mods":["AchievementEnabler","BaseMod","Bestiary","Colored Map","Colored Powertips","Highlight Path","Keyboard Shortcuts","Minty Spire (QoL Compilation)","Quick Restart","Rare Cards Sparkle","Relic Stats","StSLib","SuperFastMode","Synergy Search"],"gold_per_floor":[110,185,110,126,126,126,154,154,225,225,225,225],"floor_reached":11,"playtime":191,"items_purged":[],"score":179,"play_id":"1157fc0b-32ed-453f-8c6b-5b40c78ba184","local_time":"20201220211759","is_ascension_mode":true,"campfire_choices":[{"data":"Cloak And Dagger","floor":6,"key":"SMITH"},{"data":"Dagger Spray","floor":8,"key":"SMITH"},{"data":"Neutralize","floor":10,"key":"SMITH"}],"circlet_count":0,"master_deck":["AscendersBane","Strike_G","Strike_G","Strike_G","Defend_G","Defend_G","Defend_G","Defend_G","Defend_G","Survivor","Neutralize+1","Dagger Spray+1","Deflect","Cloak And Dagger+1","Deflect"],"relics":["Ring of the Snake","NeowsBlessing","Blue Candle","Sundial"],"acts_visited":["Exordium"],"potions_floor_usage":[11],"damage_taken":[{"damage":0,"enemies":"Small Slimes","floor":1,"turns":1},{"damage":0,"enemies":"Jaw Worm","floor":4,"turns":1},{"damage":0,"enemies":"3 Sentries","floor":7,"turns":1},{"damage":47,"enemies":"Gremlin Nob","floor":11,"turns":5}],"seed_played":"-202928739183553570","potions_obtained":[{"floor":1,"key":"Swift Potion"}],"is_trial":false,"path_per_floor":["M","?","?","M","?","R","E","R","T","R","E"],"character_chosen":"THE_SILENT","items_purchased":[],"campfire_rested":0,"item_purchase_floors":[],"current_hp_per_floor":[59,48,48,48,48,48,48,48,48,48,1,1],"gold":225,"neow_bonus":"THREE_ENEMY_KILL","is_daily":false,"chose_seed":false,"campfire_upgraded":3,"win_rate":0.0,"timestamp":1608499079,"path_taken":["M","?","?","M","?","R","E","R","T","R","E"],"items_purchased_type":[],"build_version":"2020-12-18","purchased_purges":0,"victory":false,"max_hp_per_floor":[66,66,66,66,66,66,66,66,66,66,66,66],"relic_stats":{"counters":[4,8],"Sundial":[0],"Blue Candle":[0],"obtain_stats":[{"NeowsBlessing":0,"Sundial":9,"Blue Candle":7,"Ring of the Snake":0},{"NeowsBlessing":0,"Sundial":3,"Blue Candle":3,"Ring of the Snake":0},{"NeowsBlessing":0,"Sundial":3,"Blue Candle":3,"Ring of the Snake":0}],"Ring of the Snake":[8]},"card_choices":[{"not_picked":["Accuracy","Noxious Fumes"],"picked":"Dagger Spray","floor":1},{"not_picked":["Bane","Heel Hook"],"picked":"Deflect","floor":4},{"not_picked":["Masterful Stab","Setup"],"picked":"Deflect","floor":7}],"player_experience":814413,"relics_obtained":[{"floor":7,"key":"Blue Candle"},{"floor":9,"key":"Sundial"}],"event_choices":[{"damage_healed":0,"gold_gain":75,"player_choice":"Gather Gold","damage_taken":11,"max_hp_gain":0,"max_hp_loss":0,"event_name":"World of Goop","floor":2,"gold_loss":0},{"cards_removed":["Strike_G"],"damage_healed":0,"gold_gain":0,"player_choice":"Card Removal","damage_taken":0,"max_hp_gain":0,"max_hp_loss":0,"event_name":"The Cleric","floor":3,"gold_loss":75},{"damage_healed":0,"gold_gain":0,"cards_transformed":["Strike_G"],"player_choice":"Transformed","damage_taken":0,"max_hp_gain":0,"max_hp_loss":0,"event_name":"Transmorgrifier","floor":5,"gold_loss":0,"cards_obtained":["Cloak And Dagger"]}],"is_beta":true,"boss_relics":[],"items_purged_floors":[],"is_endless":false,"potions_floor_spawned":[1],"killed_by":"Gremlin Nob","ascension_level":18}}