{"host":"0cm5wy4nhuju7tij","time":1608427019,"event":{"mods":["2.2 Compatiblity","AchievementEnabler","BaseMod","Better Third Choice","BetterRewards","Colored Powertips","Curses Come First","Custom Start","Displayed Cursed Tome","Downfall","Energized Spire","Filter the Spire","Fireblade Mod","Highlight Path","Jess\u0027s Bottle","Minty Spire (QoL Compilation)","Permanent Neow","Railgun Mod","Robot Space Explorer","Shop Mod","Spicy Shops","StSLib","The Marked","The Servant 0.9.4"],"gold_per_floor":[111,125,52,71,71,71,83,101,101,121,121,151,151,162,162,162,162],"floor_reached":16,"playtime":999,"items_purged":[],"score":104,"play_id":"8c0472f4-4ed8-476b-954d-590c57dc6a6e","local_time":"20201219201659","is_ascension_mode":false,"campfire_choices":[{"floor":6,"key":"REST"},{"floor":11,"key":"REST"},{"floor":15,"key":"REST"}],"circlet_count":0,"master_deck":["theMarked:Strike","theMarked:Strike","theMarked:Strike","theMarked:Strike","theMarked:Strike","theMarked:Defend","theMarked:Defend","theMarked:Defend","theMarked:Defend","theMarked:SoldierOfQuellstein","theMarked:MaelstromOfLightning","theMarked:TwofoldDefense","theMarked:GodGivenPower","theMarked:Electrocute","ForeignInfluence","theMarked:HeightenedSenses","theMarked:RogueSparks","theMarked:Electrify","theMarked:SelfDefenseTraining","theMarked:SwordAndMagic"],"relics":["theMarked:ArtifactOfAir","theMarked:DemonDagger","Boot","The Courier","Mummified Hand","FaceOfCleric"],"acts_visited":["Exordium"],"potions_floor_usage":[],"damage_taken":[{"damage":0,"enemies":"Cultist","floor":1,"turns":3},{"damage":7,"enemies":"Small Slimes","floor":2,"turns":3},{"damage":6,"enemies":"Jaw Worm","floor":4,"turns":4},{"damage":2,"enemies":"2 Fungi Beasts","floor":7,"turns":3},{"damage":18,"enemies":"Exordium Wildlife","floor":8,"turns":3},{"damage":9,"enemies":"Blue Slaver","floor":10,"turns":4},{"damage":21,"enemies":"Lagavulin","floor":12,"turns":6},{"damage":0,"enemies":"3 Louse","floor":14,"turns":3},{"damage":52,"enemies":"Slime Boss","floor":16,"turns":8}],"seed_played":"720804352260943697","potions_obtained":[{"floor":1,"key":"LiquidMemories"},{"floor":8,"key":"EssenceOfSteel"},{"floor":14,"key":"Block Potion"}],"is_trial":false,"path_per_floor":["M","M","$","M","?","R","M","M","T","M","R","E","?","M","R","B"],"character_chosen":"THE_DEFAULT","items_purchased":["theMarked:GodGivenPower"],"campfire_rested":3,"item_purchase_floors":[3],"current_hp_per_floor":[70,63,63,57,30,51,49,31,31,22,43,22,22,23,44,0,0],"gold":162,"neow_bonus":"RANDOM_COMMON_RELIC","is_daily":false,"chose_seed":false,"campfire_upgraded":0,"win_rate":0.0,"timestamp":1608427019,"path_taken":["M","M","$","?","?","R","M","M","T","M","R","E","?","M","R","BOSS"],"items_purchased_type":["Card"],"build_version":"2020-12-13","purchased_purges":0,"victory":false,"max_hp_per_floor":[70,70,70,70,70,70,70,70,70,70,70,70,70,71,71,71,71],"card_choices":[{"not_picked":["theMarked:Improvise","theMarked:Frustration"],"picked":"theMarked:MaelstromOfLightning","floor":1},{"not_picked":["theMarked:ReduceFriction","theMarked:BanishingStrike"],"picked":"theMarked:TwofoldDefense","floor":2},{"not_picked":["theMarked:EmpowerWeapon","theMarked:MysticalArsenal"],"picked":"theMarked:Electrocute","floor":4},{"not_picked":["theMarked:BanishingStrike","theMarked:Challenge"],"picked":"theMarked:HeightenedSenses","floor":7},{"not_picked":["theMarked:Aftermath","theMarked:EmpowerWeapon"],"picked":"theMarked:RogueSparks","floor":8},{"not_picked":["theMarked:WastefulAttack","theMarked:Parkour"],"picked":"theMarked:Electrify","floor":10},{"not_picked":["theMarked:WastefulAttack","theMarked:Electrocute"],"picked":"theMarked:SelfDefenseTraining","floor":12},{"not_picked":["theMarked:ResourceFulStrike","theMarked:BanishingStrike"],"picked":"theMarked:SwordAndMagic","floor":14}],"player_experience":235565,"relics_obtained":[{"floor":9,"key":"The Courier"},{"floor":12,"key":"Mummified Hand"}],"event_choices":[{"damage_healed":0,"gold_gain":0,"player_choice":"Trade","damage_taken":0,"relics_obtained":["FaceOfCleric"],"max_hp_gain":0,"max_hp_loss":0,"event_name":"FaceTrader","floor":13,"gold_loss":0}],"is_beta":false,"boss_relics":[],"items_purged_floors":[],"is_endless":false,"potions_floor_spawned":[1,8,14],"killed_by":"Slime Boss","ascension_level":0}}