{"host":"bnl7o5cb2omwu7ka","time":1608442082,"event":{"mods":["AchievementEnabler","BaseMod","BetterRewards","Block Reminder","Colored Map","Colored Powertips","Conspire","Defective Defect","Downfall","Energized Spire","Googly Eyes","Highlight Path","Infinite Spire","Ironclad Rager","Jedi Mod","Mimic Mod","Minty Spire (QoL Compilation)","Permanent Neow","Quick Restart","Rare Cards Sparkle","Replay The Spire","Spikes Relics","StSLib","The IronCluck","egg","everything is the same but u backflip on backflip","slay the spire mod where everything is the same but ironclad has a cowboy hat"],"gold_per_floor":[110,0,10,26,41,41,73,73,104,138,138,167,181,181,181,280,280,293,309,320,420,434,434,434],"floor_reached":23,"playtime":4576,"items_purged":["Regret"],"score":213,"play_id":"64a30c0b-ef2c-4274-8c83-bf2473a6c879","local_time":"20201220002802","is_ascension_mode":false,"campfire_choices":[{"data":"Zap","floor":6,"key":"SMITH"},{"data":"jedi:hex","floor":8,"key":"SMITH"},{"data":"Crystallizer","floor":11,"key":"SMITH"},{"floor":15,"key":"REST"}],"circlet_count":0,"master_deck":["Strike_B","Strike_B","Strike_B","Strike_B","Defend_B","Defend_B","Defend_B","Defend_B","Zap+1","Dualcast","jedi:reiji","Lockon","Sweeping Beam","Ball Lightning","Capacitor","jedi:hex+1","Crystallizer+1","Chill","BasicCrystalCard","jedi:markofdeath","jedi:BurstDark","Coolheaded","Melter","Hologram"],"relics":["Cracked Core","Thread and Needle","Bottled Flame","Vajra","Matryoshka","Ancient Tea Set","jedi:battlestandard"],"acts_visited":["Exordium","TheCity"],"potions_floor_usage":[],"damage_taken":[{"damage":3,"enemies":"Small Slimes","floor":1,"turns":4},{"damage":0,"enemies":"2 Louse","floor":3,"turns":2},{"damage":2,"enemies":"Cultist","floor":4,"turns":3},{"damage":4,"enemies":"Red Slaver","floor":5,"turns":3},{"damage":19,"enemies":"Lagavulin","floor":7,"turns":6},{"damage":2,"enemies":"Exordium Wildlife","floor":9,"turns":5},{"damage":5,"enemies":"Replay:BlueRogue","floor":10,"turns":4},{"damage":10,"enemies":"3 Sentries","floor":12,"turns":7},{"damage":14,"enemies":"Exordium Wildlife","floor":13,"turns":4},{"damage":14,"enemies":"Hexaghost","floor":16,"turns":8},{"damage":16,"enemies":"3 Byrds","floor":18,"turns":5},{"damage":1,"enemies":"Chosen","floor":19,"turns":4},{"damage":25,"enemies":"Snake Plant","floor":20,"turns":3},{"damage":0,"enemies":"Centurion and Healer","floor":22,"turns":7},{"damage":40,"enemies":"Gremlin Leader","floor":23,"turns":6}],"seed_played":"2495853437212561793","potions_obtained":[{"floor":4,"key":"Cursed Concoction"},{"floor":5,"key":"Strength Potion"},{"floor":10,"key":"jedi:coolantleak"},{"floor":22,"key":"GamblersBrew"}],"is_trial":false,"path_per_floor":["M","$","M","M","M","R","E","R","MIM","E","R","E","M","?","R","B",null,"M","M","M","?","M","E"],"character_chosen":"DEFECT","items_purchased":["Lockon"],"campfire_rested":1,"item_purchase_floors":[2],"current_hp_per_floor":[72,72,72,70,66,66,47,47,45,40,40,30,16,16,38,24,75,59,58,33,33,33,0,0],"gold":434,"neow_bonus":"ONE_RARE_RELIC","is_daily":false,"chose_seed":false,"campfire_upgraded":3,"win_rate":0.0,"timestamp":1608442082,"path_taken":["M","$","M","M","M","R","E","R","MIM","E","R","E","M","?","R","BOSS","M","M","M","?","M","E"],"items_purchased_type":["Card"],"build_version":"2020-12-13","purchased_purges":1,"victory":false,"max_hp_per_floor":[75,75,75,75,75,75,75,75,75,75,75,75,75,75,75,75,75,75,75,75,75,75,75,75],"card_choices":[{"not_picked":["Steam Power","BasicCrystalCard"],"picked":"jedi:reiji","floor":1},{"not_picked":["Turbo","Beam Cell"],"picked":"Sweeping Beam","floor":3},{"not_picked":["Panic Button","Steam"],"picked":"Ball Lightning","floor":4},{"not_picked":["Go for the Eyes","Ball Lightning"],"picked":"Capacitor","floor":5},{"not_picked":["jedi:bruteforce","Sunder"],"picked":"jedi:hex","floor":7},{"not_picked":["jedi:reiji","Cold Snap"],"picked":"Crystallizer","floor":9},{"not_picked":["Steam","Rebound"],"picked":"Chill","floor":10},{"not_picked":["Reprogram","jedi:sharpshooter"],"picked":"BasicCrystalCard","floor":12},{"not_picked":["jedi:spotbugs","Go for the Eyes"],"picked":"jedi:markofdeath","floor":13},{"not_picked":["jedi:darknesscall","jedi:readyaimfire"],"picked":"jedi:BurstDark","floor":16},{"not_picked":["Skim","Compile Driver+1"],"picked":"Coolheaded","floor":18},{"not_picked":["ReplayGash","Compile Driver"],"picked":"Melter","floor":19},{"not_picked":["jedi:locknload","Self Repair"],"picked":"Hologram","floor":20},{"not_picked":["Turbo+1","Ball Lightning","Streamline"],"picked":"SKIP","floor":22}],"player_experience":146963,"relics_obtained":[{"floor":7,"key":"Bottled Flame"},{"floor":9,"key":"Vajra"},{"floor":10,"key":"Matryoshka"},{"floor":12,"key":"Ancient Tea Set"}],"event_choices":[{"damage_healed":0,"gold_gain":0,"player_choice":"Got Potions","damage_taken":0,"max_hp_gain":0,"max_hp_loss":0,"event_name":"Lab","floor":14,"gold_loss":0},{"damage_healed":0,"gold_gain":100,"player_choice":"Pray","damage_taken":0,"max_hp_gain":0,"max_hp_loss":0,"event_name":"Golden Shrine","floor":21,"gold_loss":0}],"is_beta":false,"boss_relics":[{"not_picked":["Snecko Eye","Fusion Hammer"],"picked":"jedi:battlestandard"}],"items_purged_floors":[2],"is_endless":false,"potions_floor_spawned":[4,5,10,13,18,20,22],"killed_by":"Gremlin Leader","ascension_level":0}}