{"host":"rgcz6yx3duq0lh14","time":1608491144,"event":{"mods":["ATMod(à¢‡ıMod)","AchievementEnabler","Act Like it!","Aspiration","Astrologer","BaseMod","CapriCore","Chen","Colored Map","Decade(â§è¨ñæ)","Friendly Minions","Gensokyo","GungeonMod","Hallownest","Hermit","Jedi Mod","KinomotoSakuraMod(ñÿîVñ{?)","Koishi","Luminous","Mari Mod (Legacy)","Mari\u0027s V1 Patch","MarisaÅiñ∂âJÅ@ñÇóùçπÅj","Minty Spire (QoL Compilation)","MostiFishMod","Pale of the Ancients","Permanent Neow","Prisma Mod","Quick Restart","RemiliaÅiÂQïƒ‰ª?Åj","Replay The Spire","Robot Space Explorer","RumiaBox-òIïƒ?ìIê_îÈ·¥éq","Spicy Shops","StSLib","The Animator","The Bug Knight","The Cursed","The Dragon Tamer","The Gatherer","The Immortal","The Mystic","The Poker Player","The Runesmith","The Senshi","The Servant 0.9.4","TheWitcher","YoumuÅiç∞ÈÆódöÎÅj","Åy?ï˚ìÒéü?çÏÅzî™â]éámod","Åy?ï®?îvÅzREMEMod"],"gold_per_floor":[111,121,12,31,31,58,68,68,68,93,93,110,110,144,144,243,243,255,275,275,287,300,335,335,19,45,45,62,62,92,92,92,194,194,208,220,220,236,249,284,310,327,327,354,95,103,103,132,132,136,136,136,22,49,57],"floor_reached":56,"playtime":1831,"items_purged":["RobotSpaceExplorer:Strike","Shame"],"score":1744,"play_id":"f1930de0-c94e-42b8-9721-fcccf8f419ef","local_time":"20201221030544","is_ascension_mode":false,"campfire_choices":[{"data":"AT_Dispersion","floor":8,"key":"SMITH"},{"data":"RobotSpaceExplorer:StarLightning","floor":13,"key":"SMITH"},{"data":"RobotSpaceExplorer:Ammunition","floor":15,"key":"SMITH"},{"data":"AT_BreakingExtremeWeapon","floor":24,"key":"SMITH"},{"data":"RobotSpaceExplorer:ShockMissile","floor":29,"key":"SMITH"},{"floor":32,"key":"RECALL"},{"data":"RobotSpaceExplorer:Strike","floor":47,"key":"SMITH"},{"data":"RobotSpaceExplorer:Strike","floor":49,"key":"SMITH"},{"data":"RobotSpaceExplorer:Strike","floor":52,"key":"SMITH"}],"circlet_count":0,"master_deck":["RobotSpaceExplorer:Strike+4","RobotSpaceExplorer:Defend","RobotSpaceExplorer:Defend","RobotSpaceExplorer:Scan+1","RobotSpaceExplorer:MiniLasers+1","AT_Dispersion+1","RobotSpaceExplorer:FrostMissile+1","RobotSpaceExplorer:StarLightning+1","RobotSpaceExplorer:StarLightning+1","RobotSpaceExplorer:ShockMissile+1","RobotSpaceExplorer:ScrapToss+1","RobotSpaceExplorer:FranticSearch+1","RobotSpaceExplorer:Ammunition+1","REME_TwoStrings+1","AT_BreakingExtremeWeapon+1","RobotSpaceExplorer:StarLightning+1","Good Instincts+1","RobotSpaceExplorer:Probe+1","RobotSpaceExplorer:ScrapMissile+1","MostiFishMod:KingOfFree+1","AT_LightSaberMaster+1","RobotSpaceExplorer:PlasmaMissile+1","jedi:forcepull+1","RobotSpaceExplorer:MiniDrones+1","RobotSpaceExplorer:StarLightning+1","RobotSpaceExplorer:DoubleFind+1","REME_Flogging+1","RobotSpaceExplorer:DualCore+1","RobotSpaceExplorer:LaserBurst+1","RobotSpaceExplorer:Ammunition+1"],"relics":["RobotSpaceExplorer:RoboCore","DaveBox","AT_ATBox","REME_ComplimentaryCards","AT_Manta","PatriotShield","Question Card","DemoMod:GlassGuonStoneRelic","ImprovedEquipment","MoreBug","Mirror","DemoMod:PartiallyEatenCheese","ImportantClient","REME_LowDesire","Ancient Tea Set","Tiny Chest","WarpedTongs","SecretRecord","MagicDraw3","DemoMod:Metronome","War Paint","jedi:firstaidkit","Empty Cage","Simple Rune","RobotSpaceExplorer:PlasmaHourglass","AT_EbonyIvory","AT_SunfireAegis","Bronze Scales","DemoMod:MonsterBlood"],"acts_visited":["Exordium","TheCity","TheBeyond","TheEnding"],"potions_floor_usage":[54,55,55,55],"damage_taken":[{"damage":0,"enemies":"Cultist","floor":1,"turns":1},{"damage":0,"enemies":"2 Louse","floor":2,"turns":2},{"damage":0,"enemies":"Jaw Worm","floor":4,"turns":2},{"damage":1,"enemies":"Gremlin Nob","floor":6,"turns":2},{"damage":1,"enemies":"Gremlin Gang","floor":7,"turns":3},{"damage":3,"enemies":"HollowMod:MossKnight","floor":10,"turns":3},{"damage":1,"enemies":"Looter","floor":12,"turns":2},{"damage":4,"enemies":"Gremlin Nob","floor":14,"turns":2},{"damage":2,"enemies":"Slime Boss","floor":16,"turns":2},{"damage":2,"enemies":"3 Byrds","floor":18,"turns":2},{"damage":0,"enemies":"Spheric Guardian","floor":19,"turns":1},{"damage":2,"enemies":"Snecko","floor":21,"turns":3},{"damage":0,"enemies":"Centurion and Healer","floor":22,"turns":1},{"damage":1,"enemies":"Book of Stabbing","floor":23,"turns":3},{"damage":1,"enemies":"Cultist and Chosen","floor":28,"turns":3},{"damage":0,"enemies":"Gremlin Leader","floor":30,"turns":2},{"damage":0,"enemies":"Automaton","floor":33,"turns":2},{"damage":0,"enemies":"Orb Walker","floor":35,"turns":1},{"damage":0,"enemies":"3 Shapes","floor":36,"turns":1},{"damage":3,"enemies":"Spire Growth","floor":38,"turns":2},{"damage":1,"enemies":"3 Darklings","floor":39,"turns":2},{"damage":1,"enemies":"HollowMod:StalkingDevout","floor":40,"turns":2},{"damage":3,"enemies":"Transient","floor":41,"turns":4},{"damage":0,"enemies":"4 Shapes","floor":42,"turns":2},{"damage":0,"enemies":"Maw","floor":44,"turns":1},{"damage":1,"enemies":"Maw","floor":46,"turns":3},{"damage":2,"enemies":"Giant Head","floor":48,"turns":2},{"damage":0,"enemies":"Awakened One","floor":50,"turns":2},{"damage":0,"enemies":"Shield and Spear","floor":54,"turns":1},{"damage":4,"enemies":"The Heart","floor":55,"turns":4}],"seed_played":"-6477894360340725541","potions_obtained":[{"floor":2,"key":"Explosive Potion"},{"floor":12,"key":"Energy Potion"},{"floor":14,"key":"DemoMod:LeadSkinPotion"},{"floor":30,"key":"Energy Potion"},{"floor":35,"key":"PowerPotion"},{"floor":41,"key":"Toxic Potion"},{"floor":54,"key":"Fire Potion"}],"is_trial":false,"path_per_floor":["M","M","$","M","$","E","M","R","T","E","?","M","R","E","R","B",null,"M","M","?","M","M","E","R","$","T","?","M","R","E","T","R","B",null,"M","M","?","M","M","E","M","M","T","M","$","?","R","E","R","B",null,"R","$","E","B",null],"character_chosen":"RobotSpaceExplorer","items_purchased":["RobotSpaceExplorer:StarLightning","MagicDraw3","DemoMod:Metronome","RobotSpaceExplorer:DualCore","AT_EbonyIvory","Bronze Scales"],"campfire_rested":0,"item_purchase_floors":[3,25,25,45,45,53],"current_hp_per_floor":[75,75,75,75,75,74,73,73,73,70,70,69,69,67,67,65,75,74,74,74,72,72,71,71,71,71,71,70,70,70,70,70,70,75,75,75,75,72,71,71,74,75,75,75,75,75,75,73,73,75,75,75,75,82,81],"gold":57,"neow_bonus":"RANDOM_COMMON_RELIC","is_daily":false,"chose_seed":false,"campfire_upgraded":8,"win_rate":0.0,"timestamp":1608491144,"path_taken":["M","?","$","M","?","E","M","R","T","E","?","M","R","E","R","BOSS","M","M","?","M","?","E","R","$","T","?","M","R","E","?","R","BOSS","M","M","?","M","M","E","M","M","T","M","$","?","R","E","R","BOSS","R","$","E","BOSS"],"items_purchased_type":["Card","Relic","Relic","Card","Relic","Relic"],"build_version":"2020-12-13","purchased_purges":2,"victory":true,"max_hp_per_floor":[75,75,75,75,75,75,75,75,75,75,75,75,75,75,75,75,75,75,75,75,75,75,75,75,75,75,75,75,75,75,75,75,75,75,75,75,75,75,75,75,75,75,75,75,75,75,75,75,75,75,75,75,75,82,82],"card_choices":[{"not_picked":["RobotSpaceExplorer:Ammunition","RobotSpaceExplorer:PowerGlove"],"picked":"RobotSpaceExplorer:FrostMissile","floor":1},{"not_picked":["RobotSpaceExplorer:MetalStrike","RobotSpaceExplorer:ShovelStrike","RobotSpaceExplorer:Ammunition"],"picked":"RobotSpaceExplorer:StarLightning","floor":2},{"not_picked":["RobotSpaceExplorer:Reload","RobotSpaceExplorer:SurgingStrike","RobotSpaceExplorer:PowerCollector"],"picked":"RobotSpaceExplorer:ShockMissile","floor":4},{"not_picked":["RobotSpaceExplorer:FreezingShield","RobotSpaceExplorer:SurgingShield","RobotSpaceExplorer:ScrapMissile"],"picked":"RobotSpaceExplorer:ScrapToss","floor":6},{"not_picked":["RobotSpaceExplorer:ShovelStrike","RobotSpaceExplorer:Ammunition","RobotSpaceExplorer:SwiftStep","RobotSpaceExplorer:ImprovisedAttack"],"picked":"SKIP","floor":7},{"not_picked":["RobotSpaceExplorer:Exploration","RobotSpaceExplorer:Pulsar","RobotSpaceExplorer:LuckyStrike"],"picked":"RobotSpaceExplorer:FranticSearch","floor":10},{"not_picked":["RobotSpaceExplorer:Pulsar","RobotSpaceExplorer:LuckyStrike","RobotSpaceExplorer:MetalStrike","RobotSpaceExplorer:Jetpack"],"picked":"SKIP","floor":12},{"not_picked":["RobotSpaceExplorer:StarDust","RobotSpaceExplorer:DroneSwarm","RobotSpaceExplorer:DualCore"],"picked":"RobotSpaceExplorer:Ammunition","floor":14},{"not_picked":["RobotSpaceExplorer:BlastShield","RobotSpaceExplorer:DroneSwarm","RobotSpaceExplorer:ChargingLaser"],"picked":"RobotSpaceExplorer:Wormhole","floor":16},{"not_picked":["RobotSpaceExplorer:StunGrenade","RobotSpaceExplorer:GlueSpray","RobotSpaceExplorer:MetalStrike","RobotSpaceExplorer:SurgingStrike"],"picked":"REME_TwoStrings+1","floor":18},{"not_picked":["RobotSpaceExplorer:Discharger","RobotSpaceExplorer:StarDust","RobotSpaceExplorer:TurboDodge","RobotSpaceExplorer:StunGrenade+1"],"picked":"AT_BreakingExtremeWeapon","floor":19},{"not_picked":["RobotSpaceExplorer:ScrapMissile","RobotSpaceExplorer:PlasmaMissile","RobotSpaceExplorer:ImprovisedAttack","REME_ProfessionalPlagiarism"],"picked":"RobotSpaceExplorer:StarLightning+1","floor":21},{"not_picked":["RobotSpaceExplorer:MiniBoosters","RobotSpaceExplorer:StunGrenade+1","RobotSpaceExplorer:Pulsar","RobotSpaceExplorer:MetalStrike"],"picked":"Good Instincts+1","floor":22},{"not_picked":["RobotSpaceExplorer:PowerCollector","RobotSpaceExplorer:Counterblock","RobotSpaceExplorer:PowerGlove","REME_TwoStrings"],"picked":"RobotSpaceExplorer:Probe","floor":23},{"not_picked":["RobotSpaceExplorer:SurgingShield","RobotSpaceExplorer:Calculate","RobotSpaceExplorer:PowerGlove","Blind"],"picked":"RobotSpaceExplorer:ScrapMissile+1","floor":28},{"not_picked":["RobotSpaceExplorer:ScrapMissile","RobotSpaceExplorer:GlueSpray","RobotSpaceExplorer:Counterblock+1","RobotSpaceExplorer:Electropulse"],"picked":"MostiFishMod:KingOfFree","floor":30},{"not_picked":["RobotSpaceExplorer:DroneSwarm","RobotSpaceExplorer:Accelerator","RobotSpaceExplorer:Asteroid","RobotSpaceExplorer:Blaster"],"picked":"AT_LightSaberMaster","floor":33},{"not_picked":["RobotSpaceExplorer:PowerGlove","RobotSpaceExplorer:Pulsar+1","RobotSpaceExplorer:SlimeMissile","Forethought"],"picked":"RobotSpaceExplorer:PlasmaMissile+1","floor":35},{"not_picked":["RobotSpaceExplorer:SurgingStrike","RobotSpaceExplorer:MakeshiftVolley","RobotSpaceExplorer:FreezingShield+1","RobotSpaceExplorer:DualCore+1"],"picked":"jedi:forcepull+1","floor":36},{"not_picked":["RobotSpaceExplorer:ShovelStrike","RobotSpaceExplorer:FrostMissile","RobotSpaceExplorer:DoubleFind","jedi:forcepull"],"picked":"RobotSpaceExplorer:MiniDrones","floor":38},{"not_picked":["RobotSpaceExplorer:Counterblock+1","RobotSpaceExplorer:StunGrenade+1","RobotSpaceExplorer:ShovelStrike","RobotSpaceExplorer:SurgingShield+1","REME_TheoryOfElimination+1"],"picked":"SKIP","floor":39},{"not_picked":["RobotSpaceExplorer:ShockKick","RobotSpaceExplorer:StunGrenade","RobotSpaceExplorer:PlasmaMissile","MostiFishMod:NightSea"],"picked":"RobotSpaceExplorer:StarLightning+1","floor":40},{"not_picked":["RobotSpaceExplorer:MakeshiftVolley+1","RobotSpaceExplorer:Pulsar+1","RobotSpaceExplorer:ShockKick","Transmutation"],"picked":"RobotSpaceExplorer:DoubleFind","floor":41},{"not_picked":["RobotSpaceExplorer:Probe+1","RobotSpaceExplorer:StunGrenade","RobotSpaceExplorer:ShovelStrike","RobotSpaceExplorer:GlueShot+1"],"picked":"REME_Flogging","floor":42},{"not_picked":["RobotSpaceExplorer:Probe","RobotSpaceExplorer:SurgingStrike+1","RobotSpaceExplorer:ScrapMissile","RobotSpaceExplorer:Ammunition+1","jedi:forcepush"],"picked":"SKIP","floor":44},{"not_picked":["RobotSpaceExplorer:FrostMissile","RobotSpaceExplorer:Autoloader","RobotSpaceExplorer:MakeshiftVolley","Thinking Ahead"],"picked":"RobotSpaceExplorer:LaserBurst+1","floor":48},{"not_picked":["RobotSpaceExplorer:PlasmaMissile","RobotSpaceExplorer:Accelerator","RobotSpaceExplorer:MetalStrike+1","ReplayTheSpireMod:Uncanny Aura"],"picked":"RobotSpaceExplorer:Ammunition+1","floor":54}],"player_experience":938481,"relics_obtained":[{"floor":1,"key":"Question Card"},{"floor":6,"key":"ImprovedEquipment"},{"floor":9,"key":"MoreBug"},{"floor":10,"key":"Mirror"},{"floor":14,"key":"DemoMod:PartiallyEatenCheese"},{"floor":16,"key":"ImportantClient"},{"floor":17,"key":"Ancient Tea Set"},{"floor":17,"key":"Tiny Chest"},{"floor":23,"key":"SecretRecord"},{"floor":30,"key":"War Paint"},{"floor":31,"key":"jedi:firstaidkit"},{"floor":40,"key":"Simple Rune"},{"floor":43,"key":"RobotSpaceExplorer:PlasmaHourglass"},{"floor":48,"key":"AT_SunfireAegis"},{"floor":54,"key":"DemoMod:MonsterBlood"}],"event_choices":[{"cards_removed":["RobotSpaceExplorer:Strike"],"damage_healed":0,"gold_gain":0,"player_choice":"Forget","damage_taken":0,"max_hp_gain":0,"max_hp_loss":0,"event_name":"Living Wall","floor":11,"gold_loss":0},{"damage_healed":0,"gold_gain":0,"player_choice":"Rummage","damage_taken":0,"relics_obtained":["WarpedTongs"],"max_hp_gain":0,"max_hp_loss":0,"event_name":"Accursed Blacksmith","floor":20,"gold_loss":0,"cards_obtained":["Pain"]},{"cards_removed":["RobotSpaceExplorer:Defend"],"damage_healed":0,"gold_gain":0,"player_choice":"Removed Skill","damage_taken":0,"max_hp_gain":0,"max_hp_loss":0,"event_name":"Falling","floor":37,"gold_loss":0}],"is_beta":false,"boss_relics":[{"not_picked":["Runic Pyramid","ExusiaiGun"],"picked":"REME_LowDesire"},{"not_picked":["MoonlightInvasionPlan","aspiration:MobileForge"],"picked":"Empty Cage"}],"items_purged_floors":[3,45],"is_endless":false,"potions_floor_spawned":[2,12,14,16,18,30,35,36,41,48,54],"ascension_level":0}}