{"host":"porgtwlvhh3hs75v","time":1608479546,"event":{"mods":["Act Like it!","BaseMod","GifTheSpireLib","Marked Mod","Minty Spire (QoL Compilation)","StSLib","The Cursed","The Servant 0.9.4"],"gold_per_floor":[119,66,86,86,86,120,120,195,195,195,213,88,100,114,114,114,114],"floor_reached":16,"playtime":276,"items_purged":["Defend_P"],"score":125,"play_id":"2d3e5f6d-0217-4921-9940-ace1fc83bc56","local_time":"20201220235226","is_ascension_mode":false,"campfire_choices":[{"floor":7.0,"key":"REST"},{"floor":15.0,"key":"REST"}],"circlet_count":0,"master_deck":["Strike_P+1","Strike_P","Strike_P","Strike_P","Defend_P","Defend_P","Eruption+1","Vigilance","MarkedMod:GentlePulse","MarkedMod:Acupuncture","Crescendo","Adaptation","Adaptation","MarkedMod:FirstStrike","Indignation"],"relics":["PureWater","NeowsBlessing","The Courier","Lantern","Molten Egg 2"],"acts_visited":["Exordium"],"potions_floor_usage":[],"damage_taken":[{"damage":0.0,"enemies":"Small Slimes","floor":1.0,"turns":1.0},{"damage":0.0,"enemies":"Jaw Worm","floor":3.0,"turns":1.0},{"damage":0.0,"enemies":"3 Sentries","floor":6.0,"turns":1.0},{"damage":0.0,"enemies":"2 Louse","floor":11.0,"turns":2.0},{"damage":2.0,"enemies":"Looter","floor":13.0,"turns":2.0},{"damage":11.0,"enemies":"Blue Slaver","floor":14.0,"turns":3.0},{"damage":15,"enemies":"Hexaghost","floor":16,"turns":7}],"seed_played":"-2506367738341177693","potions_obtained":[{"floor":1.0,"key":"SteroidPotion"},{"floor":6.0,"key":"Fire Potion"}],"is_trial":false,"path_per_floor":["M","$","M","?","?","E","R","?","T","?","M","$","M","M","R","B"],"character_chosen":"WATCHER","items_purchased":["MarkedMod:Acupuncture","Adaptation"],"campfire_rested":2,"item_purchase_floors":[2,12],"current_hp_per_floor":[72,72,72,58,16,16,37,26,26,26,26,26,24,13,34,19,19],"gold":114,"neow_bonus":"THREE_ENEMY_KILL","is_daily":false,"chose_seed":false,"campfire_upgraded":0,"win_rate":0.0,"timestamp":1608479546,"path_taken":["M","$","M","?","?","E","R","?","T","?","M","?","M","?","R","BOSS"],"items_purchased_type":["Card","Card"],"build_version":"2020-12-13","purchased_purges":1,"victory":false,"max_hp_per_floor":[72,72,72,72,72,72,72,72,72,72,72,72,72,72,72,72,72],"card_choices":[{"not_picked":["ReachHeaven","Prostrate"],"picked":"MarkedMod:GentlePulse","floor":1.0},{"not_picked":["Pray","Prostrate","Crescendo"],"picked":"SKIP","floor":3.0},{"not_picked":["Consecrate","DeceiveReality","Swivel"],"picked":"SKIP","floor":6.0},{"not_picked":["Wallop+1","Nirvana"],"picked":"Adaptation","floor":11.0},{"not_picked":["Blasphemy","WheelKick+1"],"picked":"MarkedMod:FirstStrike","floor":13.0},{"not_picked":["JustLucky+1","MarkedMod:Acupuncture+1"],"picked":"Indignation","floor":14.0}],"player_experience":515166,"relics_obtained":[{"floor":6.0,"key":"Lantern"},{"floor":9.0,"key":"Molten Egg 2"}],"event_choices":[{"damage_healed":0.0,"max_hp_gain":0.0,"max_hp_loss":0.0,"gold_gain":0.0,"event_name":"Shining Light","player_choice":"Entered Light","floor":4.0,"gold_loss":0.0,"damage_taken":14.0,"cards_upgraded":["Eruption","Strike_P"]},{"damage_healed":0.0,"max_hp_gain":0.0,"max_hp_loss":0.0,"gold_gain":0.0,"event_name":"Scrap Ooze","player_choice":"Success","floor":5.0,"gold_loss":0.0,"damage_taken":42.0,"relics_obtained":["The Courier"]},{"damage_healed":0.0,"max_hp_gain":0.0,"max_hp_loss":0.0,"gold_gain":75.0,"event_name":"World of Goop","player_choice":"Gather Gold","floor":8.0,"gold_loss":0.0,"damage_taken":11.0},{"damage_healed":0.0,"max_hp_gain":0.0,"max_hp_loss":0.0,"gold_gain":0.0,"cards_transformed":["Defend_P"],"event_name":"Living Wall","player_choice":"Change","floor":10.0,"gold_loss":0.0,"damage_taken":0.0,"cards_obtained":["Crescendo"]}],"is_beta":false,"boss_relics":[],"items_purged_floors":[12],"is_endless":false,"potions_floor_spawned":[1,6],"killed_by":"Hexaghost","ascension_level":0}}