{"host":"f6f8cjhjgha9mpdq","time":1608485556,"event":{"mods":["BaseMod","Emptier Cage","Minty Spire (QoL Compilation)","Permanent Neow","StSLib","SuperFastMode"],"gold_per_floor":[119,136,136,147,147,182,182,213,293,309,309,340,350,367,367,445,445,465,494,494,505,420,420,451,141,167,201,75,75,75,92,92,169,169,188,138,151,169,106,119,148,162,162,191,191,218,236,255,255,255,255,255,2,37,37],"floor_reached":56,"playtime":3179,"items_purged":["Defend_G","Defend_G","Defend_G"],"score":2207,"play_id":"9d5ab8fd-4b29-4fed-a0c9-f857b442f0da","local_time":"20201221023235","is_ascension_mode":true,"campfire_choices":[{"data":"Dodge and Roll","floor":7.0,"key":"SMITH"},{"data":"Prepared","floor":11.0,"key":"SMITH"},{"data":"Underhanded Strike","floor":15.0,"key":"SMITH"},{"data":"Ghostly","floor":23.0,"key":"SMITH"},{"floor":30.0,"key":"DIG"},{"floor":32.0,"key":"DIG"},{"floor":45.0,"key":"DIG"},{"floor":49.0,"key":"RECALL"},{"floor":52,"key":"DIG"}],"circlet_count":0,"master_deck":["AscendersBane","Survivor","Neutralize","Skewer+1","Endless Agony+1","Eviscerate+1","Underhanded Strike+1","Dodge and Roll+1","Prepared+1","Escape Plan","Choke+1","Ghostly","Ghostly+1","Ghostly","PiercingWail","Well Laid Plans+1","Calculated Gamble","Tactician+1","Masterful Stab+1","Reflex"],"relics":["Astrolabe","Lantern","Vajra","Ninja Scroll","Frozen Egg 2","Unceasing Top","Empty Cage","Red Mask","Strawberry","Shovel","Membership Card","Happy Flower","Meat on the Bone","Orichalcum","MutagenicStrength","Molten Egg 2","Dead Branch","Busted Crown","Eternal Feather","The Courier","Nunchaku","InkBottle","Question Card","Shuriken","Lizard Tail","ClockworkSouvenir","Bag of Marbles"],"acts_visited":["Exordium","TheCity","TheBeyond","TheEnding"],"potions_floor_usage":[50,50,55,55],"damage_taken":[{"damage":1.0,"enemies":"Jaw Worm","floor":1.0,"turns":2.0},{"damage":1.0,"enemies":"Cultist","floor":2.0,"turns":3.0},{"damage":1.0,"enemies":"2 Louse","floor":4.0,"turns":2.0},{"damage":12.0,"enemies":"3 Sentries","floor":6.0,"turns":9.0},{"damage":13.0,"enemies":"Lagavulin","floor":8.0,"turns":6.0},{"damage":1.0,"enemies":"Exordium Wildlife","floor":10.0,"turns":2.0},{"damage":4.0,"enemies":"Gremlin Nob","floor":12.0,"turns":3.0},{"damage":0.0,"enemies":"Looter","floor":13.0,"turns":2.0},{"damage":0.0,"enemies":"3 Louse","floor":14.0,"turns":1.0},{"damage":13.0,"enemies":"Slime Boss","floor":16.0,"turns":6.0},{"damage":3.0,"enemies":"2 Thieves","floor":18.0,"turns":4.0},{"damage":0.0,"enemies":"Masked Bandits","floor":19.0,"turns":2.0},{"damage":0.0,"enemies":"3 Byrds","floor":21.0,"turns":3.0},{"damage":12.0,"enemies":"Slavers","floor":24.0,"turns":6.0},{"damage":11.0,"enemies":"Gremlin Leader","floor":27.0,"turns":5.0},{"damage":0.0,"enemies":"Centurion and Healer","floor":31.0,"turns":4.0},{"damage":23.0,"enemies":"Automaton","floor":33.0,"turns":10.0},{"damage":0.0,"enemies":"3 Shapes","floor":35.0,"turns":2.0},{"damage":0.0,"enemies":"Orb Walker","floor":37.0,"turns":1.0},{"damage":0.0,"enemies":"Spire Growth","floor":38.0,"turns":4.0},{"damage":0.0,"enemies":"Transient","floor":40.0,"turns":5.0},{"damage":1.0,"enemies":"Nemesis","floor":41.0,"turns":5.0},{"damage":0.0,"enemies":"Writhing Mass","floor":42.0,"turns":4.0},{"damage":3.0,"enemies":"Giant Head","floor":44.0,"turns":6.0},{"damage":0.0,"enemies":"Reptomancer","floor":46.0,"turns":3.0},{"damage":0.0,"enemies":"Spire Growth","floor":47.0,"turns":3.0},{"damage":0.0,"enemies":"Jaw Worm Horde","floor":48.0,"turns":2.0},{"damage":16,"enemies":"Donu and Deca","floor":50,"turns":8},{"damage":0,"enemies":"Shield and Spear","floor":54,"turns":2},{"damage":27,"enemies":"The Heart","floor":55,"turns":6}],"seed_played":"-8223496249889473456","potions_obtained":[{"floor":4.0,"key":"Weak Potion"},{"floor":10.0,"key":"LiquidBronze"},{"floor":12.0,"key":"GamblersBrew"},{"floor":19.0,"key":"ColorlessPotion"},{"floor":33.0,"key":"DistilledChaos"},{"floor":35.0,"key":"LiquidMemories"},{"floor":38.0,"key":"SteroidPotion"},{"floor":40.0,"key":"SkillPotion"},{"floor":46.0,"key":"PowerPotion"}],"is_trial":false,"path_per_floor":["M","M","?","M","T","E","R","E","T","M","R","E","M","M","R","B",null,"M","?","?","M","?","R","E","$","T","E","$","?","R","M","R","B",null,"M","?","M","M","$","M","E","M","T","E","R","E","M","M","R","B",null,"R","$","E","B",null],"character_chosen":"THE_SILENT","items_purchased":["Membership Card","Happy Flower","Well Laid Plans+1","Orichalcum","Lizard Tail","Reflex","ClockworkSouvenir","SteroidPotion","Swift Potion"],"campfire_rested":0,"item_purchase_floors":[25,25,25,28,53,53,53,53,53],"current_hp_per_floor":[58,57,57,56,56,44,44,31,31,30,30,26,26,26,26,13,53,50,50,33,33,40,40,28,28,28,17,17,17,17,29,29,18,35,35,35,35,35,35,35,34,34,34,31,40,40,40,40,40,24,36,40,40,40,25],"gold":37,"neow_bonus":"BOSS_RELIC","is_daily":false,"chose_seed":false,"campfire_upgraded":4,"win_rate":0.0,"timestamp":1608485555,"path_taken":["M","M","?","?","?","E","R","E","T","M","R","E","M","M","R","BOSS","M","?","?","?","?","R","E","$","T","E","?","?","R","M","R","BOSS","M","?","M","M","?","M","E","M","T","E","R","E","M","M","R","BOSS","R","$","E","BOSS"],"items_purchased_type":["Relic","Relic","Card","Relic","Relic","Card","Relic","Potion","Potion"],"build_version":"2020-12-13","purchased_purges":3,"victory":true,"max_hp_per_floor":[66,66,66,66,66,66,66,66,66,66,66,66,66,66,66,66,66,66,66,33,33,40,40,40,40,40,40,40,40,40,40,40,40,40,40,40,40,40,40,40,40,40,40,40,40,40,40,40,40,40,40,40,40,40,40],"card_choices":[{"not_picked":["Cloak And Dagger","Dagger Spray"],"picked":"Underhanded Strike","floor":1.0},{"not_picked":["Cloak And Dagger","Flying Knee","Bane"],"picked":"SKIP","floor":2.0},{"not_picked":["Dash","Cloak And Dagger","Blade Dance"],"picked":"SKIP","floor":4.0},{"not_picked":["Quick Slash","Corpse Explosion"],"picked":"Dodge and Roll","floor":6.0},{"not_picked":["Masterful Stab","Terror","Sucker Punch"],"picked":"SKIP","floor":8.0},{"not_picked":["Deadly Poison","Flying Knee"],"picked":"Prepared","floor":10.0},{"not_picked":["Cloak And Dagger","Deadly Poison","Expertise"],"picked":"SKIP","floor":12.0},{"not_picked":["Cloak And Dagger","Accuracy+1","Prepared"],"picked":"SKIP","floor":13.0},{"not_picked":["Flying Knee","Masterful Stab"],"picked":"Escape Plan","floor":14.0},{"not_picked":["Backstab","Slice+1","Cloak And Dagger+1"],"picked":"SKIP","floor":18.0},{"not_picked":["Underhanded Strike","Poisoned Stab"],"picked":"Choke","floor":19.0},{"not_picked":["Flying Knee","Underhanded Strike","Sucker Punch"],"picked":"SKIP","floor":21.0},{"not_picked":["Flying Knee","Eviscerate+1"],"picked":"PiercingWail","floor":24.0},{"not_picked":["Dodge and Roll","Outmaneuver"],"picked":"Calculated Gamble","floor":27.0},{"not_picked":["Dodge and Roll","Accuracy+1"],"picked":"Tactician","floor":31.0},{"not_picked":["Terror"],"picked":"SKIP","floor":35.0},{"not_picked":["Sucker Punch+1"],"picked":"SKIP","floor":37.0},{"not_picked":[],"picked":"Masterful Stab+1","floor":38.0},{"not_picked":["Choke+1"],"picked":"SKIP","floor":40.0},{"not_picked":["Sucker Punch+1"],"picked":"SKIP","floor":41.0},{"not_picked":["Acrobatics"],"picked":"SKIP","floor":42.0},{"not_picked":["Acrobatics"],"picked":"SKIP","floor":42.0},{"not_picked":["Slice+1"],"picked":"SKIP","floor":44.0},{"not_picked":["All Out Attack+1"],"picked":"SKIP","floor":46.0},{"not_picked":["Terror","Blade Dance"],"picked":"SKIP","floor":47.0},{"not_picked":["All Out Attack+1","Noxious Fumes+1"],"picked":"SKIP","floor":48.0},{"not_picked":["All Out Attack+1","Noxious Fumes+1"],"picked":"SKIP","floor":48.0},{"not_picked":["Flying Knee+1","Catalyst"],"picked":"SKIP","floor":54}],"player_experience":496681,"relics_obtained":[{"floor":5.0,"key":"Lantern"},{"floor":6.0,"key":"Vajra"},{"floor":8.0,"key":"Ninja Scroll"},{"floor":9.0,"key":"Frozen Egg 2"},{"floor":12.0,"key":"Unceasing Top"},{"floor":19.0,"key":"Red Mask"},{"floor":24.0,"key":"Shovel"},{"floor":27.0,"key":"Meat on the Bone"},{"floor":30.0,"key":"Molten Egg 2"},{"floor":32.0,"key":"Dead Branch"},{"floor":41.0,"key":"Eternal Feather"},{"floor":43.0,"key":"The Courier"},{"floor":44.0,"key":"Nunchaku"},{"floor":45.0,"key":"InkBottle"},{"floor":46.0,"key":"Question Card"},{"floor":52,"key":"Shuriken"},{"floor":54,"key":"Bag of Marbles"}],"event_choices":[{"cards_removed":["Strike_G"],"damage_healed":0.0,"max_hp_gain":0.0,"max_hp_loss":0.0,"gold_gain":0.0,"event_name":"Purifier","player_choice":"Purged","floor":3.0,"gold_loss":0.0,"damage_taken":0.0},{"damage_healed":0.0,"max_hp_gain":0.0,"max_hp_loss":0.0,"gold_gain":0.0,"event_name":"Masked Bandits","player_choice":"Fought Bandits","floor":19.0,"gold_loss":0.0,"damage_taken":0.0},{"damage_healed":0.0,"max_hp_gain":0.0,"max_hp_loss":33.0,"gold_gain":0.0,"event_name":"Ghosts","player_choice":"Became a Ghost","floor":20.0,"gold_loss":0.0,"damage_taken":0.0,"cards_obtained":["Ghostly","Ghostly","Ghostly"]},{"damage_healed":0.0,"max_hp_gain":0.0,"max_hp_loss":0.0,"gold_gain":0.0,"event_name":"Addict","player_choice":"Obtained Relic","floor":22.0,"gold_loss":85.0,"damage_taken":0.0,"relics_obtained":["Strawberry"]},{"damage_healed":0.0,"max_hp_gain":0.0,"max_hp_loss":0.0,"gold_gain":0.0,"event_name":"Drug Dealer","player_choice":"Inject Mutagens","floor":29.0,"gold_loss":0.0,"damage_taken":0.0,"relics_obtained":["MutagenicStrength"]},{"damage_healed":0.0,"max_hp_gain":0.0,"max_hp_loss":0.0,"gold_gain":0.0,"event_name":"Designer","player_choice":"Upgraded Two","floor":36.0,"gold_loss":50.0,"damage_taken":0.0,"cards_upgraded":["Tactician","Choke"]}],"is_beta":false,"boss_relics":[{"not_picked":["Calling Bell","Ectoplasm"],"picked":"Empty Cage"},{"not_picked":["Cursed Key","Runic Dome"],"picked":"Busted Crown"}],"items_purged_floors":[25,28,39],"is_endless":false,"potions_floor_spawned":[4,10,12,19,33,35,38,40,44,46],"ascension_level":15}}