{"host":"en3i0mvpfa3c1sbz","time":1608467959,"event":{"mods":["BaseMod","BetterRewards","Dota2Spire","Downfall","GifTheSpireLib","Hubris","Infinite Spire","Marisa£®ÏF”Í°°ƒß¿Ì…≥£©","Minty Spire (QoL Compilation)","READ ME - Guardian Mod","Replay The Spire","Shop Mod","StSLib","Stuff the Spire","The Administrix","The Factory","The Jungle"],"gold_per_floor":[117,133,133,152,152,152,186,201,201,201,201,171,210,236,236,342,342,372,372,392,422,442,442,481,515,515,515,542,585,585,614,614,729,729,756,979,1010,1036,487,537,221,221,221,270,270,319,132,194,194,194,194,194,47,88,88],"floor_reached":56,"playtime":4225,"items_purged":[],"score":1952,"play_id":"4b0b9fa0-9946-4423-bb13-be0d817523af","local_time":"20201220203919","is_ascension_mode":true,"campfire_choices":[{"floor":6.0,"key":"RECALL"},{"floor":10.0,"key":"REST"},{"floor":15.0,"key":"REST"},{"data":"hubris:InfiniteBlow+8","floor":23.0,"key":"SMITH"},{"floor":27.0,"key":"REST"},{"data":"hubris:InfiniteBlow+13","floor":32.0,"key":"SMITH"},{"data":"hubris:InfiniteBlow+14","floor":42.0,"key":"SMITH"},{"data":"hubris:InfiniteBlow+15","floor":45.0,"key":"SMITH"},{"floor":49.0,"key":"DIG"},{"data":"hubris:InfiniteBlow+16","floor":52.0,"key":"SMITH"}],"circlet_count":0,"master_deck":["Strike_G","Strike_G+1","Defend_G","Defend_G","Defend_G","Defend_G","Defend_G","Survivor","Neutralize+1","hubris:Greed","StuffTheSpire:Injection","PiercingWail","Replay:Poison Smokescreen","Infinite Blades","Slice+1","All Out Attack","hubris:Greed","Infinite Blades","Storm of Steel","Finisher","hubris:InfiniteBlow+21","Backflip+1","ReplayTheSpireMod:Scrap Shanks","Cloak And Dagger","Tools of the Trade","hubris:Greed","StuffTheSpire:BumpUp+1","StuffTheSpire:Shiver+1","Venomology","Replay:SS_hec_1","Backflip","Tools of the Trade","StuffTheSpire:MirrorStance","Cloak And Dagger","Choke","Deadly Poison","Well Laid Plans+1","Accuracy","hubris:TrickCloak+1","StuffTheSpire:Shiver+1","Apotheosis","ReplayTheSpireMod:Tripwire+1","Cloak And Dagger+1"],"relics":["Ring of the Snake","StuffTheSpire:BottledEssence","Replay:Kaleidoscope","hubris:AncientText","StuffTheSpire:Tea","StuffTheSpire:WitherSkull","infinitespire:EmpoweringShard","hubris:Icosahedron","hubris:MysteriousPyramids","Dota2Spire:RefresherOrb","Replay:Bottled Steam","PreservedInsect","Pear","Replay:Drink Me","hubris:HerbalPaste","Omamori","StuffTheSpire:SapphireSignet","Mirror","infinitespire:BottledMercury","Replay:Bottled Flurry","Regal Pillow","Whetstone","CatCart","Centennial Puzzle","Frozen Eye","Guardian:PocketSentry"],"acts_visited":["Exordium","TheCity","TheBeyond","TheEnding"],"potions_floor_usage":[55,55],"damage_taken":[{"damage":0.0,"enemies":"Cultist","floor":1.0,"turns":4.0},{"damage":0.0,"enemies":"Jaw Worm","floor":2.0,"turns":3.0},{"damage":0.0,"enemies":"2 Louse","floor":4.0,"turns":3.0},{"damage":37.0,"enemies":"3 Sentries","floor":7.0,"turns":15.0},{"damage":3.0,"enemies":"Looter","floor":8.0,"turns":4.0},{"damage":13.0,"enemies":"Replay:BlueRogue","floor":13.0,"turns":4.0},{"damage":4.0,"enemies":"Gremlin Gang","floor":14.0,"turns":2.0},{"damage":0.0,"enemies":"Slime Boss","floor":16.0,"turns":5.0},{"damage":19.0,"enemies":"Spheric Guardian","floor":18.0,"turns":4.0},{"damage":0.0,"enemies":"Chosen","floor":20.0,"turns":4.0},{"damage":15.0,"enemies":"Shelled Parasite and Fungi","floor":21.0,"turns":3.0},{"damage":0.0,"enemies":"Snake Plant","floor":22.0,"turns":2.0},{"damage":2.0,"enemies":"Replay:Snechameleon","floor":24.0,"turns":3.0},{"damage":9.0,"enemies":"Centurion and Healer","floor":25.0,"turns":4.0},{"damage":0.0,"enemies":"Snecko","floor":28.0,"turns":3.0},{"damage":5.0,"enemies":"Gremlin Leader","floor":29.0,"turns":3.0},{"damage":0.0,"enemies":"Chosen and Byrds","floor":31.0,"turns":3.0},{"damage":23.0,"enemies":"Champ","floor":33.0,"turns":7.0},{"damage":0.0,"enemies":"Orb Walker","floor":35.0,"turns":2.0},{"damage":1.0,"enemies":"3 Shapes","floor":37.0,"turns":3.0},{"damage":0.0,"enemies":"Jaw Worm Horde","floor":38.0,"turns":4.0},{"damage":0.0,"enemies":"Giant Head","floor":40.0,"turns":4.0},{"damage":2.0,"enemies":"R_Hoarder","floor":44.0,"turns":4.0},{"damage":0.0,"enemies":"Reptomancer","floor":46.0,"turns":2.0},{"damage":0.0,"enemies":"Orin","floor":48.0,"turns":5.0},{"damage":4.0,"enemies":"Time Eater","floor":50.0,"turns":5.0},{"damage":19.0,"enemies":"Shield and Spear","floor":54.0,"turns":4.0},{"damage":37,"enemies":"The Heart","floor":55,"turns":5}],"seed_played":"4031214475619363897","potions_obtained":[{"floor":4.0,"key":"Swift Potion"},{"floor":8.0,"key":"SneckoOil"},{"floor":12.0,"key":"SpeedPotion"},{"floor":12.0,"key":"SteroidPotion"},{"floor":13.0,"key":"DuplicationPotion"},{"floor":16.0,"key":"Reflective Coating"},{"floor":18.0,"key":"Fire Potion"},{"floor":21.0,"key":"FearPotion"},{"floor":25.0,"key":"Dota2Spire:Clarity"},{"floor":28.0,"key":"BlessingOfTheForge"},{"floor":29.0,"key":"SkillPotion"},{"floor":35.0,"key":"Dexterity Potion"},{"floor":44.0,"key":"CultistPotion"},{"floor":48.0,"key":"Dota2Spire:Clarity"}],"is_trial":false,"path_per_floor":["M","M","?","M","?","R","E","M","T","R","?","?","E","M","R","B",null,"M","AVR","M","M","M","R","E","M","T","R","M","E","?","M","R","B",null,"M","?","M","M","$","E","$","R","T","E","R","E","$","?","R","B",null,"R","$","E","B",null],"character_chosen":"THE_SILENT","items_purchased":["StuffTheSpire:BottledEssence","hubris:AncientText","hubris:HerbalPaste","Omamori","StuffTheSpire:SapphireSignet","Accuracy","infinitespire:BottledMercury","Apotheosis","Frozen Eye"],"campfire_rested":3,"item_purchase_floors":[0,0,39,39,39,41,41,47,53],"current_hp_per_floor":[63,63,51,51,51,51,14,11,11,32,32,32,19,15,36,36,70,51,51,51,36,36,36,34,25,25,46,46,51,51,51,51,28,60,60,45,44,44,44,50,50,50,50,54,54,57,57,60,60,57,60,60,60,44,15],"gold":88,"neow_bonus":"","is_daily":false,"chose_seed":false,"campfire_upgraded":5,"win_rate":0.0,"timestamp":1608467959,"path_taken":["M","M","?","M","?","R","E","?","T","R","?","?","E","M","R","BOSS","M","AVR","M","M","M","R","E","M","T","R","?","E","?","?","R","BOSS","M","?","M","M","$","E","$","R","T","E","R","E","?","?","R","BOSS","R","$","E","BOSS"],"items_purchased_type":["Relic","Relic","Relic","Relic","Relic","Card","Relic","Card","Relic"],"build_version":"2020-12-13","purchased_purges":0,"victory":true,"max_hp_per_floor":[70,70,70,70,70,70,70,70,70,70,70,70,70,70,70,70,70,70,70,70,70,70,70,70,70,70,70,70,80,80,80,80,80,60,60,60,60,60,60,60,60,60,60,60,60,60,60,60,60,60,60,60,60,60,60],"card_choices":[{"not_picked":["Slice","StuffTheSpire:Fury"],"picked":"StuffTheSpire:Injection","floor":1.0},{"not_picked":["Sucker Punch","Deflect"],"picked":"PiercingWail","floor":2.0},{"not_picked":["Crippling Poison","PiercingWail"],"picked":"Replay:Poison Smokescreen","floor":4.0},{"not_picked":["Backflip","Crippling Poison"],"picked":"Infinite Blades","floor":7.0},{"not_picked":["StuffTheSpire:Python","Acrobatics"],"picked":"Slice","floor":8.0},{"not_picked":["StuffTheSpire:Injection","Bane"],"picked":"All Out Attack","floor":13.0},{"not_picked":["StuffTheSpire:Repulse","StuffTheSpire:Injection"],"picked":"Infinite Blades","floor":14.0},{"not_picked":["Grand Finale","Unload"],"picked":"Storm of Steel","floor":16.0},{"not_picked":["Backstab","StuffTheSpire:BumpUp"],"picked":"Finisher","floor":18.0},{"not_picked":["Dagger Throw","StuffTheSpire:DoubleShiv"],"picked":"Backflip+1","floor":20.0},{"not_picked":["Outmaneuver","Dagger Throw"],"picked":"ReplayTheSpireMod:Scrap Shanks","floor":21.0},{"not_picked":["Crippling Poison","StuffTheSpire:DoubleShiv"],"picked":"Cloak And Dagger","floor":22.0},{"not_picked":["Blade Dance","Accuracy+1"],"picked":"Tools of the Trade","floor":24.0},{"not_picked":["Quick Slash","Riddle With Holes"],"picked":"StuffTheSpire:BumpUp+1","floor":25.0},{"not_picked":["Dagger Throw","Slice"],"picked":"StuffTheSpire:Shiver+1","floor":28.0},{"not_picked":["ReplayTheSpireMod:Tripwire","StuffTheSpire:Shiver"],"picked":"Venomology","floor":29.0},{"not_picked":["Prepared","StuffTheSpire:Injection"],"picked":"Backflip","floor":31.0},{"not_picked":["Night Terror","Adrenaline"],"picked":"Tools of the Trade","floor":33.0},{"not_picked":["Slice+1","StuffTheSpire:Python+1"],"picked":"StuffTheSpire:MirrorStance","floor":35.0},{"not_picked":["StuffTheSpire:Injection","Expertise"],"picked":"Cloak And Dagger","floor":36.0},{"not_picked":["Slice","After Image"],"picked":"Choke","floor":37.0},{"not_picked":["hubris:Counter","Hidden Blade"],"picked":"Deadly Poison","floor":38.0},{"not_picked":["Dash+1","ReplayTheSpireMod:The Works+1"],"picked":"Well Laid Plans+1","floor":40.0},{"not_picked":["Eviscerate","ReplayTheSpireMod:Scrap Shanks+1"],"picked":"hubris:TrickCloak+1","floor":44.0},{"not_picked":["Infinite Blades","Backflip+1"],"picked":"StuffTheSpire:Shiver+1","floor":46.0},{"not_picked":["hubris:SlightOfHand+1","StuffTheSpire:Injection"],"picked":"ReplayTheSpireMod:Tripwire+1","floor":48.0},{"not_picked":["Prepared+1","Skewer+1"],"picked":"Cloak And Dagger+1","floor":54.0}],"player_experience":312324,"relics_obtained":[{"floor":7.0,"key":"StuffTheSpire:WitherSkull"},{"floor":9.0,"key":"infinitespire:EmpoweringShard"},{"floor":13.0,"key":"hubris:MysteriousPyramids"},{"floor":24.0,"key":"PreservedInsect"},{"floor":29.0,"key":"Pear"},{"floor":40.0,"key":"Mirror"},{"floor":43.0,"key":"Replay:Bottled Flurry"},{"floor":44.0,"key":"Regal Pillow"},{"floor":46.0,"key":"Whetstone"},{"floor":48.0,"key":"CatCart"},{"floor":49.0,"key":"Centennial Puzzle"},{"floor":54.0,"key":"Guardian:PocketSentry"}],"event_choices":[{"damage_healed":0.0,"max_hp_gain":0.0,"max_hp_loss":0.0,"gold_gain":0.0,"event_name":"Scrap Ooze","player_choice":"Success","floor":3.0,"gold_loss":0.0,"damage_taken":12.0,"relics_obtained":["StuffTheSpire:Tea"]},{"damage_healed":0.0,"max_hp_gain":0.0,"max_hp_loss":0.0,"gold_gain":0.0,"event_name":"Upgrade Shrine","player_choice":"Upgraded","floor":5.0,"gold_loss":0.0,"damage_taken":0.0,"cards_upgraded":["Neutralize"]},{"damage_healed":0.0,"max_hp_gain":0.0,"max_hp_loss":0.0,"gold_gain":0.0,"event_name":"The Woman in Blue","player_choice":"Bought 2 Potions","floor":12.0,"gold_loss":0.0,"damage_taken":0.0},{"damage_healed":0.0,"max_hp_gain":0.0,"max_hp_loss":0.0,"gold_gain":0.0,"event_name":"Match and Keep!","player_choice":"1 cards matched","floor":30.0,"gold_loss":0.0,"damage_taken":0.0,"cards_obtained":["Replay:SS_hec_1"]},{"damage_healed":0.0,"max_hp_gain":0.0,"max_hp_loss":0.0,"gold_gain":0.0,"event_name":"OrinTheCat","player_choice":"Fight","floor":48.0,"gold_loss":0.0,"damage_taken":0.0}],"is_beta":false,"boss_relics":[{"not_picked":["Replay:Bronze Core","Runic Dome"],"picked":"Dota2Spire:RefresherOrb"},{"not_picked":["Runic Pyramid","Ring of the Serpent"],"picked":"Replay:Drink Me"}],"items_purged_floors":[],"is_endless":false,"potions_floor_spawned":[4,8,13,14,16,18,21,25,28,29,35,40,44,48,54],"ascension_level":4}}