{"host":"hfvpa4llnnjpeawn","time":1608450841,"event":{"mods":["2.2 Compatiblity","AchievementEnabler","Act Like it!","Aspiration","Bard","BaseMod","Beaked The Cultist","Better Sensory Stone","Better Skull","Better Third Choice","BetterRewards","CapriCore","Conspire","Downfall","Elementarium","Energized Spire","Hermit","Hubris","Jorbs\u0027s Wanderer Trilogy","Koishi","Lobotomy","LobotomyExtend","Minty Spire (QoL Compilation)","Replay The Spire","Shade Mod","Spicy Shops","StSLib","The Bladedancer","The Factory","The Gatherer","The Jungle","Waifu the Spire","Wandering Minibosses"],"gold_per_floor":[269,42,58,69,69,69,100,113,181,181,181,181,181],"floor_reached":11,"playtime":1027,"items_purged":[],"score":77,"play_id":"5d26e57b-03ff-4991-b0d8-8f14141f5087","local_time":"20201220025401","is_ascension_mode":true,"metric_token":2129,"campfire_choices":[{"data":"Gatherer:FlowerBeam","floor":6,"key":"SMITH"}],"circlet_count":0,"master_deck":["Gatherer:Strike_Gatherer","Gatherer:Strike_Gatherer","Gatherer:Strike_Gatherer","Gatherer:Strike_Gatherer","Gatherer:Strike_Gatherer","Gatherer:Defend_Gatherer","Gatherer:Defend_Gatherer","Gatherer:Defend_Gatherer","Gatherer:Defend_Gatherer","Gatherer:Centralize","Gatherer:FlowerWhip","VoidDream","Gatherer:Enchant","Gatherer:Snatch+1","Gatherer:FlowerFalling","Gatherer:AromaProtection","RedShoes","Gatherer:FlowerBeam+1","Alriune","Gatherer:FruitForce","Porccubus","Gatherer:FragileHammer","Burn"],"relics":["Gatherer:AlchemyBag","CogitoBucket","LetterFromLob","Potion Belt","Ginger","conspire:DecoderRing"],"acts_visited":["Exordium"],"potions_floor_usage":[4,11],"damage_taken":[{"damage":11,"enemies":"Jaw Worm","floor":1,"turns":2},{"damage":0,"enemies":"Cultist","floor":3,"turns":2},{"damage":0,"enemies":"Small Slimes","floor":4,"turns":2},{"damage":18,"enemies":"Lagavulin","floor":7,"turns":5},{"damage":3,"enemies":"3 Louse","floor":8,"turns":2},{"damage":44,"enemies":"3 Sentries","floor":11,"turns":4}],"seed_played":"1680133282554278929","potions_obtained":[{"floor":3,"key":"SkillPotion"},{"floor":8,"key":"BlessingOfTheForge"}],"is_trial":false,"path_per_floor":["M","$","M","M","?","R","E","M","T","?","E"],"character_chosen":"THE_GATHERER","items_purchased":["Gatherer:Snatch+1","Potion Belt","Gatherer:FlowerFalling"],"campfire_rested":0,"item_purchase_floors":[2,2,2],"current_hp_per_floor":[61,61,61,61,61,61,47,44,44,44,0,0,0],"gold":181,"neow_bonus":"","is_daily":false,"chose_seed":false,"campfire_upgraded":1,"win_rate":0.0,"timestamp":1608450841,"path_taken":["M","$","M","M","?","R","E","?","T","?","E"],"items_purchased_type":["Card","Relic","Card"],"build_version":"2020-12-13","purchased_purges":0,"victory":false,"max_hp_per_floor":[72,72,72,72,72,72,76,76,76,76,76,76,76],"card_choices":[{"not_picked":["SpiderBud","OSAHOGD"],"picked":"VoidDream","floor":1},{"not_picked":["Gatherer:CarefulStrike","Gatherer:SmartManeuver"],"picked":"Gatherer:Enchant","floor":1},{"not_picked":["Scarecrow","Murderer"],"picked":"Mercenary","floor":3},{"not_picked":["Gatherer:FinishingStrike","Gatherer:SealedBomb"],"picked":"Gatherer:AromaProtection","floor":3},{"not_picked":["CherryBlossoms","BeautyBeast","OSAHOGD"],"picked":"Singing Bowl","floor":4},{"not_picked":["MHz","CherryBlossoms"],"picked":"RedShoes","floor":4},{"not_picked":["Gatherer:SealedBomb","Gatherer:Snatch"],"picked":"Gatherer:FlowerBeam","floor":4},{"not_picked":["Bloodbath","DreamingCurrent"],"picked":"Alriune","floor":7},{"not_picked":["Gatherer:AromaProtection","Gatherer:CarefulStrike"],"picked":"Gatherer:FruitForce","floor":7},{"not_picked":["BigBadWolf","OSAHOGD","DespairKnight"],"picked":"Singing Bowl","floor":8},{"not_picked":["ShyLook","PunishingBird"],"picked":"Porccubus","floor":8},{"not_picked":["Gatherer:GatherMaterial","Gatherer:RecoveryHerb"],"picked":"Gatherer:FragileHammer","floor":8}],"player_experience":283175,"relics_obtained":[{"floor":1,"key":"LetterFromLob"},{"floor":7,"key":"Ginger"},{"floor":9,"key":"conspire:DecoderRing"}],"event_choices":[{"cards_removed":["Gatherer:Defend_Gatherer"],"damage_healed":0,"gold_gain":0,"player_choice":"Purged","damage_taken":0,"max_hp_gain":0,"max_hp_loss":0,"event_name":"Purifier","floor":5,"gold_loss":0},{"damage_healed":44,"gold_gain":0,"player_choice":"Embrace Burn","damage_taken":0,"max_hp_gain":0,"max_hp_loss":76,"event_name":"betterThird:BetterShining","floor":10,"gold_loss":0}],"is_beta":false,"boss_relics":[],"items_purged_floors":[],"is_endless":false,"potions_floor_spawned":[3,8],"killed_by":"3 Sentries","ascension_level":1}}