{"host":"5iqr6jnxsq1ojyp4","time":1608465772,"event":{"mods":["AchievementEnabler","BaseMod","Better Altar","Better Match","Better Note","Better Sensory Stone","Better Skull","Better Third Choice","BetterRewards","Block Reminder","CCEM","Colored Map","Colored Powertips","Downfall","Googly Eyes","Highlight Path","Minty Spire (QoL Compilation)","Permanent Neow","Quick Restart","Rare Cards Sparkle","Relic Stats","Replay The Spire","StSLib","Unceasing Turn Reminder"],"gold_per_floor":[199,224,243,255,269,269,269,283,310,310,330,382,382,402,419,520,520,520,520,538,550,550,400,400,425,444,444,460,191,212,412,427,427,427],"floor_reached":33,"playtime":3632,"items_purged":[],"score":306,"play_id":"07a2b08b-2780-46c9-a8bf-b29c9c3c211b","local_time":"20201220040252","is_ascension_mode":false,"campfire_choices":[{"data":"hexamod:Float","floor":1.0,"key":"SMITH"},{"floor":10.0,"key":"REST"},{"data":"hexamod:BurningTouch","floor":18.0,"key":"SMITH"},{"floor":27.0,"key":"REST"}],"circlet_count":0,"master_deck":["hexamod:Strike","hexamod:Strike","hexamod:Strike","hexamod:Strike","hexamod:Defend","hexamod:Defend","hexamod:Defend+1","hexamod:Defend","hexamod:Sear","hexamod:Float+1","hexamod:FirstSeal","hexamod:Firestarter","hexamod:BurningTouch+1","hexamod:HauntingEcho","hexamod:SwordOfDarkness","hexamod:CatchUp","hexamod:DynamicBlow","hexamod:FastForward","hexamod:CatchUp","hexamod:FastForward","hexamod:TimeOfNeed","hexamod:NightmareGuise","hexamod:PhantomFireball","hexamod:RecurringNightmare","hexamod:ThirdSeal","hexamod:SpectersWail","hexamod:HauntingEcho","hexamod:ShieldOfDarkness","hexamod:SearingWound","hexamod:SecondSeal","hexamod:AdvancingGuard","hexamod:ThermalTransfer+1","hexamod:StepThrough","hexamod:NightmareStrike","hexamod:NecessarySacrifice"],"relics":["hexamod:SpiritBrand","CCEMRelics:OverlyComfyChair","MealTicket","CCEMRelics:Pendulum","Pantograph","CCEMRelics:GreenEgg","CCEMRelics:D6","Pen Nib","Membership Card"],"acts_visited":["Exordium","TheCity"],"potions_floor_usage":[33,33,33],"damage_taken":[{"damage":40.0,"enemies":"Lagavulin","floor":2.0,"turns":11.0},{"damage":4.0,"enemies":"Jaw Worm","floor":3.0,"turns":4.0},{"damage":4.0,"enemies":"Small Slimes","floor":4.0,"turns":3.0},{"damage":0.0,"enemies":"Cultist","floor":5.0,"turns":3.0},{"damage":5.0,"enemies":"Large Slime","floor":8.0,"turns":4.0},{"damage":25.0,"enemies":"3 Sentries","floor":9.0,"turns":9.0},{"damage":6.0,"enemies":"3 Louse","floor":11.0,"turns":3.0},{"damage":5.0,"enemies":"Exordium Wildlife","floor":14.0,"turns":3.0},{"damage":5.0,"enemies":"Exordium Thugs","floor":15.0,"turns":4.0},{"damage":34.0,"enemies":"downfall:Ironclad","floor":16.0,"turns":9.0},{"damage":11.0,"enemies":"Spheric Guardian","floor":20.0,"turns":5.0},{"damage":10.0,"enemies":"Chosen","floor":21.0,"turns":6.0},{"damage":21.0,"enemies":"Book of Stabbing","floor":25.0,"turns":5.0},{"damage":37.0,"enemies":"3 Cultists","floor":26.0,"turns":6.0},{"damage":16.0,"enemies":"Sentry and Sphere","floor":28.0,"turns":7.0},{"damage":0.0,"enemies":"downfall:FleeingMerchant","floor":29.0,"turns":4.0},{"damage":12.0,"enemies":"Centurion and Healer","floor":30.0,"turns":6.0},{"damage":11.0,"enemies":"Snake Plant","floor":32.0,"turns":3.0},{"damage":84,"enemies":"downfall:Watcher","floor":33,"turns":8}],"seed_played":"-1740822374856185247","potions_obtained":[{"floor":2.0,"key":"Fire Potion"},{"floor":5.0,"key":"Fire Potion"},{"floor":11.0,"key":"hexamod:DoubleChargePotion"},{"floor":21.0,"key":"Languid Potion"},{"floor":26.0,"key":"SkillPotion"}],"is_trial":false,"path_per_floor":["R","E","M","M","M","?","T","M","E","R","M","?","?","M","M","B",null,"R","?","M","M","?","?","T","E","M","R","M","$","M","?","M","B"],"character_chosen":"THE_SPIRIT","items_purchased":["Membership Card","hexamod:SearingWound","hexamod:SecondSeal","hexamod:AdvancingGuard"],"campfire_rested":2,"item_purchase_floors":[29,29,29,29],"current_hp_per_floor":[70,30,35,38,48,48,48,53,35,56,57,29,29,25,27,18,70,70,70,66,65,64,80,80,66,36,60,51,77,72,72,61,0,0],"gold":427,"neow_bonus":"HUNDRED_GOLD","is_daily":false,"chose_seed":false,"campfire_upgraded":2,"win_rate":0.0,"timestamp":1608465772,"path_taken":["R","E","M","M","M","?","T","M","E","R","M","?","?","?","M","BOSS","R","?","M","M","?","?","T","E","?","R","M","?","M","?","M","BOSS"],"items_purchased_type":["Relic","Card","Card","Card"],"build_version":"2020-12-13","purchased_purges":0,"victory":false,"max_hp_per_floor":[70,70,70,70,70,70,70,70,70,70,70,70,70,70,70,70,70,70,70,70,70,70,80,80,80,80,80,80,80,80,80,80,80,80],"relic_stats":{"counters":[19,103],"Pantograph":44,"MealTicket":15,"Pen Nib":[5],"obtain_stats":[{"CCEMRelics:GreenEgg":17,"CCEMRelics:OverlyComfyChair":2,"Pantograph":12,"CCEMRelics:Pendulum":9,"MealTicket":7,"CCEMRelics:D6":24,"Pen Nib":25,"Membership Card":29,"hexamod:SpiritBrand":0},{"CCEMRelics:GreenEgg":10,"CCEMRelics:OverlyComfyChair":1,"Pantograph":7,"CCEMRelics:Pendulum":6,"MealTicket":4,"CCEMRelics:D6":12,"Pen Nib":13,"Membership Card":16,"hexamod:SpiritBrand":0},{"CCEMRelics:GreenEgg":53,"CCEMRelics:OverlyComfyChair":11,"Pantograph":37,"CCEMRelics:Pendulum":34,"MealTicket":21,"CCEMRelics:D6":64,"Pen Nib":69,"Membership Card":86,"hexamod:SpiritBrand":0}]},"card_choices":[{"not_picked":["hexamod:HauntingEcho","hexamod:EtherealExpedition"],"picked":"hexamod:FirstSeal","floor":2.0},{"not_picked":["hexamod:NightmareStrike","hexamod:InspiringFlames"],"picked":"hexamod:Firestarter","floor":3.0},{"not_picked":["hexamod:EtherealExpedition","hexamod:NightmareGuise"],"picked":"hexamod:BurningTouch","floor":4.0},{"not_picked":["hexamod:WildfireWeapon","hexamod:BacktrackSmack"],"picked":"hexamod:HauntingEcho","floor":5.0},{"not_picked":["hexamod:ThermalTransfer","hexamod:GhostShield"],"picked":"hexamod:SwordOfDarkness","floor":8.0},{"not_picked":["hexamod:GhostShield","hexamod:SoulSteal"],"picked":"hexamod:CatchUp","floor":9.0},{"not_picked":["hexamod:InspiringFlames","hexamod:ThermalTransfer"],"picked":"hexamod:DynamicBlow","floor":11.0},{"not_picked":["hexamod:ShieldOfDarkness","hexamod:SpectersWail"],"picked":"hexamod:FastForward","floor":12.0},{"not_picked":["hexamod:SwordOfDarkness","hexamod:SpectersWail"],"picked":"hexamod:CatchUp","floor":14.0},{"not_picked":["hexamod:GhostOfSpireFuture","hexamod:BacktrackSmack"],"picked":"hexamod:FastForward","floor":15.0},{"not_picked":["hexamod:GhostflameInferno","hexamod:ParanormalForm"],"picked":"hexamod:TimeOfNeed","floor":16.0},{"not_picked":["hexamod:InspiringFlames","hexamod:Incineration"],"picked":"hexamod:NightmareGuise","floor":20.0},{"not_picked":["hexamod:InspiringFlames","hexamod:HeatMetal+1"],"picked":"hexamod:PhantomFireball","floor":21.0},{"not_picked":["hexamod:ThermalTransfer","hexamod:InspiringFlames"],"picked":"hexamod:RecurringNightmare","floor":25.0},{"not_picked":["hexamod:Rewind+1","hexamod:SoulSteal"],"picked":"hexamod:ThirdSeal","floor":26.0},{"not_picked":["hexamod:HeatShield","hexamod:DynamicBlow+1"],"picked":"hexamod:SpectersWail","floor":28.0},{"not_picked":["hexamod:GhostShield","hexamod:HeatShield"],"picked":"hexamod:HauntingEcho","floor":29.0},{"not_picked":["hexamod:Firestarter","hexamod:SpectralAdrenaline"],"picked":"hexamod:ShieldOfDarkness","floor":29.0},{"not_picked":["hexamod:NightmareGuise","hexamod:GhostShield"],"picked":"hexamod:ThermalTransfer+1","floor":30.0},{"not_picked":["hexamod:FastForward+1","hexamod:AdvancingGuard+1"],"picked":"hexamod:StepThrough","floor":30.0},{"not_picked":["hexamod:RadiantFlame","hexamod:ThermalTransfer+1"],"picked":"hexamod:NightmareStrike","floor":32.0},{"not_picked":["hexamod:FastForward","hexamod:GhostLash"],"picked":"hexamod:NecessarySacrifice","floor":32.0}],"player_experience":284112,"relics_obtained":[{"floor":2.0,"key":"CCEMRelics:OverlyComfyChair"},{"floor":7.0,"key":"MealTicket"},{"floor":9.0,"key":"CCEMRelics:Pendulum"},{"floor":12.0,"key":"Pantograph"},{"floor":24.0,"key":"CCEMRelics:D6"},{"floor":25.0,"key":"Pen Nib"}],"event_choices":[{"damage_healed":0.0,"max_hp_gain":0.0,"max_hp_loss":0.0,"gold_gain":0.0,"event_name":"Lab","player_choice":"Got Potions","floor":13.0,"gold_loss":0.0,"damage_taken":0.0},{"damage_healed":0.0,"max_hp_gain":0.0,"max_hp_loss":0.0,"gold_gain":0.0,"event_name":"betterSkull:BetterSkull","player_choice":"","floor":22.0,"gold_loss":0.0,"damage_taken":1.0,"cards_upgraded":[],"relics_obtained":[]},{"damage_healed":0.0,"max_hp_gain":0.0,"max_hp_loss":0.0,"gold_gain":200.0,"event_name":"Wheel of Change","player_choice":"Gold","floor":31.0,"gold_loss":0.0,"damage_taken":0.0}],"is_beta":false,"boss_relics":[{"not_picked":["SacredBark","hexamod:IceCube"],"picked":"CCEMRelics:GreenEgg"}],"items_purged_floors":[],"is_endless":false,"potions_floor_spawned":[2,5,11,14,15,21,26,30,32],"killed_by":"downfall:Watcher","ascension_level":0}}