{"host":"k4sml0yodkvgduav","time":1608422501,"event":{"mods":["Act Like it!","BaseMod","CapriCore","Hallownest","Hermit","Highlight Path","Luminous","Minty Spire (QoL Compilation)","MostiFishMod","Quick Restart","Replay The Spire","Spicy Shops","StSLib","The Administrix","The Servant 0.9.4","TheSwordswoman","UnlockEverythingMod","Youmu（魂魄妖梦）","Yuyuko","【东方二次创作】八云紫mod"],"gold_per_floor":[111,130,146,146,109,109,123,137,137,167,167,167,167,43,43,145,145,156,167,183,198,254,254,254,254,304,224,224,260,260,3,3,127,127,161,43,71,105,146,146,201,201,226,270,3,3,3,3,3,3,3,135],"floor_reached":53,"playtime":26054,"items_purged":["AdministrixMod:Defend_Administrix","AdministrixMod:Defend_Administrix","AdministrixMod:Defend_Administrix"],"score":890,"play_id":"b6ecee8d-0095-4c37-90b6-b107dde83248","local_time":"20201220080141","is_ascension_mode":false,"campfire_choices":[{"data":"AdministrixMod:LightOfYourLife","floor":6.0,"key":"SMITH"},{"data":"AdministrixMod:TrickOfTheLight","floor":11.0,"key":"SMITH"},{"data":"Shame","floor":15.0,"key":"PURGE"},{"data":"AdministrixMod:HaveItAll","floor":23.0,"key":"SMITH"},{"data":"AdministrixMod:TrickOfTheLight","floor":25.0,"key":"SMITH"},{"data":"Hallownest:skillCityofTearsMap","floor":32.0,"key":"SMITH"},{"data":"AdministrixMod:Schism","floor":40.0,"key":"SMITH"},{"data":"AdministrixMod:CosmosControl","floor":47,"key":"SMITH"},{"data":"AdministrixMod:NewbornDivinity","floor":51,"key":"SMITH"}],"circlet_count":0,"master_deck":["AdministrixMod:Strike_Administrix","AdministrixMod:Strike_Administrix","AdministrixMod:Strike_Administrix","AdministrixMod:Strike_Administrix","AdministrixMod:RedCloak","AdministrixMod:Defend_Administrix","AdministrixMod:BlueCloak","AdministrixMod:ChooseYourEnd","AdministrixMod:LightOfYourLife","AdministrixMod:TrickOfTheLight+1","AdministrixMod:LightOfYourLife+1","AdministrixMod:CosmosControl+1","AdministrixMod:TrickOfTheLight+1","AdministrixMod:CenturiesAscent","AdministrixMod:HaveItAll+1","AdministrixMod:RisingSunPrince+1","AdministrixMod:FeastOfDew+1","Hallownest:skillCityofTearsMap+1","AdministrixMod:NewbornDivinity+1","AdministrixMod:HaveItAll+1","AdministrixMod:ExtolVirtue+1","AdministrixMod:Schism+1","AdministrixMod:ReachToHeaven","AdministrixMod:BattleforgedBonds+1"],"relics":["AdministrixMod:ConductorRitualBaton","DaveBox","BionicSphere","NeowsBlessing","Question Card","Replay:Mystery Machine","Vajra","Matryoshka","Civilization","ImportantClient","AdministrixMod:ElixirOfImmorality","Replay:Bandana","Omamori","Red Mask","Toxic Egg 2","SacredBark","DollysMirror","Quantum Egg","White Beast Statue","Anchor","Nunchaku","Lee\u0027s Waffle"],"acts_visited":["Exordium","Hallownest:Greenpath","Hallownest:CityofTears"],"potions_floor_usage":[],"damage_taken":[{"damage":0.0,"enemies":"Hallownest:2_Baldur","floor":1.0,"turns":1.0},{"damage":0.0,"enemies":"Hallownest:2_Tiktiks_and_1_Crawlid","floor":2.0,"turns":1.0},{"damage":0.0,"enemies":"Hallownest:monsterHuskWarrior","floor":3.0,"turns":1.0},{"damage":0.0,"enemies":"Hallownest:1_Baldur_1_Crawlid_1_Warrior","floor":7.0,"turns":6.0},{"damage":0.0,"enemies":"Hallownest:2_Tiktiks_1_Baldur_1_Crawlid","floor":8.0,"turns":4.0},{"damage":0.0,"enemies":"Hallownest:eliteMossKnight","floor":10.0,"turns":10.0},{"damage":10.0,"enemies":"Hallownest:BossFalseKnight","floor":16.0,"turns":9.0},{"damage":0.0,"enemies":"Hallownest:Flukemon_and_Top","floor":18.0,"turns":5.0},{"damage":0.0,"enemies":"Hallownest:Guard_and_Sentry","floor":19.0,"turns":2.0},{"damage":0.0,"enemies":"Hallownest:Warrior_and_Youth","floor":20.0,"turns":3.0},{"damage":0.0,"enemies":"Hallownest:Master_and_Novice","floor":21.0,"turns":1.0},{"damage":0.0,"enemies":"Hallownest:Glutton_and_Coward","floor":22.0,"turns":2.0},{"damage":0.0,"enemies":"Hallownest:2_Husk_Sentries","floor":29.0,"turns":3.0},{"damage":0.0,"enemies":"Hallownest:BossGrimm","floor":33.0,"turns":4.0},{"damage":0.0,"enemies":"Hallownest:Shield_Heavy","floor":35.0,"turns":1.0},{"damage":0.0,"enemies":"Hallownest:3_Siblings","floor":37.0,"turns":1.0},{"damage":0.0,"enemies":"Hallownest:2_Wing_and_1_Kings","floor":38.0,"turns":1.0},{"damage":0.0,"enemies":"Hallownest:Slobbering_and_Violent","floor":39.0,"turns":3.0},{"damage":0.0,"enemies":"Hallownest:StalkingDevout","floor":41.0,"turns":2.0},{"damage":0,"enemies":"Hallownest:eliteHiveKnight","floor":44,"turns":2},{"damage":0,"enemies":"Hallownest:Radiance","floor":52,"turns":3}],"seed_played":"-2034382977937472250","potions_obtained":[{"floor":1.0,"key":"Toxic Potion"},{"floor":16.0,"key":"SpeedPotion"},{"floor":18.0,"key":"Adrenaline Potion"},{"floor":20.0,"key":"Venom Potion"},{"floor":22.0,"key":"Elixir"}],"is_trial":false,"path_per_floor":["M","M","M","?","$","R","M","M","T","E","R","?","T","$","R","B",null,"M","M","M","M","M","R","?","R","T","?","?","M","?","$","R","B",null,"M","$","M","M","M","R","E","?","T","E","$","?","R","PTL","PTL","?","R","B",null],"character_chosen":"TheAdministrix","items_purchased":["AdministrixMod:LightOfYourLife","Civilization","Toxic Egg 2","DollysMirror","Lee\u0027s Waffle"],"campfire_rested":0,"item_purchase_floors":[5,14,31,36,45],"current_hp_per_floor":[65,65,65,65,65,65,65,65,65,65,65,56,56,56,56,47,66,68,72,78,86,96,96,96,96,96,96,96,108,108,108,108,121,121,136,136,154,175,198,198,224,224,224,251,258,258,258,258,258,258,258,286],"gold":135,"neow_bonus":"THREE_ENEMY_KILL","is_daily":false,"chose_seed":false,"campfire_upgraded":8,"win_rate":0.0,"timestamp":1608422501,"path_taken":["M","M","M","?","$","R","M","M","T","E","R","?","?","$","R","BOSS","M","M","M","M","M","R","?","R","T","?","?","M","?","$","R","BOSS","M","$","M","M","M","R","E","?","T","E","$","?","R","PTL","PTL","?","R","BOSS"],"items_purchased_type":["Card","Relic","Relic","Relic","Relic"],"build_version":"2020-12-13","purchased_purges":3,"victory":true,"max_hp_per_floor":[65,65,65,65,65,65,65,65,65,65,65,65,65,65,65,66,66,68,72,78,86,96,96,96,96,96,96,96,108,108,108,108,121,121,136,136,154,175,198,198,224,224,224,251,258,258,258,258,258,258,258,286],"card_choices":[{"not_picked":["AdministrixMod:Convergence","AdministrixMod:SipOfSparks"],"picked":"AdministrixMod:ChooseYourEnd","floor":1.0},{"not_picked":["AdministrixMod:ExtolVirtue","AdministrixMod:TouchOfCinnabar","AdministrixMod:DiversionaryTactic"],"picked":"AdministrixMod:LightOfYourLife","floor":2.0},{"not_picked":["AdministrixMod:ImmortalGrace","AdministrixMod:BegetEternity","AdministrixMod:ExtolVirtue"],"picked":"AdministrixMod:TrickOfTheLight","floor":3.0},{"not_picked":["AdministrixMod:NoblePath","AdministrixMod:HiddenPower","AdministrixMod:SyncreticPlunge"],"picked":"AdministrixMod:CosmosControl","floor":7.0},{"not_picked":["AdministrixMod:NoblePath","AdministrixMod:LightOfYourLife","AdministrixMod:ImmortalPurity"],"picked":"AdministrixMod:TrickOfTheLight","floor":8.0},{"not_picked":["AdministrixMod:TouchOfCinnabar","AdministrixMod:Overdrive","AdministrixMod:CrackingPangu"],"picked":"AdministrixMod:CenturiesAscent","floor":10.0},{"not_picked":["AdministrixMod:HopeInTheDark","AdministrixMod:LifeforceNet","AdministrixMod:Mastermind"],"picked":"AdministrixMod:HaveItAll","floor":16.0},{"not_picked":["AdministrixMod:TouchOfCinnabar","AdministrixMod:SealAway+1","AdministrixMod:NoblePath","AdministrixMod:ImmortalPurity"],"picked":"SKIP","floor":18.0},{"not_picked":["AdministrixMod:SipOfSparks","AdministrixMod:RegentEdict","AdministrixMod:CrackingPangu+1","AdministrixMod:QuietConspiracy"],"picked":"SKIP","floor":19.0},{"not_picked":["AdministrixMod:StarSwordSoul","AdministrixMod:GuanyinBlessing","AdministrixMod:PlateOfAntiquity"],"picked":"AdministrixMod:RisingSunPrince+1","floor":20.0},{"not_picked":["AdministrixMod:SyncreticSurge","AdministrixMod:LightOfYourLife","AdministrixMod:TouchOfCinnabar","AdministrixMod:SealAway+1"],"picked":"SKIP","floor":21.0},{"not_picked":["AdministrixMod:ImmortalPurity","AdministrixMod:SyncreticPlunge","AdministrixMod:ExtolVirtue"],"picked":"AdministrixMod:FeastOfDew+1","floor":22.0},{"not_picked":["AdministrixMod:FaithfulFlames","AdministrixMod:DiversionaryTactic+1","AdministrixMod:Transition","AdministrixMod:ShadowPlay+1"],"picked":"SKIP","floor":29.0},{"not_picked":["AdministrixMod:AmassedMasks+1","AdministrixMod:FalseDeath+1","AdministrixMod:BattleforgedBonds+1"],"picked":"AdministrixMod:NewbornDivinity","floor":33.0},{"not_picked":["AdministrixMod:UnstableVigor+1","AdministrixMod:ImmortalPurity+1","AdministrixMod:JustRewards","AdministrixMod:BishamonBlessing+1"],"picked":"SKIP","floor":35.0},{"not_picked":["AdministrixMod:LightOfYourLife+1","AdministrixMod:RegentEdict","AdministrixMod:CenturiesAscent+1","AdministrixMod:XianArts+1"],"picked":"SKIP","floor":37.0},{"not_picked":["AdministrixMod:ImmortalGrace+1","AdministrixMod:CrackingPangu","AdministrixMod:ImmortalPurity+1"],"picked":"AdministrixMod:ExtolVirtue+1","floor":38.0},{"not_picked":["AdministrixMod:SyncreticPlunge+1","AdministrixMod:TrickOfTheLight","AdministrixMod:CrackingPangu+1"],"picked":"AdministrixMod:Schism","floor":39.0},{"not_picked":["AdministrixMod:HiddenPower+1","AdministrixMod:Wuji+1","AdministrixMod:DiversionaryTactic"],"picked":"AdministrixMod:ReachToHeaven","floor":41.0},{"not_picked":["AdministrixMod:SipOfSparks+1","AdministrixMod:ImmortalPurity+1","AdministrixMod:TrickOfTheLight","AdministrixMod:XianArts"],"picked":"SKIP","floor":44},{"not_picked":["AdministrixMod:CosmosControl+1","AdministrixMod:Mastermind+1","AdministrixMod:Schism"],"picked":"AdministrixMod:BattleforgedBonds+1","floor":52}],"player_experience":321279,"relics_obtained":[{"floor":1.0,"key":"Question Card"},{"floor":9.0,"key":"Replay:Mystery Machine"},{"floor":10.0,"key":"Vajra"},{"floor":13.0,"key":"Matryoshka"},{"floor":16.0,"key":"ImportantClient"},{"floor":26.0,"key":"Replay:Bandana"},{"floor":26.0,"key":"Omamori"},{"floor":41.0,"key":"Quantum Egg"},{"floor":43,"key":"White Beast Statue"},{"floor":43,"key":"Anchor"},{"floor":44,"key":"Nunchaku"}],"event_choices":[],"is_beta":false,"boss_relics":[{"not_picked":["Coffee Dripper","SlaversCollar"],"picked":"AdministrixMod:ElixirOfImmorality"},{"not_picked":["Abe\u0027s Treasure","Pandora\u0027s Box"],"picked":"SacredBark"}],"items_purged_floors":[31,45,45],"is_endless":false,"potions_floor_spawned":[1,16,18,20,22,29,37,38,39,44,52],"ascension_level":0}}