{"host":"5j53u3d72gsce0fe","time":1608433497,"event":{"mods":["2.2 Compatiblity","AchievementEnabler","Aspiration","BaseMod","Beaked The Cultist","Better Altar","Better Match","Better Note","Better Sensory Stone","Better Skull","Better Third Choice","Better Vampires","Block Reminder","CCEM","Card Forge","Colored Map","Colored Powertips","Colorless Booster Pack","Conspire","Defuse TimeMaze Blight","Dio Mod","Dota2Spire","Downfall-Rebalance","Emptier Cage","Energized Spire","Friendly Minions","GifTheSpireLib","Hermit","HexUI Lib","Hubris","Humility","Infinite Spire","Marked Mod","Mimic Mod","Minty Spire (QoL Compilation)","Relic Filter","Replay The Spire","Retaliation","Shade Mod","Small Relic Pack","StSLib","Stuff the Spire","The Animator","The Bug Knight","Transform Curses","Unceasing Turn Reminder","???Mod??????Boss"],"gold_per_floor":[110,123,177,91,109,127,127,127],"floor_reached":7,"playtime":607,"items_purged":[],"score":45,"play_id":"9bd9ae8d-2cb2-47c0-bc19-7f0dcbbb621d","local_time":"20201219190457","is_ascension_mode":true,"campfire_choices":[],"circlet_count":0,"master_deck":["HollowMod:NailStrikeStart","HollowMod:NailStrikeStart","HollowMod:NailStrikeStart","HollowMod:QuickDashStart","HollowMod:QuickDashStart","HollowMod:QuickDashStart","HollowMod:FocusHealStart+1","HollowMod:PogoStrike+1","HollowMod:CrystalDash+1","HollowMod:NewJinnsSoul+1","HollowMod:NewJinnsSoul+1","HollowMod:SiblingsSouls+1","HollowMod:AwokenDreamNail+1","expansioncontent:CaCaw+1","HollowMod:SoulEater+1","HollowMod:DoubleDash+1"],"relics":["HollowMod:VesselMask","Hammer of Thor","Seething Fire","Anvil of the Gods","Dota2Spire:EtherealBlade"],"acts_visited":["Exordium"],"potions_floor_usage":[],"damage_taken":[{"damage":0.0,"enemies":"Jaw Worm","floor":1.0,"turns":5.0},{"damage":0.0,"enemies":"conspire:RoseBush","floor":2.0,"turns":3.0},{"damage":0.0,"enemies":"2 Louse","floor":5.0,"turns":3.0},{"damage":1.0,"enemies":"conspire:2 RoseBushes","floor":6.0,"turns":8.0},{"damage":81,"enemies":"Gremlin Nob","floor":7,"turns":5}],"seed_played":"-3414558323078449961","potions_obtained":[{"floor":1.0,"key":"GamblersBrew"}],"is_trial":false,"path_per_floor":["M","M","?","$","M","M","E"],"character_chosen":"THE_BUGKNIGHT","items_purchased":["expansioncontent:CaCaw"],"campfire_rested":0,"item_purchase_floors":[4],"current_hp_per_floor":[75,75,75,75,75,74,0,0],"gold":127,"neow_bonus":"RANDOM_EVENT","is_daily":false,"chose_seed":false,"campfire_upgraded":0,"win_rate":0.0,"timestamp":1608433497,"path_taken":["M","M","?","$","M","M","E"],"items_purchased_type":["Card"],"build_version":"2020-12-13","purchased_purges":0,"victory":false,"max_hp_per_floor":[75,75,75,75,75,75,75,75],"card_choices":[{"not_picked":["HollowMod:BlackTendrils","HollowMod:LuriensSpire"],"picked":"HollowMod:NewJinnsSoul","floor":1.0},{"not_picked":["HollowMod:SoulSplash","HollowMod:CloakDash"],"picked":"HollowMod:NewJinnsSoul","floor":2.0},{"not_picked":["HollowMod:DoubleDash","HollowMod:CornifersMapStart"],"picked":"HollowMod:SiblingsSouls","floor":3.0},{"not_picked":["HollowMod:CycloneSlash","HollowMod:BrokenVessel"],"picked":"HollowMod:AwokenDreamNail","floor":3.0},{"not_picked":["HollowMod:MonarchWings","HollowMod:CoiledNail"],"picked":"HollowMod:SoulEater","floor":5.0},{"not_picked":["HollowMod:FastStrike","HollowMod:GrimmsGift"],"picked":"HollowMod:DoubleDash","floor":6.0}],"player_experience":1189608,"relics_obtained":[{"floor":3.0,"key":"Dota2Spire:EtherealBlade"}],"event_choices":[{"damage_healed":0.0,"max_hp_gain":0.0,"max_hp_loss":0.0,"gold_gain":0.0,"cards_transformed":["HollowMod:NailStrikeStart"],"event_name":"Living Wall","player_choice":"Change","floor":0.0,"gold_loss":0.0,"damage_taken":0.0,"cards_obtained":["HollowMod:CrystalDash"]}],"is_beta":false,"boss_relics":[],"items_purged_floors":[],"is_endless":false,"potions_floor_spawned":[1],"killed_by":"Gremlin Nob","ascension_level":1}}