{"host":"vd5put2n5b3t1prw","time":1608503062,"event":{"mods":["2.2 Compatiblity","AchievementEnabler","BaseMod","Better Altar","Better Match","Better Note","Better Sensory Stone","Better Silent Start","Better Skull","Better Third Choice","Better Vampires","Better-Laid Plans","BetterRewards","Block Reminder","Card Forge","Colored Map","Custom Start","Downfall","Emptier Cage","Marked Mod","Minty Spire (QoL Compilation)","Quick Restart","Random Character Button","Relic Stats","Reorder Act Four","Spicy Shops","StSLib","Transform Curses","Waifu the Spire"],"gold_per_floor":[109,127,142,154,154,154,5,41,41,54,84,84,15,39,39,163,163,179,193,193,293,293,324,339,96,147,147,187,56,56,120,120,245,245,258,308,358,371,748,748,762,263,263,263,283,283,316,341,341,341,341,33,33,64,64,64],"floor_reached":55,"playtime":9295,"items_purged":["Strike_P","MarkedMod:GracefulMovements+1","Defend_P","LessonLearned","Decay"],"score":1606,"play_id":"15d664a0-79f6-4637-88d6-52c5528e0c19","local_time":"20201220162422","is_ascension_mode":true,"campfire_choices":[{"data":"Evaluate","floor":6,"key":"SMITH"},{"data":"EmptyFist","floor":15,"key":"SMITH"},{"data":"Blasphemy","floor":27,"key":"SMITH"},{"data":"FlurryOfBlows","floor":32,"key":"SMITH"},{"floor":40,"key":"RECALL"},{"data":"Prostrate","floor":44,"key":"SMITH"},{"data":"MarkedMod:PinPointDefense","floor":46,"key":"SMITH"},{"data":"FlurryOfBlows","floor":49,"key":"SMITH"},{"data":"FlurryOfBlows","floor":53,"key":"SMITH"}],"circlet_count":0,"master_deck":["Defend_P+1","Defend_P+1","MarkedMod:PinPointDefense+1","Evaluate+1","InnerPeace","Tantrum+1","CutThroughFate+1","SandsOfTime+1","Protect","FlurryOfBlows+1","Weave","Prostrate+1","SpiritShield+1","EmptyFist+1","CutThroughFate+1","Blasphemy+1","Halt+1","Establishment+1","FlurryOfBlows+1","ThirdEye+1","PathToVictory+1","Evaluate+1","expansioncontent:SuperHexaguard","PathToVictory","Prostrate+1","expansioncontent:Flail","Dark Shackles","FlurryOfBlows+1","Prostrate+1","Prostrate+1","Brilliance","CutThroughFate+1","BattleHymn+1","PathToVictory+1","FlurryOfBlows+1","Evaluate+1"],"relics":["PureWater","Hammer of Thor","Seething Fire","Anvil of the Gods","Shuriken","Ginger","Damaru","Golden Idol","Thread and Needle","Eternal Feather","Matryoshka","Astrolabe","Pantograph","TeardropLocket","Vajra","Smiling Mask","Art of War","SsserpentHead","Coffee Dripper","Membership Card","PreservedInsect","Ornamental Fan","Oddly Smooth Stone","Boot","Pen Nib","Bag of Marbles","Bronze Scales","Gambling Chip"],"acts_visited":["Exordium","TheCity","TheBeyond","TheEnding"],"potions_floor_usage":[3,8,18,20,31,33,55,55],"damage_taken":[{"damage":5,"enemies":"2 Louse","floor":1,"turns":4},{"damage":4,"enemies":"Jaw Worm","floor":2,"turns":2},{"damage":12,"enemies":"Small Slimes","floor":3,"turns":3},{"damage":3,"enemies":"Blue Slaver","floor":4,"turns":7},{"damage":9,"enemies":"Lagavulin","floor":8,"turns":4},{"damage":6,"enemies":"Exordium Thugs","floor":10,"turns":6},{"damage":2,"enemies":"Gremlin Gang","floor":14,"turns":3},{"damage":0,"enemies":"Slime Boss","floor":16,"turns":3},{"damage":5,"enemies":"2 Thieves","floor":18,"turns":3},{"damage":10,"enemies":"3 Byrds","floor":19,"turns":4},{"damage":0,"enemies":"Shelled Parasite and Fungi","floor":20,"turns":1},{"damage":17,"enemies":"Gremlin Leader","floor":23,"turns":4},{"damage":1,"enemies":"Snecko","floor":24,"turns":7},{"damage":18,"enemies":"Slavers","floor":28,"turns":4},{"damage":0,"enemies":"Centurion and Healer","floor":31,"turns":3},{"damage":3,"enemies":"Champ","floor":33,"turns":6},{"damage":10,"enemies":"3 Darklings","floor":35,"turns":4},{"damage":3,"enemies":"Orb Walker","floor":38,"turns":5},{"damage":2,"enemies":"Jaw Worm Horde","floor":41,"turns":5},{"damage":5,"enemies":"Sphere and 2 Shapes","floor":45,"turns":5},{"damage":0,"enemies":"Giant Head","floor":47,"turns":2},{"damage":1,"enemies":"Maw","floor":48,"turns":4},{"damage":19,"enemies":"Donu and Deca","floor":50,"turns":5},{"damage":20,"enemies":"Shield and Spear","floor":54,"turns":2},{"damage":140,"enemies":"The Heart","floor":55,"turns":3}],"seed_played":"4211854622206682034","potions_obtained":[{"floor":1,"key":"Energy Potion"},{"floor":3,"key":"PowerPotion"},{"floor":14,"key":"FearPotion"},{"floor":16,"key":"Swift Potion"},{"floor":19,"key":"SmokeBomb"},{"floor":24,"key":"SteroidPotion"},{"floor":28,"key":"Slimebound:ThreeZeroPotion"},{"floor":33,"key":"EssenceOfSteel"},{"floor":35,"key":"CultistPotion"}],"is_trial":false,"path_per_floor":["M","M","M","M","?","R","$","E","T","M","?","?","$","M","R","B",null,"M","M","M","?","?","E","M","$","T","R","E","$","?","M","R","B",null,"M","?","?","M","?","R","M","$","T","R","M","R","E","M","R","B",null,"$","R","E","B"],"character_chosen":"WATCHER","items_purchased":["MarkedMod:PinPointDefense","Evaluate","Shuriken","Ginger","Damaru","CutThroughFate","Thread and Needle","EmptyFist","TeardropLocket","expansioncontent:SuperHexaguard","Membership Card","PreservedInsect","Prostrate","Brilliance","Ornamental Fan","Pen Nib","Bag of Marbles","Bronze Scales","FlurryOfBlows"],"campfire_rested":0,"item_purchase_floors":[0,0,0,0,0,0,7,13,25,29,42,42,42,42,42,52,52,52,52],"current_hp_per_floor":[60,56,44,41,41,41,41,32,32,26,26,26,26,24,36,36,59,54,44,44,44,48,31,30,30,30,45,27,27,27,27,42,64,66,56,56,56,53,22,40,38,38,38,56,51,67,67,66,67,48,62,62,67,47,0,0],"gold":64,"neow_bonus":"","is_daily":false,"chose_seed":false,"campfire_upgraded":8,"win_rate":0.0,"timestamp":1608503062,"path_taken":["M","M","M","M","?","R","$","E","T","M","?","?","?","?","R","BOSS","M","?","?","?","?","E","M","$","T","R","E","?","?","?","R","BOSS","M","?","?","M","?","R","M","$","T","R","M","R","E","M","R","BOSS","$","R","E","BOSS"],"items_purchased_type":["Card","Card","Relic","Relic","Relic","Card","Relic","Card","Relic","Card","Relic","Relic","Card","Card","Relic","Relic","Relic","Relic","Card"],"build_version":"2020-12-13","purchased_purges":5,"victory":false,"max_hp_per_floor":[72,72,72,72,67,67,67,67,67,67,67,67,67,67,67,67,67,67,67,67,67,67,67,67,67,67,67,67,67,67,67,67,67,67,67,67,67,67,67,67,67,67,67,67,67,67,67,67,67,67,67,67,67,67,67,67],"relic_stats":{"counters":[125,522],"Golden Idol":151,"Astrolabe":["Halt","MarkedMod:GracefulMovements","Establishment"],"Eternal Feather":100,"PreservedInsect":962,"Pen Nib":[2],"Ginger":[16],"Smiling Mask":126,"Boot":[15],"SsserpentHead":200,"Shuriken":[63],"Ornamental Fan":[76],"Pantograph":45,"Bronze Scales":[183],"Gambling Chip":[14],"Art of War":[43],"obtain_stats":[{"Ice Cream":10,"Tiny House":34,"Gremlin Horn":9,"Vajra":46,"Hammer of Thor":0,"Ginger":9,"Bottled Tornado":44,"Boot":44,"Old Coin":44,"MarkedMod:AcupunctureKit":30,"Sozu":34,"Blood Vial":0,"Centennial Puzzle":26,"Sundial":30,"DollysMirror":0,"Strawberry":29,"Prayer Wheel":24,"Toxic Egg 2":23,"Pear":36,"Happy Flower":40,"Astrolabe":17,"Oddly Smooth Stone":6,"Eternal Feather":54,"Pen Nib":0,"Letter Opener":10,"War Paint":26,"Question Card":40,"Akabeko":43,"SlaversCollar":17,"OrangePellets":42,"Anvil of the Gods":0,"Shuriken":19,"Bronze Scales":24,"Molten Egg 2":41,"Black Star":34,"StrikeDummy":47,"Meat on the Bone":0,"Pocketwatch":46,"Darkstone Periapt":41,"Regal Pillow":47,"Singing Bowl":28,"Melange":0,"Mango":7,"Yang":54,"Incense Burner":52,"Juzu Bracelet":0,"TeardropLocket":43,"Ancient Tea Set":23,"Smiling Mask":26,"ClockworkSouvenir":52,"Frozen Eye":20,"SsserpentHead":30,"Nunchaku":25,"Shovel":28,"TheAbacus":0,"Matryoshka":9,"Mummified Hand":26,"Pantograph":0,"Gambling Chip":0,"Tiny Chest":14,"WingedGreaves":0,"Red Mask":28,"Chemical X":36,"InkBottle":22,"NeowsBlessing":0,"Golden Idol":5,"Damaru":47,"Thread and Needle":26,"PreservedInsect":40,"Omamori":40,"Seething Fire":0,"Frozen Egg 2":2,"White Beast Statue":13,"Mercury Hourglass":54,"CaptainsWheel":47,"Ornamental Fan":48,"Bloody Idol":22,"Orrery":4,"Coffee Dripper":17,"Art of War":0,"Bag of Marbles":14,"Bottled Lightning":9,"Membership Card":0,"PureWater":0,"TungstenRod":46,"Toy Ornithopter":54,"FossilizedHelix":38},{"Ice Cream":82,"Tiny House":93,"Gremlin Horn":57,"Vajra":21,"Hammer of Thor":0,"Ginger":4,"Bottled Tornado":72,"Boot":99,"Old Coin":21,"MarkedMod:AcupunctureKit":66,"Sozu":43,"Blood Vial":52,"Centennial Puzzle":89,"Sundial":41,"DollysMirror":52,"Strawberry":66,"Prayer Wheel":88,"Toxic Egg 2":10,"Pear":16,"Happy Flower":19,"Astrolabe":108,"Oddly Smooth Stone":30,"Eternal Feather":51,"Pen Nib":26,"Letter Opener":5,"War Paint":64,"Question Card":19,"Akabeko":72,"SlaversCollar":9,"OrangePellets":47,"Anvil of the Gods":0,"Shuriken":86,"Bronze Scales":88,"Molten Egg 2":19,"Black Star":15,"StrikeDummy":22,"Meat on the Bone":26,"Pocketwatch":48,"Darkstone Periapt":98,"Regal Pillow":49,"Singing Bowl":40,"Melange":26,"Mango":3,"Yang":25,"Incense Burner":76,"Juzu Bracelet":78,"TeardropLocket":47,"Ancient Tea Set":63,"Smiling Mask":113,"ClockworkSouvenir":76,"Frozen Eye":61,"SsserpentHead":114,"Nunchaku":39,"Shovel":12,"TheAbacus":26,"Matryoshka":105,"Mummified Hand":11,"Pantograph":26,"Gambling Chip":78,"Tiny Chest":59,"WingedGreaves":52,"Red Mask":91,"Chemical X":68,"InkBottle":62,"NeowsBlessing":0,"Golden Idol":104,"Damaru":22,"Thread and Needle":39,"PreservedInsect":46,"Omamori":71,"Seething Fire":0,"Frozen Egg 2":53,"White Beast Statue":8,"Mercury Hourglass":77,"CaptainsWheel":74,"Ornamental Fan":75,"Bloody Idol":87,"Orrery":28,"Coffee Dripper":60,"Art of War":78,"Bag of Marbles":84,"Bottled Lightning":31,"Membership Card":52,"PureWater":0,"TungstenRod":21,"Toy Ornithopter":25,"FossilizedHelix":96},{"Ice Cream":341,"Tiny House":391,"Gremlin Horn":238,"Vajra":74,"Hammer of Thor":0,"Ginger":7,"Bottled Tornado":302,"Boot":418,"Old Coin":74,"MarkedMod:AcupunctureKit":277,"Sozu":187,"Blood Vial":220,"Centennial Puzzle":372,"Sundial":177,"DollysMirror":220,"Strawberry":277,"Prayer Wheel":369,"Toxic Egg 2":33,"Pear":58,"Happy Flower":67,"Astrolabe":455,"Oddly Smooth Stone":128,"Eternal Feather":216,"Pen Nib":103,"Letter Opener":10,"War Paint":271,"Question Card":67,"Akabeko":302,"SlaversCollar":29,"OrangePellets":201,"Anvil of the Gods":0,"Shuriken":357,"Bronze Scales":369,"Molten Egg 2":67,"Black Star":55,"StrikeDummy":79,"Meat on the Bone":103,"Pocketwatch":203,"Darkstone Periapt":415,"Regal Pillow":206,"Singing Bowl":173,"Melange":103,"Mango":4,"Yang":96,"Incense Burner":317,"Juzu Bracelet":325,"TeardropLocket":201,"Ancient Tea Set":266,"Smiling Mask":474,"ClockworkSouvenir":317,"Frozen Eye":255,"SsserpentHead":478,"Nunchaku":169,"Shovel":41,"TheAbacus":103,"Matryoshka":443,"Mummified Hand":37,"Pantograph":103,"Gambling Chip":325,"Tiny Chest":246,"WingedGreaves":220,"Red Mask":381,"Chemical X":286,"InkBottle":261,"NeowsBlessing":0,"Golden Idol":439,"Damaru":79,"Thread and Needle":169,"PreservedInsect":197,"Omamori":298,"Seething Fire":0,"Frozen Egg 2":224,"White Beast Statue":21,"Mercury Hourglass":320,"CaptainsWheel":308,"Ornamental Fan":312,"Bloody Idol":361,"Orrery":115,"Coffee Dripper":251,"Art of War":325,"Bag of Marbles":347,"Bottled Lightning":137,"Membership Card":220,"PureWater":0,"TungstenRod":74,"Toy Ornithopter":96,"FossilizedHelix":404}]},"card_choices":[{"not_picked":["Study","Prostrate"],"picked":"CutThroughFate","floor":1},{"not_picked":["DeceiveReality","Perseverance"],"picked":"SandsOfTime","floor":2},{"not_picked":["BowlingBash","Pray"],"picked":"Protect","floor":3},{"not_picked":["CrushJoints","Fasting2"],"picked":"FlurryOfBlows","floor":4},{"not_picked":["Indignation","Collect"],"picked":"Weave","floor":8},{"not_picked":["CrushJoints","WheelKick"],"picked":"Prostrate","floor":10},{"not_picked":["Wireheading","FollowUp"],"picked":"CutThroughFate","floor":14},{"not_picked":["Omniscience","MasterReality"],"picked":"Blasphemy","floor":16},{"not_picked":["LikeWater","MarkedMod:FirstStrike"],"picked":"FlurryOfBlows","floor":18},{"not_picked":["MarkedMod:GentlePulse","BowlingBash+1"],"picked":"ThirdEye","floor":19},{"not_picked":["EmptyMind+1","MarkedMod:SlowDance"],"picked":"PathToVictory","floor":23},{"not_picked":["Pray+1","Wallop"],"picked":"Evaluate+1","floor":24},{"not_picked":["Consecrate","Perseverance","Swivel+1"],"picked":"SKIP","floor":28},{"not_picked":["MarkedMod:GracefulMovements","Wallop"],"picked":"PathToVictory","floor":31},{"not_picked":["Evaluate","CutThroughFate+1"],"picked":"Prostrate+1","floor":35},{"not_picked":["Trip","expansioncontent:TimeRipple"],"picked":"expansioncontent:Flail","floor":36},{"not_picked":["Chrysalis","expansioncontent:SlimeTackle"],"picked":"Dark Shackles","floor":36},{"not_picked":["MarkedMod:GentlePulse","CrushJoints+1"],"picked":"FlurryOfBlows","floor":38},{"not_picked":["MarkedMod:Acupuncture","FlyingSleeves"],"picked":"Prostrate+1","floor":41},{"not_picked":["WheelKick+1","ThirdEye"],"picked":"CutThroughFate+1","floor":45},{"not_picked":["Sanctity","ConjureBlade"],"picked":"BattleHymn+1","floor":47},{"not_picked":["CrushJoints","ThirdEye+1"],"picked":"PathToVictory+1","floor":48},{"not_picked":["Wish","ClearTheMind"],"picked":"Evaluate+1","floor":54}],"player_experience":280368,"relics_obtained":[{"floor":8,"key":"Eternal Feather"},{"floor":9,"key":"Matryoshka"},{"floor":23,"key":"Pantograph"},{"floor":26,"key":"Vajra"},{"floor":26,"key":"Smiling Mask"},{"floor":28,"key":"Art of War"},{"floor":43,"key":"Oddly Smooth Stone"},{"floor":47,"key":"Boot"},{"floor":54,"key":"Gambling Chip"}],"event_choices":[{"damage_healed":0,"gold_gain":0,"player_choice":"Lose Max HP","damage_taken":0,"relics_obtained":["Golden Idol"],"max_hp_gain":0,"max_hp_loss":5,"event_name":"Golden Idol","floor":5,"gold_loss":0},{"damage_healed":0,"gold_gain":30,"player_choice":"Searched \u00271\u0027 times","damage_taken":0,"max_hp_gain":0,"max_hp_loss":0,"event_name":"Dead Adventurer","floor":11,"gold_loss":0},{"damage_healed":0,"gold_gain":0,"cards_transformed":["Strike_P"],"player_choice":"Change","damage_taken":0,"max_hp_gain":0,"max_hp_loss":0,"event_name":"Living Wall","floor":12,"gold_loss":0,"cards_obtained":["SpiritShield"]},{"damage_healed":0,"gold_gain":100,"player_choice":"Pray","damage_taken":0,"max_hp_gain":0,"max_hp_loss":0,"event_name":"Golden Shrine","floor":21,"gold_loss":0},{"damage_healed":4,"gold_gain":0,"player_choice":"LEAVE ","damage_taken":0,"relics_obtained":[],"max_hp_gain":0,"max_hp_loss":0,"event_name":"betterSkull:BetterSkull","floor":22,"gold_loss":0,"cards_upgraded":[]},{"damage_healed":0,"gold_gain":0,"player_choice":"Trade","damage_taken":0,"relics_obtained":["SsserpentHead"],"max_hp_gain":0,"max_hp_loss":0,"event_name":"FaceTrader","floor":30,"gold_loss":0},{"damage_healed":0,"gold_gain":3,"player_choice":"1","damage_taken":0,"max_hp_gain":0,"max_hp_loss":0,"event_name":"betterStone:BetterStone","floor":36,"gold_loss":0},{"cards_removed":["CutThroughFate"],"damage_healed":0,"gold_gain":0,"player_choice":"Removed Attack","damage_taken":0,"max_hp_gain":0,"max_hp_loss":0,"event_name":"Falling","floor":37,"gold_loss":0},{"damage_healed":0,"gold_gain":327,"player_choice":"UP GO GO GO ","damage_taken":36,"relics_obtained":[],"max_hp_gain":0,"max_hp_loss":0,"event_name":"betterSkull:BetterSkull","floor":39,"gold_loss":0,"cards_upgraded":["CutThroughFate"]}],"is_beta":false,"boss_relics":[{"not_picked":["Snecko Eye","Ectoplasm"],"picked":"Astrolabe"},{"not_picked":["Velvet Choker","Runic Dome"],"picked":"Coffee Dripper"}],"items_purged_floors":[7,29,42,42,52],"is_endless":false,"potions_floor_spawned":[1,3,14,16,19,24,28,33,35],"killed_by":"The Heart","ascension_level":9}}