{"host":"6pgtslebjnyv5xmi","time":1608460001,"event":{"mods":["AchievementEnabler","BaseMod","Colored Map","Minty Spire (QoL Compilation)","Rare Cards Sparkle","SuperFastMode","everything is the same but u backflip on backflip"],"gold_per_floor":[109,109,109,29,29,29,42,67,67,86,261,284,299,317,317,443,443,459,459,479,494,513,513,513,513],"floor_reached":24,"playtime":1057,"items_purged":[],"score":200,"play_id":"bf9f2a5d-486b-4d9a-9c6a-485deb8f5146","local_time":"20201220192641","is_ascension_mode":true,"campfire_choices":[{"data":"Spot Weakness","floor":6,"key":"SMITH"},{"data":"Heavy Blade","floor":15,"key":"SMITH"},{"data":"Rage","floor":23,"key":"SMITH"}],"circlet_count":0,"master_deck":["Strike_R","Strike_R","Strike_R","Strike_R","Defend_R","Defend_R","Defend_R","Defend_R","Bash","Body Slam","Spot Weakness+1","Second Wind","Disarm+1","Heavy Blade+1","Doubt","Offering","Spot Weakness+1","Battle Trance+1","Rage+1"],"relics":["Burning Blood","Golden Idol","Mummified Hand","Magic Flower","Art of War","Sozu"],"acts_visited":["Exordium","TheCity"],"potions_floor_usage":[13,16,16],"damage_taken":[{"damage":8,"enemies":"Small Slimes","floor":1,"turns":4},{"damage":2,"enemies":"2 Louse","floor":7,"turns":4},{"damage":8,"enemies":"Cultist","floor":8,"turns":4},{"damage":19,"enemies":"Blue Slaver","floor":10,"turns":5},{"damage":22,"enemies":"Exordium Thugs","floor":13,"turns":4},{"damage":11,"enemies":"Large Slime","floor":14,"turns":7},{"damage":18,"enemies":"Hexaghost","floor":16,"turns":9},{"damage":51,"enemies":"2 Thieves","floor":18,"turns":4},{"damage":5,"enemies":"Shell Parasite","floor":20,"turns":5},{"damage":6,"enemies":"Chosen and Byrds","floor":21,"turns":3},{"damage":30,"enemies":"Sentry and Sphere","floor":22,"turns":4},{"damage":27,"enemies":"Slavers","floor":24,"turns":1}],"seed_played":"-4728656595622287041","potions_obtained":[{"floor":1,"key":"AttackPotion"},{"floor":8,"key":"LiquidBronze"},{"floor":13,"key":"LiquidMemories"}],"is_trial":false,"path_per_floor":["M","?","?","$","?","R","M","M","T","M","?","T","M","M","R","B",null,"M","?","M","M","M","R","E"],"character_chosen":"IRONCLAD","items_purchased":["Second Wind"],"campfire_rested":0,"item_purchase_floors":[4],"current_hp_per_floor":[78,58,51,51,51,51,55,53,53,43,43,43,30,28,28,19,80,38,38,42,45,24,24,0,0],"gold":513,"neow_bonus":"THREE_CARDS","is_daily":false,"chose_seed":false,"campfire_upgraded":3,"win_rate":0.0,"timestamp":1608460001,"path_taken":["M","?","?","$","?","R","M","?","T","M","?","?","?","M","R","BOSS","M","?","?","M","M","R","E"],"items_purchased_type":["Card"],"build_version":"2020-12-13","purchased_purges":0,"victory":false,"max_hp_per_floor":[80,80,80,80,80,80,80,80,80,80,80,80,80,80,80,80,80,80,80,80,80,80,80,80,80],"card_choices":[{"not_picked":["Cleave","Sever Soul"],"picked":"Body Slam","floor":0},{"not_picked":["True Grit","Cleave"],"picked":"Spot Weakness","floor":1},{"not_picked":["Havoc","Second Wind"],"picked":"Disarm","floor":7},{"not_picked":["Evolve","Perfected Strike","Heavy Blade"],"picked":"SKIP","floor":8},{"not_picked":["Burning Pact","True Grit"],"picked":"Heavy Blade","floor":10},{"not_picked":["True Grit","Sever Soul","Twin Strike"],"picked":"SKIP","floor":13},{"not_picked":["Whirlwind","Disarm","Wild Strike"],"picked":"SKIP","floor":14},{"not_picked":["Immolate","Barricade"],"picked":"Offering","floor":16},{"not_picked":["Anger","Armaments+1"],"picked":"Spot Weakness+1","floor":18},{"not_picked":["Heavy Blade","Wild Strike"],"picked":"Battle Trance+1","floor":20},{"not_picked":["Perfected Strike","Blood for Blood","Entrench"],"picked":"SKIP","floor":21},{"not_picked":["Ghostly Armor","Clash"],"picked":"Rage","floor":22}],"player_experience":283933,"relics_obtained":[{"floor":9,"key":"Magic Flower"},{"floor":12,"key":"Art of War"}],"event_choices":[{"damage_healed":0,"gold_gain":0,"player_choice":"Take Damage","damage_taken":20,"relics_obtained":["Golden Idol"],"max_hp_gain":0,"max_hp_loss":0,"event_name":"Golden Idol","floor":2,"gold_loss":0},{"damage_healed":0,"gold_gain":0,"player_choice":"Success","damage_taken":7,"relics_obtained":["Mummified Hand"],"max_hp_gain":0,"max_hp_loss":0,"event_name":"Scrap Ooze","floor":3,"gold_loss":0},{"cards_removed":["Strike_R"],"damage_healed":0,"gold_gain":0,"player_choice":"Purged","damage_taken":0,"max_hp_gain":0,"max_hp_loss":0,"event_name":"Purifier","floor":5,"gold_loss":0},{"damage_healed":0,"gold_gain":175,"player_choice":"AGREE","damage_taken":0,"max_hp_gain":0,"max_hp_loss":0,"event_name":"Liars Game","floor":11,"gold_loss":0,"cards_obtained":["Doubt"]},{"damage_healed":0,"gold_gain":0,"player_choice":"Forge","damage_taken":0,"max_hp_gain":0,"max_hp_loss":0,"event_name":"Accursed Blacksmith","floor":19,"gold_loss":0,"cards_upgraded":["Disarm"]}],"is_beta":false,"boss_relics":[{"not_picked":["Philosopher\u0027s Stone","Fusion Hammer"],"picked":"Sozu"}],"items_purged_floors":[],"is_endless":false,"potions_floor_spawned":[1,8,13,20,21,22],"killed_by":"Slavers","ascension_level":1}}