{"host":"4amcrcg6ktw8dbzk","time":1608455825,"event":{"mods":["ATMod(°¢èªMod)","BaseMod","Dota2Spire","Minty Spire (QoL Compilation)","MostiFishMod","Spicy Shops","StSLib","Waifu the Spire"],"gold_per_floor":[109,128,53,68,68,96,96,106,106,140,159,177,194,220,220,294,294,310,225,238,32,32,50,50,85,85,119,119,137,137,153,153,227,227,238,138,138,118,130,130,130,147,147,147,178,188,188,188],"floor_reached":47,"playtime":3037,"items_purged":["Strike_B","Strike_B","Strike_B"],"score":1184,"play_id":"2b3539d0-0720-4a06-a53e-511a4c45c50c","local_time":"20201220171705","is_ascension_mode":true,"campfire_choices":[{"data":"White Noise","floor":7.0,"key":"SMITH"},{"data":"Coolheaded","floor":15.0,"key":"SMITH"},{"floor":30.0,"key":"REST"},{"data":"MostiFishMod:InterfaceCompatibility","floor":32.0,"key":"SMITH"},{"data":"Recycle","floor":40.0,"key":"SMITH"},{"data":"Steam Power","floor":44.0,"key":"SMITH"}],"circlet_count":0,"master_deck":["AscendersBane","Strike_B","Defend_B","Defend_B","Defend_B","Defend_B","Zap","Dualcast","Finesse","Cold Snap","AT_RobotInSpace","White Noise+1","Conserve Battery","Gash","Recycle+1","Gash","Coolheaded+1","Chill","MostiFishMod:InterfaceCompatibility+1","Fusion+1","Hologram","White Noise+1","Steam Power+1","MostiFishMod:ActiveDefenseSystem","Madness","Madness","Conserve Battery","Double Energy+1","White Noise"],"relics":["Cracked Core","DaveBox","AT_ATBox","ThornShield","Question Card","SynthV:C4","Pear","Dota2Spire:CrimsonGuard","Kunai","ImportantClient","HaiYi:Twilight","Dota2Spire:ArmletOfMordiggian","Medical Kit","MutagenicStrength","Dota2Spire:LinkenSphere","AT_ImmortalShieldbow","Regal Pillow","JellyFishMachine","Mercury Hourglass","AT_BladeRuinedKing"],"acts_visited":["Exordium","TheCity","TheBeyond"],"potions_floor_usage":[],"damage_taken":[{"damage":0.0,"enemies":"Cultist","floor":1.0,"turns":2.0},{"damage":0.0,"enemies":"Jaw Worm","floor":2.0,"turns":3.0},{"damage":0.0,"enemies":"Small Slimes","floor":4.0,"turns":1.0},{"damage":8.0,"enemies":"Gremlin Nob","floor":6.0,"turns":4.0},{"damage":5.0,"enemies":"Looter","floor":8.0,"turns":2.0},{"damage":0.0,"enemies":"3 Sentries","floor":10.0,"turns":5.0},{"damage":13.0,"enemies":"Large Slime","floor":11.0,"turns":3.0},{"damage":0.0,"enemies":"Red Slaver","floor":12.0,"turns":3.0},{"damage":0.0,"enemies":"3 Louse","floor":13.0,"turns":3.0},{"damage":11.0,"enemies":"Gremlin Nob","floor":14.0,"turns":4.0},{"damage":8.0,"enemies":"Hexaghost","floor":16.0,"turns":7.0},{"damage":0.0,"enemies":"3 Byrds","floor":18.0,"turns":1.0},{"damage":32.0,"enemies":"2 Thieves","floor":20.0,"turns":4.0},{"damage":2.0,"enemies":"3 Cultists","floor":23.0,"turns":5.0},{"damage":5.0,"enemies":"Gremlin Leader","floor":25.0,"turns":3.0},{"damage":24.0,"enemies":"Book of Stabbing","floor":27.0,"turns":4.0},{"damage":0.0,"enemies":"Sentry and Sphere","floor":29.0,"turns":3.0},{"damage":0.0,"enemies":"Shelled Parasite and Fungi","floor":31.0,"turns":3.0},{"damage":5.0,"enemies":"Champ","floor":33.0,"turns":6.0},{"damage":5.0,"enemies":"3 Darklings","floor":35.0,"turns":3.0},{"damage":6.0,"enemies":"Orb Walker","floor":39.0,"turns":4.0},{"damage":4.0,"enemies":"Sphere and 2 Shapes","floor":42.0,"turns":3.0},{"damage":0.0,"enemies":"Nemesis","floor":45.0,"turns":3.0},{"damage":21,"enemies":"Spire Growth","floor":46,"turns":4},{"damage":46,"enemies":"Giant Head","floor":47,"turns":4}],"seed_played":"628017133450347830","potions_obtained":[{"floor":1.0,"key":"DuplicationPotion"},{"floor":10.0,"key":"GamblersBrew"},{"floor":31.0,"key":"Fruit Juice"},{"floor":33.0,"key":"ColorlessPotion"},{"floor":38.0,"key":"FocusPotion"}],"is_trial":false,"path_per_floor":["M","M","$","M","?","E","R","M","T","E","M","M","M","E","R","B",null,"M","?","M","$","?","M","?","E","T","E","?","M","R","M","R","B",null,"M","$","?","?","M","R","?","M","T","R","E","M","E"],"character_chosen":"DEFECT","items_purchased":["Medical Kit"],"campfire_rested":1,"item_purchase_floors":[21],"current_hp_per_floor":[64,64,64,64,64,66,66,61,61,61,48,48,48,37,37,29,68,68,68,36,36,36,34,34,29,29,7,7,7,46,51,51,46,76,71,71,56,56,50,50,50,46,46,46,46,30,0,0],"gold":188,"neow_bonus":"RANDOM_COLORLESS","is_daily":false,"chose_seed":false,"campfire_upgraded":5,"win_rate":0.0,"timestamp":1608455825,"path_taken":["M","M","$","?","?","E","R","M","T","E","M","?","M","E","R","BOSS","M","?","M","$","?","M","?","E","T","E","?","?","R","M","R","BOSS","M","$","?","?","?","R","?","?","T","R","E","M","E"],"items_purchased_type":["Relic"],"build_version":"2020-12-13","purchased_purges":3,"victory":false,"max_hp_per_floor":[71,71,71,71,71,81,81,81,81,81,81,81,81,81,81,81,81,81,81,81,81,81,81,81,81,81,81,81,81,81,86,86,86,86,86,86,86,86,86,86,86,86,86,86,86,86,86,86],"card_choices":[{"not_picked":["Dramatic Entrance","Good Instincts"],"picked":"Finesse","floor":0.0},{"not_picked":["Beam Cell","Steam"],"picked":"Cold Snap","floor":1.0},{"not_picked":["AT_HeatAcrobatics","AT_StudyProgram","Conserve Battery"],"picked":"AT_RobotInSpace","floor":2.0},{"not_picked":["FTL","Stack","Go for the Eyes"],"picked":"White Noise","floor":4.0},{"not_picked":["Scrape","Leap","Hologram"],"picked":"Conserve Battery","floor":6.0},{"not_picked":["Streamline","Compile Driver","AT_RobotInSpace","Doom and Gloom"],"picked":"SKIP","floor":8.0},{"not_picked":["Rip and Tear","AT_EMC2","Go for the Eyes"],"picked":"Gash","floor":10.0},{"not_picked":["Steam","Stack","Double Energy"],"picked":"Recycle","floor":11.0},{"not_picked":["MostiFishMod:Culaccino","Turbo","Genetic Algorithm"],"picked":"Gash","floor":12.0},{"not_picked":["Lockon","Ball Lightning","Stack"],"picked":"Coolheaded","floor":13.0},{"not_picked":["FTL","Cold Snap","Doom and Gloom"],"picked":"Chill","floor":14.0},{"not_picked":["Reboot","Seek","MostiFishMod:UniBlue"],"picked":"MostiFishMod:InterfaceCompatibility","floor":16.0},{"not_picked":["BootSequence","Go for the Eyes","Barrage"],"picked":"Fusion","floor":18.0},{"not_picked":["Rebound","Redo","Beam Cell"],"picked":"Hologram","floor":20.0},{"not_picked":["Coolheaded","Conserve Battery","Turbo"],"picked":"White Noise+1","floor":23.0},{"not_picked":["Steam","AT_RobotInSpace","Beam Cell","Rip and Tear"],"picked":"SKIP","floor":25.0},{"not_picked":["Doom and Gloom","Cold Snap","Capacitor","Chill"],"picked":"SKIP","floor":27.0},{"not_picked":["Compile Driver","FTL","MostiFishMod:UniBlue","Stack"],"picked":"SKIP","floor":29.0},{"not_picked":["Hologram","Cold Snap","Darkness"],"picked":"Steam Power","floor":31.0},{"not_picked":["MostiFishMod:SeaWaves","Buffer","Electrodynamics"],"picked":"MostiFishMod:ActiveDefenseSystem","floor":33.0},{"not_picked":["AT_WarpDrive","Loop","Ball Lightning+1","Aggregate"],"picked":"SKIP","floor":35.0},{"not_picked":["Compile Driver","Tempest","Streamline"],"picked":"Conserve Battery","floor":39.0},{"not_picked":["Go for the Eyes","Barrage+1","Stack"],"picked":"Double Energy+1","floor":42.0},{"not_picked":["Go for the Eyes+1","FTL+1","Rebound","Beam Cell"],"picked":"SKIP","floor":45.0},{"not_picked":["Hello World","Static Discharge","Steam+1"],"picked":"White Noise","floor":46}],"player_experience":300902,"relics_obtained":[{"floor":1.0,"key":"Question Card"},{"floor":5.0,"key":"SynthV:C4"},{"floor":6.0,"key":"Pear"},{"floor":10.0,"key":"Dota2Spire:CrimsonGuard"},{"floor":14.0,"key":"Kunai"},{"floor":16.0,"key":"ImportantClient"},{"floor":25.0,"key":"Dota2Spire:LinkenSphere"},{"floor":26.0,"key":"AT_ImmortalShieldbow"},{"floor":27.0,"key":"Regal Pillow"},{"floor":43.0,"key":"Mercury Hourglass"},{"floor":45.0,"key":"AT_BladeRuinedKing"}],"event_choices":[{"damage_healed":0.0,"max_hp_gain":0.0,"max_hp_loss":0.0,"gold_gain":0.0,"event_name":"Wheel of Change","player_choice":"Relic","floor":5.0,"gold_loss":0.0,"damage_taken":0.0},{"damage_healed":0.0,"max_hp_gain":0.0,"max_hp_loss":0.0,"gold_gain":0.0,"event_name":"Addict","player_choice":"Obtained Relic","floor":19.0,"gold_loss":85.0,"damage_taken":0.0,"relics_obtained":["Dota2Spire:ArmletOfMordiggian"]},{"damage_healed":0.0,"max_hp_gain":0.0,"max_hp_loss":0.0,"gold_gain":0.0,"event_name":"Cursed Tome","player_choice":"Ignored","floor":22.0,"gold_loss":0.0,"damage_taken":0.0},{"damage_healed":0.0,"max_hp_gain":0.0,"max_hp_loss":0.0,"gold_gain":0.0,"event_name":"Drug Dealer","player_choice":"Inject Mutagens","floor":24.0,"gold_loss":0.0,"damage_taken":0.0,"relics_obtained":["MutagenicStrength"]},{"cards_removed":["AT_OneInchPunch"],"damage_healed":0.0,"max_hp_gain":0.0,"max_hp_loss":0.0,"gold_gain":0.0,"event_name":"Purifier","player_choice":"Purged","floor":28.0,"gold_loss":0.0,"damage_taken":0.0},{"damage_healed":0.0,"max_hp_gain":0.0,"max_hp_loss":0.0,"gold_gain":0.0,"event_name":"Winding Halls","player_choice":"Embrace Madness","floor":37.0,"gold_loss":0.0,"damage_taken":15.0,"cards_obtained":["Madness","Madness"]},{"damage_healed":0.0,"max_hp_gain":0.0,"max_hp_loss":0.0,"gold_gain":0.0,"event_name":"The Woman in Blue","player_choice":"Bought 1 Potion","floor":38.0,"gold_loss":0.0,"damage_taken":0.0},{"damage_healed":0.0,"max_hp_gain":0.0,"max_hp_loss":0.0,"gold_gain":0.0,"event_name":"Accursed Blacksmith","player_choice":"Forge","floor":41.0,"gold_loss":0.0,"damage_taken":0.0,"cards_upgraded":["Fusion"]}],"is_beta":false,"boss_relics":[{"not_picked":["SlaversCollar","Cursed Key"],"picked":"HaiYi:Twilight"},{"not_picked":["SacredBark","DiscerningMonocle"],"picked":"JellyFishMachine"}],"items_purged_floors":[3,21,36],"is_endless":false,"potions_floor_spawned":[1,10,12,14,23,25,31,33,35,42],"killed_by":"Giant Head","ascension_level":20}}