{"host":"87fdiiwflhrwsj8a","time":1608496405,"event":{"mods":["Aspiration","BaseMod","Better Match","Better Third Choice","BetterRewards","Colored Map","Downfall","GifTheSpireLib","Infinite Spire","Minty Spire (QoL Compilation)","Relic Sorter","Replay The Spire","Robot Space Explorer","StSLib","Stuff the Spire","The Cursed"],"gold_per_floor":[119,34,51,51,51,83,83,115,168,168,199,199,71,86,86,157,157,177,177,177,193,193,193,193],"floor_reached":23,"playtime":538,"items_purged":[],"score":460,"play_id":"9f1068af-7f1b-4905-ba16-1f4df4e1ccf8","local_time":"20201220153325","is_ascension_mode":true,"campfire_choices":[{"data":"Anger","floor":7.0,"key":"SMITH"},{"floor":15.0,"key":"REST"}],"circlet_count":0,"master_deck":["AscendersBane","Strike_R","Strike_R","Strike_R","Strike_R","Strike_R","Defend_R","Defend_R","Defend_R","Defend_R","Bash","Burning Pact","Corruption+1","Anger+1","Injury","Warcry+1","Clash","Anger+1","Warcry+1","Warcry+1","Flame Barrier+1","Flame Barrier+1","Juggernaut","ReplayTheSpireMod:Muscle Training+1","StuffTheSpire:CelestialWarden","Pommel Strike+1","Shame"],"relics":["Burning Blood","NeowsBlessing","Toxic Egg 2","ReplayTheSpireMod:Lightbulb","Replay:Baseball","StrikeDummy","Ginger","Gremlin Food","Black Star","White Beast Statue"],"acts_visited":["Exordium","TheCity"],"potions_floor_usage":[23],"damage_taken":[{"damage":0.0,"enemies":"Cultist","floor":1.0,"turns":1.0},{"damage":0.0,"enemies":"Small Slimes","floor":3.0,"turns":1.0},{"damage":0.0,"enemies":"Gremlin Nob","floor":6.0,"turns":1.0},{"damage":20.0,"enemies":"Lagavulin","floor":8.0,"turns":5.0},{"damage":35.0,"enemies":"Gremlin Nob","floor":11.0,"turns":4.0},{"damage":0.0,"enemies":"2 Louse","floor":14.0,"turns":2.0},{"damage":58.0,"enemies":"Slime Boss","floor":16.0,"turns":10.0},{"damage":18.0,"enemies":"2 Thieves","floor":18.0,"turns":4.0},{"damage":11.0,"enemies":"Spheric Guardian","floor":21.0,"turns":4.0},{"damage":32,"enemies":"Gremlin Leader","floor":23,"turns":4}],"seed_played":"7649772684279825045","potions_obtained":[{"floor":6.0,"key":"Energy Potion"},{"floor":8.0,"key":"BloodPotion"},{"floor":11.0,"key":"LiquidMemories"},{"floor":14.0,"key":"GamblersBrew"},{"floor":21.0,"key":"Swift Potion"}],"is_trial":false,"path_per_floor":["M","$","M","?","?","E","R","E","T","?","E","?","$","M","R","B",null,"M","AVR","?","M","?","E"],"character_chosen":"IRONCLAD","items_purchased":["Corruption","Warcry+1","Flame Barrier+1"],"campfire_rested":1,"item_purchase_floors":[2,13,13],"current_hp_per_floor":[74,74,75,75,75,75,75,61,61,61,47,36,36,42,64,12,59,47,47,32,27,27,0,0],"gold":193,"neow_bonus":"THREE_ENEMY_KILL","is_daily":false,"chose_seed":false,"campfire_upgraded":1,"win_rate":0.0,"timestamp":1608496405,"path_taken":["M","$","M","?","?","E","R","E","T","?","E","?","$","M","R","BOSS","M","AVR","?","M","?","E"],"items_purchased_type":["Card","Card","Card"],"build_version":"2020-12-13","purchased_purges":0,"victory":false,"max_hp_per_floor":[75,75,75,75,75,75,75,75,75,75,75,75,75,75,75,75,75,75,75,75,75,75,75,75],"card_choices":[{"not_picked":["Abandon","Heavy Blade"],"picked":"Burning Pact","floor":1.0},{"not_picked":["Armaments","Clothesline"],"picked":"Anger","floor":3.0},{"not_picked":["StuffTheSpire:Pyroclast","Sever Soul"],"picked":"Warcry+1","floor":6.0},{"not_picked":["Twin Strike","Abandon+1"],"picked":"Clash","floor":8.0},{"not_picked":["Corruption","StuffTheSpire:Incineration"],"picked":"Anger","floor":11.0},{"not_picked":["Run Through","infinitespire:OneForAll"],"picked":"Flame Barrier+1","floor":14.0},{"not_picked":["Reaper","Replay:Many Hands+1"],"picked":"Juggernaut","floor":16.0},{"not_picked":["Rupture","StuffTheSpire:RockThrow"],"picked":"ReplayTheSpireMod:Muscle Training+1","floor":18.0},{"not_picked":["Warcry+1","Body Slam+1"],"picked":"Pommel Strike+1","floor":21.0}],"player_experience":2598365,"relics_obtained":[{"floor":6.0,"key":"ReplayTheSpireMod:Lightbulb"},{"floor":8.0,"key":"Replay:Baseball"},{"floor":11.0,"key":"Ginger"}],"event_choices":[{"damage_healed":0.0,"max_hp_gain":0.0,"max_hp_loss":0.0,"gold_gain":0.0,"event_name":"Living Wall","player_choice":"Grow","floor":5.0,"gold_loss":0.0,"damage_taken":0.0,"cards_upgraded":["Corruption"]},{"damage_healed":0.0,"max_hp_gain":0.0,"max_hp_loss":0.0,"gold_gain":0.0,"event_name":"Dead Adventurer","player_choice":"Searched \u00271\u0027 times","floor":10.0,"gold_loss":0.0,"damage_taken":0.0,"relics_obtained":["StrikeDummy"]},{"damage_healed":0.0,"max_hp_gain":0.0,"max_hp_loss":0.0,"gold_gain":0.0,"event_name":"betterThird:BetterScrap","player_choice":"Relic ","floor":12.0,"gold_loss":0.0,"damage_taken":11.0,"cards_obtained":["Wish"]}],"is_beta":false,"boss_relics":[{"not_picked":["ChewingGum","Abe\u0027s Treasure"],"picked":"Black Star"}],"items_purged_floors":[],"is_endless":false,"potions_floor_spawned":[6,8,11,14,21],"killed_by":"Gremlin Leader","ascension_level":20}}