{"host":"kta213tp32cz47du","time":1608498027,"event":{"mods":["BaseMod","Better Altar","Better Match","Better Note","Better Sensory Stone","Better Skull","Better Third Choice","Better Vampires","Colored Map","Colored Powertips","Conspire","Curses Come First","Displayed Cursed Tome","Downfall","Hubris","Infinite Spire","Magitek Elite","Marisa????????","Minty Spire (QoL Compilation)","Permanent Neow","QueenMod","Quick Restart","Rare Cards Sparkle","Replay The Spire","Shade Mod","Shop Mod","Spikes Relics","StSLib","The Animator","The Blue Laboratory","The Bug Knight","The Cursed","The Servant 0.9.4","TheSwordswoman","TheWitcher","vexMod"],"gold_per_floor":[118,68,78,406,13,31,31,57,57,88,58,58,58],"floor_reached":12,"playtime":884,"items_purged":[],"score":86,"play_id":"bf0375f4-cdce-4df6-9929-77a57d518c05","local_time":"20201220210027","is_ascension_mode":false,"campfire_choices":[{"data":"Blood_Hilt","floor":7,"key":"SMITH"}],"circlet_count":0,"master_deck":["Strike_L","Strike_L","Strike_L","Strike_L","Defend_L","Defend_L","Defend_L","Defend_L","Fire2","Cure","Diamond_Shield2","Water","Blood_Hilt+1","Float2_Spell","Float2_Spell","Sharp Hide","Heavy_Shield","Valor","Barrier","Blizzard_P","Ultima"],"relics":["Pendant","Rawhide","conspire:GiftBox","TungstenRod","Gremlin Horn"],"acts_visited":["Exordium"],"potions_floor_usage":[8,8],"damage_taken":[{"damage":5,"enemies":"2 Louse","floor":1,"turns":3},{"damage":5,"enemies":"Small Slimes","floor":3,"turns":4},{"damage":6,"enemies":"Cultist","floor":6,"turns":5},{"damage":12,"enemies":"Gremlin Nob","floor":8,"turns":6},{"damage":31,"enemies":"Lagavulin","floor":10,"turns":11},{"damage":0,"enemies":"Looter","floor":11,"turns":4},{"damage":24,"enemies":"3 Sentries","floor":12,"turns":6}],"seed_played":"-5786175657296175477","potions_obtained":[{"floor":1,"key":"Dexterity Potion"},{"floor":6,"key":"Weak Potion"}],"is_trial":false,"path_per_floor":["M","?","M","?","$","M","R","E","T","E","M","E"],"character_chosen":"MAGITEKELITE","items_purchased":["Float2_Spell","Rawhide","Sharp Hide"],"campfire_rested":0,"item_purchase_floors":[5,5,5],"current_hp_per_floor":[63,63,58,36,36,36,36,28,28,9,15,0,0],"gold":58,"neow_bonus":"ONE_RANDOM_RARE_CARD","is_daily":false,"chose_seed":false,"campfire_upgraded":1,"win_rate":0.0,"timestamp":1608498027,"path_taken":["M","?","M","?","$","M","R","E","T","E","M","E"],"items_purchased_type":["Card","Relic","Card"],"build_version":"2020-12-13","purchased_purges":0,"victory":false,"max_hp_per_floor":[63,63,63,63,63,63,63,63,63,63,63,63,63],"card_choices":[{"not_picked":["Rasp","Esuna"],"picked":"Water","floor":1},{"not_picked":["Heavy_Shield","Astra"],"picked":"Blood_Hilt","floor":3},{"not_picked":["Vox","Flare"],"picked":"Heavy_Shield","floor":6},{"not_picked":["Might","Lightbringer"],"picked":"Valor","floor":8},{"not_picked":["Man_Eater","Mythril_Knife"],"picked":"Barrier","floor":8},{"not_picked":["Aero","Water"],"picked":"Blizzard_P","floor":10},{"not_picked":["Quake","Poisona"],"picked":"Ultima","floor":11}],"player_experience":273497,"relics_obtained":[{"floor":8,"key":"conspire:GiftBox"},{"floor":9,"key":"TungstenRod"},{"floor":10,"key":"Gremlin Horn"}],"event_choices":[{"cards_removed":["Defend_L"],"damage_healed":0,"gold_gain":0,"player_choice":"Card Removal","damage_taken":0,"max_hp_gain":0,"max_hp_loss":0,"event_name":"The Cleric","floor":2,"gold_loss":50},{"damage_healed":0,"gold_gain":328,"player_choice":"GO GO GO ","damage_taken":25,"relics_obtained":[],"max_hp_gain":0,"max_hp_loss":0,"event_name":"betterSkull:BetterSkull","floor":4,"gold_loss":0,"cards_upgraded":[]}],"is_beta":false,"boss_relics":[],"items_purged_floors":[],"is_endless":false,"potions_floor_spawned":[1,6],"killed_by":"3 Sentries","ascension_level":0}}