{"host":"68db1t3awyk0r34u","time":1608487254,"event":{"mods":["AchievementEnabler","BaseMod","Better Third Choice","BetterRewards","Colored Powertips","DeckTracker","Friendly Minions","Hubris","Infinite Spire","Luminous","Minty Spire (QoL Compilation)","Replay The Spire","StSLib","Waifu the Spire"],"gold_per_floor":[109,109,123,134,149,181,181,181,181,195,212,243,255,270,270,371,371,387,387,401,401,85,105,105,105,155,155,175,186,186,206,206,206,206],"floor_reached":33,"playtime":2342,"items_purged":["Decay"],"score":263,"play_id":"d9f5c1e8-501a-4289-b129-3bead5dc6240","local_time":"20201220200054","is_ascension_mode":false,"campfire_choices":[{"data":"Luminous:Light_Gather","floor":8,"key":"SMITH"},{"data":"Luminous:Lania_Blessing_Luminous","floor":15,"key":"SMITH"},{"floor":24,"key":"REST"},{"floor":27,"key":"REST"},{"floor":30,"key":"REST"},{"data":"Luminous:Erosion_Luminous","floor":32,"key":"SMITH"}],"circlet_count":0,"master_deck":["Luminous:Light_Flash_Shower","Luminous:Light_Flash_Shower","Luminous:Light_Flash_Shower","Luminous:Dark_Abyssal_Drop","Luminous:Dark_Abyssal_Drop","Luminous:Defend_Luminous","Luminous:Defend_Luminous","Luminous:Defend_Luminous","Luminous:Defend_Luminous","Luminous:Switch_Luminous","Luminous:Light_Gather+1","Luminous:Dark_Raid","Luminous:Light_Ray_of_Redemption","Luminous:Mana_Well_Luminous","Luminous:Light_Glare","Luminous:Lania_Blessing_Luminous+1","Luminous:Light_Glare","Luminous:Lunar_Tide_Luminous","Luminous:Light_Disperse","Luminous:Abyss_Heart_Luminous","Luminous:Erosion_Luminous+1","AbeCurse","Luminous:Light_Wash_Luminous","Luminous:Light_Ray_of_Redemption+1"],"relics":["Luminous:MirrorRelic","NeowsBlessing","infinitespire:Beetle Shell","Bag of Preparation","Centennial Puzzle","Abe\u0027s Treasure","GremlinMask","infinitespire:BottledMercury","Smiling Mask","Oddly Smooth Stone"],"acts_visited":["Exordium","TheCity"],"potions_floor_usage":[12,16,16,33,33],"damage_taken":[{"damage":0,"enemies":"Jaw Worm","floor":1,"turns":1},{"damage":0,"enemies":"Cultist","floor":3,"turns":1},{"damage":0,"enemies":"2 Louse","floor":4,"turns":2},{"damage":4,"enemies":"Blue Slaver","floor":5,"turns":4},{"damage":12,"enemies":"Lagavulin","floor":6,"turns":8},{"damage":10,"enemies":"Exordium Thugs","floor":10,"turns":4},{"damage":5,"enemies":"Large Slime","floor":11,"turns":4},{"damage":8,"enemies":"Replay:BlueRogue","floor":12,"turns":7},{"damage":5,"enemies":"3 Louse","floor":13,"turns":3},{"damage":7,"enemies":"Blue Slaver","floor":14,"turns":5},{"damage":17,"enemies":"Hexaghost","floor":16,"turns":11},{"damage":25,"enemies":"Spheric Guardian","floor":18,"turns":4},{"damage":17,"enemies":"Shell Parasite","floor":20,"turns":7},{"damage":25,"enemies":"Sentry and Sphere","floor":23,"turns":4},{"damage":16,"enemies":"Snake Plant","floor":28,"turns":4},{"damage":50,"enemies":"Cultist and Chosen","floor":29,"turns":7},{"damage":30,"enemies":"3 Cultists","floor":31,"turns":6},{"damage":22,"enemies":"Collector","floor":33,"turns":8}],"seed_played":"-5445172265409280965","potions_obtained":[{"floor":1,"key":"Dexterity Potion"},{"floor":4,"key":"SteroidPotion"},{"floor":6,"key":"Regen Potion"},{"floor":13,"key":"Adrenaline Potion"},{"floor":16,"key":"EssenceOfSteel"},{"floor":18,"key":"Block Potion"}],"is_trial":false,"path_per_floor":["M","?","M","M","M","E","?","R","T","M","M","E","M","M","R","B",null,"M","?","M","?","$","M","R","?","T","R","M","M","R","M","R","B"],"character_chosen":"LuminousClass","items_purchased":["infinitespire:BottledMercury"],"campfire_rested":3,"item_purchase_floors":[22],"current_hp_per_floor":[75,75,75,75,74,62,62,62,62,55,58,75,70,68,68,55,75,50,50,39,39,39,22,44,44,44,66,65,25,47,25,25,13,13],"gold":206,"neow_bonus":"THREE_ENEMY_KILL","is_daily":false,"chose_seed":false,"campfire_upgraded":3,"win_rate":0.0,"timestamp":1608487254,"path_taken":["M","?","M","?","M","E","?","R","T","?","M","E","M","M","R","BOSS","M","?","?","?","$","M","R","?","T","R","M","M","R","M","R","BOSS"],"items_purchased_type":["Relic"],"build_version":"2020-12-13","purchased_purges":1,"victory":false,"max_hp_per_floor":[75,75,75,75,75,75,75,75,75,75,75,75,75,75,75,75,75,75,75,75,75,75,75,75,75,75,75,75,75,75,75,75,75,75],"card_choices":[{"not_picked":["Luminous:Reverse_Spell_Luminous","Luminous:Light_Wash_Luminous"],"picked":"Luminous:Light_Gather","floor":1},{"not_picked":["Luminous:Dark_Apocalypse","Luminous:Light_Sylvan_Lance"],"picked":"Luminous:Dark_Raid","floor":3},{"not_picked":["Luminous:Darks_Surge_Luminous","Luminous:Light_Wash_Luminous"],"picked":"Luminous:Light_Ray_of_Redemption","floor":4},{"not_picked":["Luminous:Sympathy_Luminous","Luminous:Phantom_Treasure_Luminous"],"picked":"Luminous:Mana_Well_Luminous","floor":5},{"not_picked":["Luminous:Light_Gather","Luminous:Dark_Apocalypse"],"picked":"Luminous:Light_Glare","floor":6},{"not_picked":["Luminous:Concentrate_Luminous","Luminous:Balance_Death_Scythe"],"picked":"Luminous:Lania_Blessing_Luminous","floor":10},{"not_picked":["Luminous:Accumulation_Luminous","Luminous:Dark_Dim_Erosion"],"picked":"Luminous:Light_Glare","floor":11},{"not_picked":["Luminous:Dark_Dim_Erosion","Luminous:Dark_Raid"],"picked":"Luminous:Lunar_Tide_Luminous","floor":12},{"not_picked":["Luminous:Light_Glare","Luminous:Darks_Surge_Luminous"],"picked":"Luminous:Light_Disperse","floor":13},{"not_picked":["Luminous:Dark_Moonlight_Spear","Luminous:Accumulation_Luminous"],"picked":"Luminous:Abyss_Heart_Luminous","floor":14},{"not_picked":["Luminous:Freud_Wisdom1_Luminous","Luminous:Balance_Baptism"],"picked":"Luminous:Erosion_Luminous","floor":16},{"not_picked":["Luminous:Balance_Death_Scythe","Luminous:Light_Reflection+1"],"picked":"Luminous:Light_Wash_Luminous","floor":18},{"not_picked":["Luminous:Light_Wash_Luminous","Luminous:Dark_Dim_Erosion","Luminous:Chaos_Field_Luminous"],"picked":"SKIP","floor":20},{"not_picked":["Luminous:Light_Sylvan_Lance","Luminous:Light_Disperse","Luminous:Mana_Well_Luminous"],"picked":"SKIP","floor":23},{"not_picked":["Luminous:Blinding_Pillar_Luminous","Luminous:Dark_Raid","Luminous:Light_Wash_Luminous+1"],"picked":"SKIP","floor":28},{"not_picked":["Luminous:Light_Glare","Luminous:Accumulation_Luminous"],"picked":"Luminous:Light_Ray_of_Redemption+1","floor":29},{"not_picked":["Luminous:Chaos_Field_Luminous","Luminous:Light_Glare+1","Luminous:Dark_Dim_Erosion"],"picked":"SKIP","floor":31}],"player_experience":72539,"relics_obtained":[{"floor":6,"key":"infinitespire:Beetle Shell"},{"floor":9,"key":"Bag of Preparation"},{"floor":12,"key":"Centennial Puzzle"},{"floor":26,"key":"Oddly Smooth Stone"}],"event_choices":[{"cards_removed":["Luminous:Dark_Abyssal_Drop"],"damage_healed":0,"gold_gain":0,"player_choice":"Offered Basic","damage_taken":0,"max_hp_gain":0,"max_hp_loss":0,"event_name":"Bonfire Elementals","floor":2,"gold_loss":0},{"damage_healed":0,"gold_gain":0,"player_choice":"Cursed","damage_taken":0,"max_hp_gain":0,"max_hp_loss":0,"event_name":"Wheel of Change","floor":7,"gold_loss":0,"cards_obtained":["Decay"]},{"damage_healed":0,"gold_gain":0,"player_choice":"Trade","damage_taken":0,"relics_obtained":["GremlinMask"],"max_hp_gain":0,"max_hp_loss":0,"event_name":"FaceTrader","floor":19,"gold_loss":0}],"is_beta":false,"boss_relics":[{"not_picked":["ReplayTheSpireMod:SealedPack","Velvet Choker"],"picked":"Abe\u0027s Treasure"}],"items_purged_floors":[22],"is_endless":false,"potions_floor_spawned":[1,4,6,13,14,16,18,23],"killed_by":"Collector","ascension_level":0}}