{"host":"zx10cf1fsoa3eqiy","time":1608456338,"event":{"mods":["BaseMod","Colored Powertips","Downfall","Highlight Path","Minty Spire (QoL Compilation)","Quick Restart","Replay The Spire","Shop Mod","StSLib","Td1madao Mod","The Servant 0.9.4","Yuri Mod"],"gold_per_floor":[118,118,46,59,59,88,100,135,135,135,151,177,197,212,212,314,414,430,430,430,446,446,480,480,511,511,511,511,511],"floor_reached":28,"playtime":6229,"items_purged":[],"score":361,"play_id":"d7ccc39b-77fc-4b17-9f2b-176c62dabdff","local_time":"20201220172538","is_ascension_mode":true,"campfire_choices":[{"floor":10.0,"key":"REST"},{"data":"Zap","floor":15.0,"key":"SMITH"},{"floor":27,"key":"REST"}],"circlet_count":0,"master_deck":["Strike_B","Strike_B","Strike_B","Strike_B","Defend_B","Defend_B","Defend_B","Defend_B","Zap+1","Dualcast","Self Repair","Storm","White Noise","Auto Shields","Stack","Stack","Ball Lightning","Heatsinks","Buffer","Defragment","Force Field"],"relics":["Cracked Core","NeowsBlessing","Guardian:PocketSentry","ReplayFunnel","Pet Ghost","Mummified Hand","Pantograph","Replay:Wanted Poster","hexamod:BolsterEngine","Turnip","Onion Ring"],"acts_visited":["Exordium","TheCity"],"potions_floor_usage":[25,25,28],"damage_taken":[{"damage":0.0,"enemies":"Cultist","floor":1.0,"turns":1.0},{"damage":0.0,"enemies":"Small Slimes","floor":4.0,"turns":1.0},{"damage":0.0,"enemies":"Gremlin Nob","floor":6.0,"turns":1.0},{"damage":9.0,"enemies":"Jaw Worm","floor":7.0,"turns":2.0},{"damage":14.0,"enemies":"Lagavulin","floor":8.0,"turns":6.0},{"damage":0.0,"enemies":"3 Louse","floor":11.0,"turns":4.0},{"damage":32.0,"enemies":"3 Sentries","floor":12.0,"turns":10.0},{"damage":7.0,"enemies":"Gremlin Gang","floor":13.0,"turns":3.0},{"damage":0.0,"enemies":"Large Slime","floor":14.0,"turns":4.0},{"damage":31,"enemies":"Fading Forest","floor":16,"turns":11},{"damage":3,"enemies":"Chosen","floor":18,"turns":3},{"damage":10,"enemies":"Shell Parasite","floor":21,"turns":4},{"damage":42,"enemies":"Gremlin Leader","floor":23,"turns":8},{"damage":13,"enemies":"Book of Stabbing","floor":25,"turns":6},{"damage":50,"enemies":"Slavers","floor":28,"turns":3}],"seed_played":"4936764214234746546","potions_obtained":[{"floor":1.0,"key":"FearPotion"},{"floor":7.0,"key":"ColorlessPotion"},{"floor":12.0,"key":"Block Potion"},{"floor":18,"key":"Dexterity Potion"}],"is_trial":false,"path_per_floor":["M","$","$","M","?","E","M","E","T","R","M","E","M","M","R","B",null,"M","?","T","M","$","E","?","E","T","R","E"],"character_chosen":"DEFECT","items_purchased":["Storm"],"campfire_rested":2,"item_purchase_floors":[3],"current_hp_per_floor":[75,75,75,75,75,75,66,59,59,75,75,50,50,57,57,59,75,75,75,75,72,72,37,31,25,25,47,0,0],"gold":511,"neow_bonus":"THREE_ENEMY_KILL","is_daily":false,"chose_seed":false,"campfire_upgraded":1,"win_rate":0.0,"timestamp":1608456338,"path_taken":["M","?","$","M","?","E","?","E","T","R","M","E","M","M","R","BOSS","M","?","?","M","$","E","?","E","T","R","E"],"items_purchased_type":["Card"],"build_version":"2020-12-13","purchased_purges":0,"victory":false,"max_hp_per_floor":[75,75,75,75,75,75,75,75,75,75,75,75,75,75,75,75,75,75,75,75,75,75,75,75,75,75,75,75,75],"card_choices":[{"not_picked":["Gash","Streamline"],"picked":"Self Repair","floor":1.0},{"not_picked":["ReplaySolidLightProjector","Turbo","Panic Button"],"picked":"SKIP","floor":4.0},{"not_picked":["Genetic Algorithm","Rebound"],"picked":"White Noise","floor":6.0},{"not_picked":["ReplayTheSpireMod:Calculation Training","Go for the Eyes"],"picked":"Auto Shields","floor":7.0},{"not_picked":["Gash","Auto Shields"],"picked":"Stack","floor":8.0},{"not_picked":["Steam","Redo"],"picked":"Stack","floor":11.0},{"not_picked":["Glacier","ReplayTheSpireMod:Omega Cannon"],"picked":"Ball Lightning","floor":12.0},{"not_picked":["Ball Lightning","Panic Button","Compile Driver"],"picked":"SKIP","floor":13.0},{"not_picked":["BasicCrystalCard","Ball Lightning"],"picked":"Heatsinks","floor":14.0},{"not_picked":["Meteor Strike","Amplify"],"picked":"Buffer","floor":16},{"not_picked":["Turbo","Coolheaded","Go for the Eyes"],"picked":"SKIP","floor":18},{"not_picked":["Cold Snap","Ball Lightning","Rainbow"],"picked":"SKIP","floor":21},{"not_picked":["Panic Button","Beam Cell"],"picked":"Defragment","floor":23},{"not_picked":["Redo","Turbo+1"],"picked":"Force Field","floor":25}],"player_experience":255341,"relics_obtained":[{"floor":6.0,"key":"ReplayFunnel"},{"floor":8.0,"key":"Pet Ghost"},{"floor":9.0,"key":"Mummified Hand"},{"floor":12.0,"key":"Pantograph"},{"floor":20,"key":"hexamod:BolsterEngine"},{"floor":23,"key":"Turnip"},{"floor":25,"key":"Onion Ring"}],"event_choices":[{"damage_healed":0.0,"max_hp_gain":0.0,"max_hp_loss":0.0,"gold_gain":0.0,"event_name":"WeMeetAgain","player_choice":"Gave Potion","floor":5.0,"gold_loss":0.0,"damage_taken":0.0,"relics_obtained":["Guardian:PocketSentry"]},{"damage_healed":0,"gold_gain":0,"player_choice":"","damage_taken":6,"max_hp_gain":0,"max_hp_loss":0,"event_name":"Knowing Skull","floor":24,"potions_obtained":[],"gold_loss":0,"cards_obtained":[]}],"is_beta":false,"boss_relics":[{"not_picked":["Tiny House","Runic Dome"],"picked":"Replay:Wanted Poster"}],"items_purged_floors":[],"is_endless":false,"potions_floor_spawned":[1,7,12,18,23],"killed_by":"Slavers","ascension_level":4}}