{"host":"zsm7nv3crm3m4x5c","time":1608499883,"event":{"mods":["AchievementEnabler","BaseMod","Colored Map","Colored Powertips","Minty Spire (QoL Compilation)","Shop Mod"],"gold_per_floor":[109,121,121,121,121,121,2,2,2,32,32,32,42,56,56,127,127,146,146,161,161,161,161,494,494,541,541,541],"floor_reached":27,"playtime":2251,"items_purged":["Strike_R"],"score":412,"play_id":"63be031d-9184-4b18-be52-2c6ed126a24e","local_time":"20201220163123","is_ascension_mode":true,"campfire_choices":[{"floor":6.0,"key":"REST"},{"floor":8.0,"key":"REST"},{"floor":11.0,"key":"REST"},{"data":"Seeing Red","floor":15.0,"key":"SMITH"},{"floor":23.0,"key":"REST"}],"circlet_count":0,"master_deck":["AscendersBane","Strike_R+1","Strike_R+1","Strike_R+1","Defend_R+1","Defend_R+1","Defend_R+1","Defend_R+1","Bash+1","Transmutation+1","Headbutt","Battle Trance","Seeing Red+1","Decay"],"relics":["Burning Blood","Question Card","Eternal Feather","Velvet Choker","Old Coin","Akabeko"],"acts_visited":["Exordium","TheCity"],"potions_floor_usage":[],"damage_taken":[{"damage":14.0,"enemies":"Small Slimes","floor":1.0,"turns":4.0},{"damage":3.0,"enemies":"2 Louse","floor":2.0,"turns":3.0},{"damage":34.0,"enemies":"3 Sentries","floor":10.0,"turns":8.0},{"damage":12.0,"enemies":"Jaw Worm","floor":13.0,"turns":2.0},{"damage":11.0,"enemies":"Looter","floor":14.0,"turns":3.0},{"damage":41.0,"enemies":"Slime Boss","floor":16.0,"turns":8.0},{"damage":66.0,"enemies":"Shell Parasite","floor":18.0,"turns":7.0},{"damage":6.0,"enemies":"2 Thieves","floor":20.0,"turns":5.0},{"damage":0.0,"enemies":"Cultist and Chosen","floor":21.0,"turns":1.0},{"damage":46.0,"enemies":"Slavers","floor":24.0,"turns":5.0},{"damage":11,"enemies":"Snake Plant","floor":27,"turns":4}],"seed_played":"8250979652902528259","potions_obtained":[{"floor":13.0,"key":"CultistPotion"},{"floor":14.0,"key":"Swift Potion"},{"floor":16.0,"key":"Regen Potion"},{"floor":18.0,"key":"ColorlessPotion"},{"floor":20.0,"key":"SmokeBomb"}],"is_trial":false,"path_per_floor":["M","M","?","?","?","R","$","R","T","E","R","$","M","M","R","B",null,"M","?","M","M","?","R","E","?","T","M"],"character_chosen":"IRONCLAD","items_purchased":["Battle Trance"],"campfire_rested":4,"item_purchase_floors":[7],"current_hp_per_floor":[42,45,38,38,15,37,37,59,59,31,59,59,53,48,54,19,61,16,16,16,22,22,50,10,10,10,0,0],"gold":541,"neow_bonus":"RANDOM_COLORLESS_2","is_daily":false,"chose_seed":false,"campfire_upgraded":1,"win_rate":0.0,"timestamp":1608499883,"path_taken":["M","M","?","?","?","R","$","R","T","E","R","$","M","M","R","BOSS","M","?","M","M","?","R","E","?","T","?"],"items_purchased_type":["Card"],"build_version":"2020-12-13","purchased_purges":1,"victory":false,"max_hp_per_floor":[75,75,75,75,75,75,75,75,75,75,75,75,75,75,75,75,75,75,75,75,75,75,75,75,75,75,75,75],"card_choices":[{"not_picked":["Master of Strategy","Secret Technique"],"picked":"Transmutation","floor":0.0},{"not_picked":["Flex","Clash"],"picked":"Headbutt","floor":1.0},{"not_picked":["Rampage","Clothesline","Clash"],"picked":"SKIP","floor":2.0},{"not_picked":["Hemokinesis","Warcry","Second Wind"],"picked":"Seeing Red","floor":10.0},{"not_picked":["Headbutt","Sentinel","Rage","Sever Soul"],"picked":"SKIP","floor":13.0},{"not_picked":["Headbutt","Searing Blow","Cleave","Clash"],"picked":"SKIP","floor":14.0},{"not_picked":["Wild Strike+1","Dual Wield","True Grit","Heavy Blade"],"picked":"SKIP","floor":18.0},{"not_picked":["Feel No Pain","Seeing Red","Cleave","Twin Strike"],"picked":"SKIP","floor":20.0},{"not_picked":["Havoc","Bludgeon","Disarm","Armaments"],"picked":"SKIP","floor":24.0}],"player_experience":505484,"relics_obtained":[{"floor":9.0,"key":"Question Card"},{"floor":10.0,"key":"Eternal Feather"},{"floor":24.0,"key":"Old Coin"},{"floor":26.0,"key":"Akabeko"}],"event_choices":[{"cards_removed":["Strike_R"],"damage_healed":0.0,"max_hp_gain":0.0,"max_hp_loss":0.0,"gold_gain":0.0,"event_name":"Golden Wing","player_choice":"Card Removal","floor":3.0,"gold_loss":0.0,"damage_taken":7.0},{"damage_healed":0.0,"max_hp_gain":0.0,"max_hp_loss":0.0,"gold_gain":0.0,"event_name":"Living Wall","player_choice":"Grow","floor":4.0,"gold_loss":0.0,"damage_taken":0.0,"cards_upgraded":["Transmutation"]},{"damage_healed":0.0,"max_hp_gain":0.0,"max_hp_loss":0.0,"gold_gain":0.0,"event_name":"Shining Light","player_choice":"Entered Light","floor":5.0,"gold_loss":0.0,"damage_taken":23.0,"cards_upgraded":["Bash","Strike_R"]},{"damage_healed":0.0,"max_hp_gain":0.0,"max_hp_loss":0.0,"gold_gain":0.0,"event_name":"Back to Basics","player_choice":"Simplicity","floor":19.0,"gold_loss":0.0,"damage_taken":0.0,"cards_upgraded":["Strike_R","Strike_R","Defend_R","Defend_R","Defend_R","Defend_R"]},{"damage_healed":0.0,"max_hp_gain":0.0,"max_hp_loss":0.0,"gold_gain":0.0,"event_name":"Forgotten Altar","player_choice":"Smashed Altar","floor":22.0,"gold_loss":0.0,"damage_taken":0.0,"cards_obtained":["Decay"]},{"damage_healed":0.0,"max_hp_gain":0.0,"max_hp_loss":0.0,"gold_gain":0.0,"event_name":"The Mausoleum","player_choice":"Ignored","floor":25.0,"gold_loss":0.0,"damage_taken":0.0}],"is_beta":false,"boss_relics":[{"not_picked":["Runic Cube","Pandora\u0027s Box"],"picked":"Velvet Choker"}],"items_purged_floors":[7],"is_endless":false,"potions_floor_spawned":[13,14,16,18,20],"killed_by":"Snake Plant","ascension_level":16}}