{"host":"xejbe68h77vtqdeb","time":1608489535,"event":{"mods":["2.2 Compatiblity","AchievementEnabler","BaseMod","Better Altar","Better Match","Better Note","Better Sensory Stone","Better Skull","Better Third Choice","BetterRewards","Block Reminder","Curses Come First","Displayed Cursed Tome","Friendly Minions","Hubris","Ironclad Rager","Minty Spire (QoL Compilation)","Rare Cards Sparkle","Relic Filter","Replay The Spire","Spicy Shops","StSLib","The Construct","The Dragon Tamer","The Mystic"],"gold_per_floor":[125,336,370,394,394,470,502,502,502,502,580,3,40,68,68,230,230,267,326,657,730,730,783,783,853,935,935,991,360,422,362,362,531,531,566,595,495,495,211,279,279,279,306,377,473,540,540,540,540,608,608,647,647,647,211,264,318],"floor_reached":58,"playtime":18156,"items_purged":["DTMod:Observe+1","mysticmod:Strike_Mystic","mysticmod:Defend_Mystic","Writhe"],"score":1839,"play_id":"9f60f083-c858-4989-9f0f-d018b33e02fe","local_time":"20201220183855","is_ascension_mode":false,"campfire_choices":[{"data":"mysticmod:ComponentsPouch","floor":8,"key":"SMITH"},{"data":"mysticmod:Dedication","floor":10,"key":"SMITH"},{"data":"mysticmod:Dedication+1","floor":15,"key":"SMITH"},{"floor":24,"key":"REST"},{"data":"mysticmod:Dedication+2","floor":27,"key":"SMITH"},{"data":"Apotheosis","floor":32,"key":"SMITH"},{"floor":41,"key":"RECALL"},{"data":"mysticmod:Discipline","floor":51,"key":"SMITH"},{"data":"mysticmod:Dedication+3","floor":54,"key":"SMITH"}],"circlet_count":0,"master_deck":["DTMod:Observe+1","mysticmod:Strike_Mystic","mysticmod:ArcaneDodge","mysticmod:ShockingGrasp+1","mysticmod:MysticalShield+1","mysticmod:Sideswipe","mysticmod:EnergizedRift+1","mysticmod:PowerSlash","mysticmod:KnowledgePool+1","mysticmod:Riposte","mysticmod:Dedication+4","mysticmod:CorrosiveTouch","mysticmod:BulkUp+1","mysticmod:ComponentsPouch+1","mysticmod:TomeOfSpells","mysticmod:Flourish","mysticmod:SummonFamiliar","Poisoned Strike","Blind+1","mysticmod:RapidCaster+1","mysticmod:PureInstinct","mysticmod:Flourish","mysticmod:Haste+1","hubris:Wrath","mysticmod:Flurry+1","mysticmod:FiveFootStep+1","mysticmod:MirrorStrike","Pot Of Greed","Pot Of Greed","Pot Of Greed","mysticmod:IllusionOfCalm+1","Apotheosis+1","mysticmod:MagicWeapon+1","mysticmod:Discipline+1","mysticmod:Flurry+1","DTMod:Observe+1","Pot Of Greed","mysticmod:ComboCaster+1","mysticmod:SummonFamiliar+1","mysticmod:Flourish","mysticmod:Feint+1"],"relics":["mysticmod:BlessedBook","Replay:Bandana","Dead Branch","hubris:HollowSoul","MealTicket","hubris:OldNail","Guide Book","Membership Card","Thread and Needle","Nunchaku","Strawberry","ReplayTheSpireMod:TigerMarble","Replay:Baseball","WarpedTongs","Juzu Bracelet","hubris:GlazedTorus","BargainBundle","Toolbox","hubris:TenFootPole","hubris:SlimyHat","Ginger","Kintsugi","Lantern","War Paint","Bronze Scales","hubris:ToyBattleship","Gremlin Food","Grinning Jar","Bottled Tornado","Happy Flower","hubris:PeanutButter","hubris:Reverence","ReplayFunnel","ClockworkSouvenir","Anchor","WingedGreaves","HandDrill","Vajra","Pantograph","Pen Nib","Omamori","Art of War","Chameleon Ring","Bag of Marbles","TungstenRod","Mercury Hourglass","hubris:DeckOfHolding","OrangePellets","Oddly Smooth Stone"],"acts_visited":["Exordium","TheCity","TheBeyond","TheEnding"],"potions_floor_usage":[11,11,11,19,30,33,36,44,57,57,57],"damage_taken":[{"damage":0,"enemies":"2 Louse","floor":1,"turns":2},{"damage":0,"enemies":"Cultist","floor":3,"turns":2},{"damage":15,"enemies":"3 Sentries","floor":6,"turns":6},{"damage":4,"enemies":"Small Slimes","floor":7,"turns":2},{"damage":5,"enemies":"Lagavulin","floor":11,"turns":5},{"damage":4,"enemies":"Exordium Thugs","floor":13,"turns":3},{"damage":0,"enemies":"Blue Slaver","floor":14,"turns":1},{"damage":4,"enemies":"Slime Boss","floor":16,"turns":6},{"damage":0,"enemies":"Chosen","floor":18,"turns":2},{"damage":2,"enemies":"3 Byrds","floor":19,"turns":5},{"damage":0,"enemies":"Centurion and Healer","floor":21,"turns":4},{"damage":0,"enemies":"Replay:Snechameleon","floor":23,"turns":2},{"damage":8,"enemies":"Book of Stabbing","floor":25,"turns":3},{"damage":6,"enemies":"Cultist and Chosen","floor":28,"turns":2},{"damage":0,"enemies":"Slavers","floor":30,"turns":2},{"damage":0,"enemies":"hubris:MusketHawk","floor":33,"turns":4},{"damage":0,"enemies":"3 Shapes","floor":35,"turns":4},{"damage":0,"enemies":"3 Darklings","floor":36,"turns":2},{"damage":0,"enemies":"R_Hoarder","floor":40,"turns":3},{"damage":21,"enemies":"Nemesis","floor":44,"turns":3},{"damage":0,"enemies":"Transient","floor":45,"turns":4},{"damage":0,"enemies":"R_Hoarder","floor":46,"turns":2},{"damage":0,"enemies":"Reptomancer","floor":50,"turns":2},{"damage":0,"enemies":"Time Eater","floor":52,"turns":3},{"damage":0,"enemies":"Shield and Spear","floor":56,"turns":2},{"damage":0,"enemies":"The Heart","floor":57,"turns":3}],"seed_played":"7692437029607082922","potions_obtained":[{"floor":6,"key":"mysticmod:EssenceOfMagic"},{"floor":7,"key":"LiquidBronze"},{"floor":16,"key":"Energy Potion"},{"floor":25,"key":"LifebloodPotion"},{"floor":30,"key":"LifebloodPotion"},{"floor":35,"key":"ColorlessPotion"},{"floor":40,"key":"PowerPotion"},{"floor":49,"key":"BlessingOfTheForge"},{"floor":49,"key":"ColorlessPotion"}],"is_trial":false,"path_per_floor":["M","?","M","T","?","E","M","R","T","R","E","$","M","M","R","B",null,"M","M","?","M","?","E","R","E","T","R","M","$","E","?","R","B",null,"M","M","NS","?","$","E","R","?","T","E","M","E","PTL","PTL","R","E","R","B",null,"R","$","E","B",null],"character_chosen":"MYSTIC_CLASS","items_purchased":["hubris:EmptyBottle","mysticmod:Riposte","Replay:Bandana","mysticmod:PowerSlash","FairyPotion","mysticmod:Dedication","hubris:OldNail","Guide Book","Membership Card","CultistPotion","BargainBundle","mysticmod:SummonFamiliar","Poisoned Strike","Blind","mysticmod:RapidCaster","Toolbox","hubris:TenFootPole","hubris:SlimyHat","Ginger","Apotheosis","Happy Flower","hubris:PeanutButter","hubris:Reverence","ReplayFunnel","ClockworkSouvenir","HandDrill","Vajra","Pantograph","mysticmod:Flourish","TungstenRod","Mercury Hourglass","DistilledChaos","hubris:DeckOfHolding","OrangePellets"],"campfire_rested":1,"item_purchase_floors":[0,0,0,0,0,0,0,0,0,0,12,12,12,12,12,12,12,12,12,29,29,29,29,29,29,39,39,39,55,55,55,55,55,55],"current_hp_per_floor":[64,9,9,9,9,29,25,25,25,25,20,35,34,34,34,30,79,79,77,7,7,7,7,30,22,22,22,18,33,33,33,33,33,79,79,79,79,79,79,79,79,79,79,58,58,61,61,61,61,61,61,79,79,79,79,79,79],"gold":318,"neow_bonus":"","is_daily":false,"chose_seed":false,"campfire_upgraded":7,"win_rate":0.0,"timestamp":1608489535,"path_taken":["M","?","?","?","?","E","M","R","T","R","E","$","M","M","R","BOSS","M","M","?","M","?","E","R","E","T","R","M","$","E","?","R","BOSS","M","M","NS","?","$","E","R","?","T","E","M","E","PTL","PTL","R","E","R","BOSS","R","$","E","BOSS"],"items_purchased_type":["Relic","Card","Relic","Card","Potion","Card","Relic","Relic","Relic","Potion","Relic","Card","Card","Card","Card","Relic","Relic","Relic","Relic","Card","Relic","Relic","Relic","Relic","Relic","Relic","Relic","Relic","Card","Relic","Relic","Potion","Relic","Relic"],"build_version":"2020-12-13","purchased_purges":4,"victory":true,"max_hp_per_floor":[72,79,79,79,79,79,79,79,79,79,79,79,79,79,79,79,79,79,79,79,79,79,79,79,79,79,79,79,79,79,79,79,79,79,79,79,79,79,79,79,79,79,79,79,79,79,79,79,79,79,79,79,79,79,79,79,79],"card_choices":[{"not_picked":["mysticmod:Shield","mysticmod:CureLightWounds"],"picked":"mysticmod:CorrosiveTouch","floor":1},{"not_picked":["mysticmod:HeavyStrike","mysticmod:Shield"],"picked":"mysticmod:BulkUp","floor":3},{"not_picked":["mysticmod:FloatingDisk","mysticmod:BladeMaster"],"picked":"mysticmod:ComponentsPouch","floor":6},{"not_picked":["mysticmod:Alacrity","mysticmod:ComponentsPouch"],"picked":"mysticmod:TomeOfSpells","floor":7},{"not_picked":["mysticmod:KeenEdge","mysticmod:Lunge"],"picked":"mysticmod:Flourish","floor":11},{"not_picked":["mysticmod:PowerAttack","mysticmod:Alacrity"],"picked":"mysticmod:PureInstinct","floor":13},{"not_picked":["mysticmod:PowerSlash","mysticmod:EbbAndFlow"],"picked":"mysticmod:Flourish","floor":14},{"not_picked":["mysticmod:Momentum","mysticmod:Disintegrate"],"picked":"mysticmod:Haste","floor":16},{"not_picked":["mysticmod:EbbAndFlow","mysticmod:Sideswipe+1"],"picked":"mysticmod:Flurry","floor":18},{"not_picked":["mysticmod:HeavyStrike","mysticmod:DiviningBlow"],"picked":"mysticmod:FiveFootStep+1","floor":19},{"not_picked":["mysticmod:PowerAttack","mysticmod:BulkUp"],"picked":"mysticmod:Riposte+1","floor":21},{"not_picked":["mysticmod:Fireball","mysticmod:EbbAndFlow"],"picked":"mysticmod:MirrorStrike","floor":23},{"not_picked":["mysticmod:CureLightWounds+1","mysticmod:Snowball","mysticmod:Fireball"],"picked":"SKIP","floor":25},{"not_picked":["mysticmod:FloatingDisk","mysticmod:PureInstinct"],"picked":"mysticmod:IllusionOfCalm+1","floor":28},{"not_picked":["mysticmod:MightyMagic","mysticmod:PureInstinct"],"picked":"mysticmod:MagicWeapon+1","floor":30},{"not_picked":["mysticmod:Doublecast","mysticmod:Natural20"],"picked":"mysticmod:Discipline","floor":33},{"not_picked":["mysticmod:Disengage+1","mysticmod:MirrorStrike"],"picked":"mysticmod:Flurry+1","floor":35},{"not_picked":["mysticmod:Alacrity+1","mysticmod:Snowball"],"picked":"mysticmod:LightningBolt+1","floor":36},{"not_picked":["mysticmod:Probe+1","mysticmod:Snowball"],"picked":"mysticmod:ComboCaster+1","floor":40},{"not_picked":["mysticmod:HeavyStrike","mysticmod:PureInstinct","mysticmod:Sideswipe+1"],"picked":"SKIP","floor":44},{"not_picked":["mysticmod:DiviningBlow+1","mysticmod:Daze+1","mysticmod:SuddenClarity+1"],"picked":"SKIP","floor":45},{"not_picked":["mysticmod:Lunge","mysticmod:DiviningBlow","mysticmod:Daze+1"],"picked":"SKIP","floor":46},{"not_picked":["mysticmod:Disengage+1","mysticmod:Snowball+1"],"picked":"mysticmod:SummonFamiliar+1","floor":50},{"not_picked":["mysticmod:EbbAndFlow+1","mysticmod:Probe"],"picked":"mysticmod:Feint+1","floor":56}],"player_experience":297066,"relics_obtained":[{"floor":4,"key":"Replay:Baseball"},{"floor":6,"key":"Juzu Bracelet"},{"floor":11,"key":"hubris:GlazedTorus"},{"floor":23,"key":"Gremlin Food"},{"floor":25,"key":"Grinning Jar"},{"floor":26,"key":"Bottled Tornado"},{"floor":30,"key":"Anchor"},{"floor":40,"key":"Pen Nib"},{"floor":43,"key":"Omamori"},{"floor":44,"key":"Art of War"},{"floor":46,"key":"Chameleon Ring"},{"floor":50,"key":"Bag of Marbles"},{"floor":56,"key":"Oddly Smooth Stone"}],"event_choices":[{"damage_healed":0,"gold_gain":211,"player_choice":"RE RE GO GO RE ","damage_taken":70,"relics_obtained":["Nunchaku","Strawberry","ReplayTheSpireMod:TigerMarble"],"max_hp_gain":0,"max_hp_loss":0,"event_name":"betterSkull:BetterSkull","floor":2,"gold_loss":0,"cards_upgraded":[]},{"damage_healed":0,"gold_gain":0,"player_choice":"Rummage","damage_taken":0,"relics_obtained":["WarpedTongs"],"max_hp_gain":0,"max_hp_loss":0,"event_name":"Accursed Blacksmith","floor":5,"gold_loss":0,"cards_obtained":["Pain"]},{"damage_healed":0,"gold_gain":331,"player_choice":"RE RE UP UP RE UP GO GO GO RE UP ","damage_taken":169,"relics_obtained":["Lantern","War Paint","Bronze Scales","hubris:ToyBattleship"],"max_hp_gain":0,"max_hp_loss":0,"event_name":"betterSkull:BetterSkull","floor":20,"gold_loss":0,"cards_upgraded":["mysticmod:Flurry","mysticmod:BulkUp","mysticmod:RapidCaster","mysticmod:EnergizedRift"]},{"damage_healed":0,"gold_gain":0,"player_choice":"Ignored","damage_taken":0,"max_hp_gain":0,"max_hp_loss":0,"event_name":"betterNote:BetterNote","floor":22,"gold_loss":0,"cards_obtained":["DTMod:BurningEnergy"]},{"damage_healed":0,"gold_gain":0,"player_choice":"Copied","damage_taken":0,"max_hp_gain":0,"max_hp_loss":0,"event_name":"Duplicator","floor":38,"gold_loss":0,"cards_obtained":["DTMod:Observe"]}],"is_beta":false,"boss_relics":[{"not_picked":["Busted Crown","construct:ClawGrip"],"picked":"Kintsugi"},{"not_picked":["Calling Bell","ChewingGum"],"picked":"mysticmod:BlessedBook"}],"items_purged_floors":[0,12,12,29],"is_endless":false,"potions_floor_spawned":[6,7,11,16,18,25,30,35,40,46],"ascension_level":0}}