{"host":"1shobamjx3kfwgso","time":1608426989,"event":{"mods":["2.2 Compatiblity","AchievementEnabler","Act Like it!","Aspiration","BaseMod","Beaked The Cultist","BetterRewards","Block Reminder","CCEM","CapriCore","Challenge The Spire","Clockwork Mod","Colored Map","Colored Powertips","Conjunction","Conspire","Defuse TimeMaze Blight","Downfall","Elementarium","Energized Spire","Exacting","FoggyMod","GifTheSpireLib","Halation","Hallownest","Hermit","Highlight Path","Hubris","Infinite Spire","Lobotomy","LobotomyExtend","Mimic Mod","Minty Spire (QoL Compilation)","Pale of the Ancients","Quick Restart","Relic Sorter","Replay The Spire","Shade Mod","Shop Mod","StSLib","Stuff the Spire","The Bladedancer","The Bug Knight","The Construct","The Cursed","The Druid","The Gatherer","The Immortal","The Juggle","The Mystic","The Sage","The Servant 0.9.4","TheFirefly","TheVacant","Uncapped","vexMod"],"gold_per_floor":[114,114,153,153,153,153,153,153,153,8,8,8,8,8,8,106,106,117,117,117,77,92,92,123,123,162,162,10,10,10,10,10,111,111,130,144,144,144,144,144,144,144,144,81,81,81,81,81,81,21,21],"floor_reached":52,"playtime":5191,"items_purged":[],"score":845,"play_id":"4d90ed9d-7f6a-4eb7-bbc6-ac1b4983e008","local_time":"20201219201629","is_ascension_mode":false,"campfire_choices":[{"data":"infinitespire:Starlight","floor":6.0,"key":"SMITH"},{"data":"StuffTheSpire:DoubleShiv","floor":8.0,"key":"SMITH"},{"floor":12.0,"key":"REST"},{"floor":15.0,"key":"DIG"},{"data":"Pot Of Greed","floor":23.0,"key":"SMITH"},{"data":"Sucker Punch","floor":25.0,"key":"SMITH"},{"data":"conspire:NecroticWound","floor":29.0,"key":"SMITH"},{"data":"infinitespire:Neurotoxin","floor":40.0,"key":"SMITH"},{"data":"StuffTheSpire:CuriosityCurse","floor":42.0,"key":"SMITH"},{"data":"Well Laid Plans","floor":47.0,"key":"SMITH"},{"floor":49,"key":"REST"}],"circlet_count":0,"master_deck":["Strike_G+1","Strike_G","Strike_G","Strike_G","Strike_G","Defend_G","Defend_G","Defend_G","Defend_G","Defend_G","Survivor","Neutralize","OldLady","StuffTheSpire:DoubleShiv+1","infinitespire:Starlight+1","Pot Of Greed+1","Pot Of Greed+1","Flying Knee","OSAHOGD","ReplayTheSpireMod:Necrosis+1","Bloodbath","ReplayTheSpireMod:Tripwire+1","Sucker Punch+1","Sucker Punch","ReplayTheSpireMod:Shiv Toss+1","Pot Of Greed+1","Well Laid Plans+1","infinitespire:Neurotoxin+1","Catalyst+1","Freischutz","Poison Darts","ReplayTheSpireMod:Shiv Toss","LongBird"],"relics":["Ring of the Snake","hubris:Icosahedron","CogitoBucket","RabbitCall","LetterFromLob","Grinning Jar","Ring of Misfortune","LaetitiaHeart","ReplayTheSpireMod:Ninjato","StuffTheSpire:BottledEssence","ShedSkin_r","MagicBullet_r","hubris:PeanutButter","hubris:AncientText","FaceOfCleric","halation:PrussianBluePaint","hubris:Backtick","Ice Cream","infinitespire:EvilPickle","Unceasing Top","halation:EternalFortune","aspiration:FetidBarrel","halation:SelfBoilingWater","hubris:Towel"],"acts_visited":["Exordium","TheCity","TheBeyond"],"potions_floor_usage":[],"damage_taken":[{"damage":3.0,"enemies":"Small Slimes","floor":1.0,"turns":5.0},{"damage":8.0,"enemies":"Jaw Worm","floor":3.0,"turns":12.0},{"damage":2.0,"enemies":"Hexaghost","floor":16.0,"turns":9.0},{"damage":3.0,"enemies":"2 Thieves","floor":18.0,"turns":6.0},{"damage":5.0,"enemies":"Spheric Guardian","floor":22.0,"turns":7.0},{"damage":19.0,"enemies":"Replay:Snechameleon","floor":24.0,"turns":10.0},{"damage":0.0,"enemies":"Snake Plant","floor":26.0,"turns":7.0},{"damage":35.0,"enemies":"Pondfish","floor":33.0,"turns":19.0},{"damage":2.0,"enemies":"3 Shapes","floor":35.0,"turns":10.0},{"damage":8.0,"enemies":"Orb Walker","floor":36.0,"turns":3.0},{"damage":26.0,"enemies":"Reptomancer","floor":44.0,"turns":3.0},{"damage":61,"enemies":"conspire:OrnateMirror","floor":50,"turns":10}],"seed_played":"4961606880923316759","potions_obtained":[{"floor":1.0,"key":"EssenceOfSteel"},{"floor":18.0,"key":"Fire Potion"},{"floor":22.0,"key":"Block Potion"}],"is_trial":false,"path_per_floor":["M","?","MIM","?","?","R","M","R","T","$","M","R","?","$","R_BF","B",null,"M","?","?","?","M","R","E","R","MIM","M","$","R","$","M","R_BF","B",null,"M","M","M","?","M","R","?","R","T","E","?","?","R","M","R","B",null,null],"character_chosen":"THE_SILENT","items_purchased":["StuffTheSpire:BottledEssence","halation:PrussianBluePaint"],"campfire_rested":2,"item_purchase_floors":[10,28],"current_hp_per_floor":[67,49,53,53,53,53,53,53,53,53,29,50,50,50,50,72,72,72,72,72,72,72,72,69,69,71,71,71,71,71,71,72,56,73,54,63,63,63,66,66,66,66,66,45,53,53,53,53,77,34,34],"gold":21,"neow_bonus":"","is_daily":false,"chose_seed":false,"campfire_upgraded":8,"win_rate":0.0,"timestamp":1608426989,"path_taken":["M","?","?","?","?","R","?","R","T","$","?","R","?","?","R_BF","BOSS","M","?","?","?","?","R","E","R","MIM","?","?","R","?","?","R_BF","BOSS","M","?","?","?","?","R","?","R","T","E","?","?","R","?","R","BOSS"],"items_purchased_type":["Relic","Relic"],"build_version":"2020-12-13","purchased_purges":0,"victory":true,"max_hp_per_floor":[70,70,72,72,72,72,72,72,72,72,72,72,72,72,72,72,72,72,72,72,72,72,72,72,72,72,72,72,72,72,72,72,73,73,74,75,75,75,78,78,78,78,78,82,82,82,82,82,82,83,83],"card_choices":[{"not_picked":["FairyFestival","BigBadWolf","Bloodbath"],"picked":"Singing Bowl","floor":1.0},{"not_picked":["UniverseFragment","LittleHelper"],"picked":"OldLady","floor":1.0},{"not_picked":["Acrobatics","Footwork"],"picked":"StuffTheSpire:DoubleShiv","floor":1.0},{"not_picked":["ReplayTheSpireMod:Echoes of Time","infinitespire:FinalStrike"],"picked":"infinitespire:Starlight","floor":2.0},{"not_picked":["Murderer","ShyLook","VoidDream"],"picked":"Singing Bowl","floor":3.0},{"not_picked":["Masterful Stab","Tactician"],"picked":"Flying Knee","floor":3.0},{"not_picked":["VoidDream","WallGazer"],"picked":"OSAHOGD","floor":16.0},{"not_picked":["aspiration:Lunge","Tools of the Trade"],"picked":"ReplayTheSpireMod:Necrosis","floor":16.0},{"not_picked":["BlackSwan","VoidDream","Rudolta"],"picked":"Singing Bowl","floor":18.0},{"not_picked":["CherryBlossoms","FairyFestival"],"picked":"Bloodbath","floor":18.0},{"not_picked":["Backflip+1","ReplayTheSpireMod:The Works"],"picked":"ReplayTheSpireMod:Tripwire+1","floor":18.0},{"not_picked":["WallGazer","VoidDream","QueenOfHatred"],"picked":"Singing Bowl","floor":22.0},{"not_picked":["ReplayTheSpireMod:Exploit Weakness","Eviscerate"],"picked":"Sucker Punch","floor":22.0},{"not_picked":["SpiderBud","BlackArmy","Laetitia"],"picked":"Singing Bowl","floor":24.0},{"not_picked":["Tactician","Heel Hook"],"picked":"Sucker Punch","floor":24.0},{"not_picked":["Rudolta","LittlePrince","DreamingCurrent"],"picked":"Singing Bowl","floor":26.0},{"not_picked":["StuffTheSpire:Incursion","Sucker Punch"],"picked":"ReplayTheSpireMod:Shiv Toss+1","floor":26.0},{"not_picked":["QueenOfHatred","CrumblingArmor","VoidDream"],"picked":"Singing Bowl","floor":33.0},{"not_picked":["Replay:Bag of Tricks","Night Terror"],"picked":"infinitespire:Neurotoxin","floor":33.0},{"not_picked":["Blade Dance","Acrobatics+1"],"picked":"Catalyst+1","floor":35.0},{"not_picked":["DespairKnight","WhiteNight"],"picked":"Freischutz","floor":35.0},{"not_picked":["BodiesMountain","DreamingCurrent","Rudolta"],"picked":"Singing Bowl","floor":36.0},{"not_picked":["StuffTheSpire:Incursion","StuffTheSpire:Fury"],"picked":"Poison Darts","floor":36.0},{"not_picked":["StuffTheSpire:Fury","Well Laid Plans+1"],"picked":"ReplayTheSpireMod:Shiv Toss","floor":44.0},{"not_picked":["CENSORED","Funeral"],"picked":"LongBird","floor":44.0}],"player_experience":276964,"relics_obtained":[{"floor":1.0,"key":"LetterFromLob"},{"floor":3.0,"key":"Grinning Jar"},{"floor":4.0,"key":"Ring of Misfortune"},{"floor":9.0,"key":"ReplayTheSpireMod:Ninjato"},{"floor":15.0,"key":"hubris:PeanutButter"},{"floor":24.0,"key":"hubris:AncientText"},{"floor":43.0,"key":"aspiration:FetidBarrel"},{"floor":44.0,"key":"halation:EternalFortune"},{"floor":44.0,"key":"halation:SelfBoilingWater"}],"event_choices":[{"damage_healed":0.0,"max_hp_gain":0.0,"max_hp_loss":0.0,"gold_gain":0.0,"event_name":"Golden Wing","player_choice":"Ignored","floor":7.0,"gold_loss":0.0,"damage_taken":0.0},{"damage_healed":0.0,"max_hp_gain":0.0,"max_hp_loss":0.0,"gold_gain":0.0,"event_name":"conspire:Investor","player_choice":"Leave","floor":13.0,"gold_loss":0.0,"damage_taken":0.0},{"damage_healed":0.0,"max_hp_gain":0.0,"max_hp_loss":0.0,"gold_gain":0.0,"event_name":"Designer","player_choice":"Upgrade","floor":21.0,"gold_loss":40.0,"damage_taken":0.0,"cards_upgraded":["Pot Of Greed"]},{"damage_healed":0.0,"max_hp_gain":0.0,"max_hp_loss":0.0,"gold_gain":0.0,"event_name":"FaceTrader","player_choice":"Trade","floor":27.0,"gold_loss":0.0,"damage_taken":0.0,"relics_obtained":["FaceOfCleric"]},{"damage_healed":0.0,"max_hp_gain":0.0,"max_hp_loss":0.0,"gold_gain":0.0,"event_name":"Match and Keep!","player_choice":"1 cards matched","floor":31.0,"gold_loss":0.0,"damage_taken":0.0,"cards_obtained":["Well Laid Plans"]}],"is_beta":false,"boss_relics":[{"not_picked":["StuffTheSpire:RunicHypercube","Ring of Chaos","Coffee Dripper"]},{"not_picked":["Replay:Ancient Bell","halation:CatFaceCupcake"],"picked":"hubris:Backtick"}],"items_purged_floors":[],"is_endless":false,"potions_floor_spawned":[1,18,22],"ascension_level":0}}