{"host":"6to0pdz5g3mubtyg","time":1608501880,"event":{"mods":["Act Like it!","Aspiration","BaseMod","BetterRewards","Colored Map","Energized Spire","Hallownest","Highlight Path","Infinite Spire","Jorbs\u0027s Wanderer Trilogy","Minty Spire (QoL Compilation)","Shade Mod","StSLib","The Animator","The Blue Laboratory","The Bug Knight"],"gold_per_floor":[116,66,66,66,76,106,106,118,118,128,128,128,147,147,147,243,243,243,243],"floor_reached":18,"playtime":846,"items_purged":[],"score":235,"play_id":"79180789-9eec-44aa-836b-bc63df43d279","local_time":"20201220150440","is_ascension_mode":false,"campfire_choices":[{"data":"Shade:AnimateDead","floor":7,"key":"SMITH"},{"data":"Shade:SoulPierce","floor":11,"key":"SMITH"},{"data":"Shade:CallWraith","floor":15,"key":"SMITH"}],"circlet_count":0,"master_deck":["Shade:Strike_Shade","Shade:Strike_Shade","Shade:Strike_Shade","Shade:Strike_Shade","Shade:Defend_Shade","Shade:Defend_Shade","Shade:Defend_Shade","Shade:AnimateDead+1","Shade:CarefulCut","Shade:CallWraith+1","Shade:CallWraith","Shade:DangerousRitual","Shade:SoulPierce+1","Injury","Shade:FreshBones+1","Shade:DarkOfNight+1"],"relics":["animator:PurgingStone","NeowsBlessing","Eternal Feather","aspiration:TomeofQuesting","aspiration:HatOfInfinitePower","Toxic Egg 2","infinitespire:Cubic Diamond","aspiration:PoetsPen_weak"],"acts_visited":["Exordium","TheCity"],"potions_floor_usage":[18,18],"damage_taken":[{"damage":0,"enemies":"Small Slimes","floor":1,"turns":1},{"damage":0,"enemies":"Cultist","floor":5,"turns":1},{"damage":0,"enemies":"Gremlin Nob","floor":6,"turns":1},{"damage":8,"enemies":"2 Louse","floor":8,"turns":3},{"damage":12,"enemies":"Exordium Thugs","floor":10,"turns":4},{"damage":11,"enemies":"Gremlin Gang","floor":13,"turns":2},{"damage":10,"enemies":"Slime Boss","floor":16,"turns":3},{"damage":65,"enemies":"3 Byrds","floor":18,"turns":4}],"seed_played":"1511539792462571999","potions_obtained":[{"floor":8,"key":"blueLaboratory:BottleOfRum"},{"floor":16,"key":"blueLaboratory:HorrorPotion"}],"is_trial":false,"path_per_floor":["M","?","?","$","M","E","R","M","T","M","R","?","M","?","R","B",null,"M"],"character_chosen":"SHADE","items_purchased":[],"campfire_rested":0,"item_purchase_floors":[],"current_hp_per_floor":[65,65,65,65,65,65,65,57,57,45,51,51,40,40,49,39,65,0,0],"gold":243,"neow_bonus":"THREE_ENEMY_KILL","is_daily":false,"chose_seed":false,"campfire_upgraded":3,"win_rate":0.0,"timestamp":1608501880,"path_taken":["M","?","?","$","M","E","R","?","T","M","R","?","M","?","R","BOSS","M"],"items_purchased_type":[],"build_version":"2020-12-13","purchased_purges":0,"victory":false,"max_hp_per_floor":[65,65,65,65,65,65,65,65,65,65,65,65,65,65,65,65,65,65,65],"card_choices":[{"not_picked":["Shade:Asphyxiate","Shade:FeralStrike"],"picked":"Shade:Bonestorm","floor":1},{"not_picked":["Shade:PressTheAttack","Shade:Bite_Shade"],"picked":"Shade:CallWraith","floor":5},{"not_picked":["Shade:SkeletonHug","Shade:PressTheAttack"],"picked":"Shade:CallWraith","floor":6},{"not_picked":["Shade:WallOfFlesh","Shade:LyeBath"],"picked":"Shade:DangerousRitual","floor":8},{"not_picked":["Shade:Trample","Shade:CommandSoldier"],"picked":"Shade:SoulPierce","floor":10},{"not_picked":["Shade:FeralStrike","Shade:GreyBargain+1"],"picked":"Shade:FreshBones+1","floor":13},{"not_picked":["Shade:LoseControl+1","Shade:MadHubris+1"],"picked":"Shade:DarkOfNight+1","floor":16}],"player_experience":197340,"relics_obtained":[{"floor":6,"key":"aspiration:TomeofQuesting"},{"floor":9,"key":"aspiration:HatOfInfinitePower"}],"event_choices":[{"cards_removed":["Shade:Defend_Shade"],"damage_healed":0,"gold_gain":0,"player_choice":"Card Removal","damage_taken":0,"max_hp_gain":0,"max_hp_loss":0,"event_name":"The Cleric","floor":2,"gold_loss":50},{"cards_removed":["Shade:Bonestorm"],"damage_healed":0,"gold_gain":0,"player_choice":"Gave Card","damage_taken":0,"relics_obtained":["Eternal Feather"],"max_hp_gain":0,"max_hp_loss":0,"event_name":"WeMeetAgain","floor":3,"gold_loss":0}],"is_beta":false,"boss_relics":[{"not_picked":["aspiration:FutureDiary","Empty Cage"],"picked":"aspiration:PoetsPen_weak"}],"items_purged_floors":[],"is_endless":false,"potions_floor_spawned":[8,16],"killed_by":"3 Byrds","ascension_level":0}}