{"host":"sav7uxregyirlf69","time":1608445302,"event":{"mods":["AchievementEnabler","BaseMod","Colored Map","DeckTracker","Keyboard Shortcuts","Minty Spire (QoL Compilation)","READ ME - Guardian Mod","StSLib","SuperFastMode"],"gold_per_floor":[112,37,37,37,37,62,82,82,82,82,95,170,193,203,203,301,301,312,71,71,71,88,88,117,127,154,54,54,69,97,113,113,113,113],"floor_reached":33,"playtime":537,"items_purged":["Defend_P","Strike_P"],"score":641,"play_id":"76f85b89-f2e7-41f8-b483-19df549a2e59","local_time":"20201220152142","is_ascension_mode":true,"campfire_choices":[{"data":"Eruption","floor":10.0,"key":"SMITH"},{"data":"TalkToTheHand","floor":15.0,"key":"SMITH"},{"data":"Vault","floor":23.0,"key":"SMITH"},{"data":"MentalFortress","floor":32.0,"key":"SMITH"}],"circlet_count":0,"master_deck":["AscendersBane","Strike_P+1","Defend_P+1","Defend_P+1","Defend_P","Eruption+1","Vigilance+1","FlurryOfBlows","FlurryOfBlows","WheelKick","TalkToTheHand+1","Vault+1","CurseOfTheBell","MentalFortress+1","Halt"],"relics":["PureWater","NeowsBlessing","Tiny Chest","Singing Bowl","Boot","Calling Bell","Anchor","Meat on the Bone","Du-Vu Doll","TheAbacus","Turnip","Potion Belt","Happy Flower","Pear","War Paint"],"acts_visited":["Exordium","TheCity"],"potions_floor_usage":[],"damage_taken":[{"damage":0.0,"enemies":"Small Slimes","floor":1.0,"turns":1.0},{"damage":0.0,"enemies":"Gremlin Nob","floor":6.0,"turns":1.0},{"damage":0.0,"enemies":"Jaw Worm","floor":7.0,"turns":1.0},{"damage":3.0,"enemies":"2 Louse","floor":11.0,"turns":2.0},{"damage":1.0,"enemies":"Blue Slaver","floor":14.0,"turns":2.0},{"damage":6.0,"enemies":"Hexaghost","floor":16.0,"turns":5.0},{"damage":3.0,"enemies":"Shell Parasite","floor":18.0,"turns":3.0},{"damage":9.0,"enemies":"Chosen","floor":22.0,"turns":4.0},{"damage":23.0,"enemies":"Book of Stabbing","floor":24.0,"turns":4.0},{"damage":15.0,"enemies":"Shelled Parasite and Fungi","floor":25.0,"turns":6.0},{"damage":10.0,"enemies":"Snake Plant","floor":29.0,"turns":6.0},{"damage":33.0,"enemies":"Gremlin Leader","floor":30.0,"turns":7.0},{"damage":2.0,"enemies":"Sentry and Sphere","floor":31.0,"turns":4.0},{"damage":57,"enemies":"Automaton","floor":33,"turns":9}],"seed_played":"5401527234786496399","potions_obtained":[{"floor":1.0,"key":"ColorlessPotion"},{"floor":7.0,"key":"FearPotion"},{"floor":22.0,"key":"Dexterity Potion"},{"floor":24.0,"key":"GamblersBrew"},{"floor":29.0,"key":"Weak Potion"},{"floor":31.0,"key":"Explosive Potion"}],"is_trial":false,"path_per_floor":["M","$","?","?","?","E","M","$","T","R","M","?","T","M","R","B",null,"M","$","T","?","M","R","E","M","T","$","T","M","E","M","R","B"],"character_chosen":"WATCHER","items_purchased":["TheAbacus","MentalFortress"],"campfire_rested":0,"item_purchase_floors":[19,19],"current_hp_per_floor":[61,61,41,46,39,39,39,39,39,39,36,25,25,26,26,20,61,60,60,60,60,53,53,42,41,41,41,51,55,36,48,48,0,0],"gold":113,"neow_bonus":"THREE_ENEMY_KILL","is_daily":false,"chose_seed":false,"campfire_upgraded":4,"win_rate":0.0,"timestamp":1608445302,"path_taken":["M","$","?","?","?","E","M","?","T","R","M","?","?","M","R","BOSS","M","$","?","?","?","R","E","M","T","?","?","M","E","M","R","BOSS"],"items_purchased_type":["Relic","Card"],"build_version":"2020-12-13","purchased_purges":2,"victory":false,"max_hp_per_floor":[68,68,68,73,73,73,73,73,73,73,73,73,73,75,75,75,75,77,77,77,77,79,79,79,81,81,81,91,93,95,97,97,97,97],"card_choices":[{"not_picked":["BattleHymn","CutThroughFate"],"picked":"FlurryOfBlows","floor":1.0},{"not_picked":["ThirdEye","FlyingSleeves"],"picked":"FlurryOfBlows","floor":6.0},{"not_picked":["EmptyFist","FollowUp"],"picked":"WheelKick","floor":7.0},{"not_picked":["WaveOfTheHand","ThirdEye"],"picked":"TalkToTheHand","floor":11.0},{"not_picked":["Prostrate","ForeignInfluence","Establishment"],"picked":"Singing Bowl","floor":14.0},{"not_picked":["Blasphemy","DevaForm"],"picked":"Vault","floor":16.0},{"not_picked":["Prostrate","Protect","EmptyBody"],"picked":"Singing Bowl","floor":18.0},{"not_picked":["Crescendo","DeceiveReality","FollowUp+1"],"picked":"Singing Bowl","floor":22.0},{"not_picked":["BowlingBash","SashWhip"],"picked":"Halt","floor":24.0},{"not_picked":["Brilliance","PathToVictory","Halt"],"picked":"Singing Bowl","floor":25.0},{"not_picked":["FlurryOfBlows","PathToVictory","FlyingSleeves"],"picked":"Singing Bowl","floor":29.0},{"not_picked":["ConjureBlade","Protect","CutThroughFate"],"picked":"Singing Bowl","floor":30.0},{"not_picked":["SashWhip","FlurryOfBlows","Conclude"],"picked":"Singing Bowl","floor":31.0}],"player_experience":965403,"relics_obtained":[{"floor":6.0,"key":"Tiny Chest"},{"floor":9.0,"key":"Singing Bowl"},{"floor":13.0,"key":"Boot"},{"floor":17.0,"key":"Anchor"},{"floor":17.0,"key":"Meat on the Bone"},{"floor":17.0,"key":"Du-Vu Doll"},{"floor":20.0,"key":"Turnip"},{"floor":24.0,"key":"Potion Belt"},{"floor":26.0,"key":"Happy Flower"},{"floor":28.0,"key":"Pear"},{"floor":30.0,"key":"War Paint"}],"event_choices":[{"damage_healed":0.0,"max_hp_gain":0.0,"max_hp_loss":0.0,"gold_gain":0.0,"event_name":"Shining Light","player_choice":"Entered Light","floor":3.0,"gold_loss":0.0,"damage_taken":20.0,"cards_upgraded":["Strike_P","Defend_P"]},{"damage_healed":0.0,"max_hp_gain":5.0,"max_hp_loss":0.0,"gold_gain":0.0,"event_name":"Big Fish","player_choice":"Donut","floor":4.0,"gold_loss":0.0,"damage_taken":0.0},{"cards_removed":["Strike_P"],"damage_healed":0.0,"max_hp_gain":0.0,"max_hp_loss":0.0,"gold_gain":0.0,"event_name":"Golden Wing","player_choice":"Card Removal","floor":5.0,"gold_loss":0.0,"damage_taken":7.0},{"damage_healed":0.0,"max_hp_gain":0.0,"max_hp_loss":0.0,"gold_gain":75.0,"event_name":"World of Goop","player_choice":"Gather Gold","floor":12.0,"gold_loss":0.0,"damage_taken":11.0},{"cards_removed":["Strike_P"],"damage_healed":0.0,"max_hp_gain":0.0,"max_hp_loss":0.0,"gold_gain":0.0,"event_name":"Bonfire Elementals","player_choice":"Offered Basic","floor":21.0,"gold_loss":0.0,"damage_taken":0.0}],"is_beta":false,"boss_relics":[{"not_picked":["Velvet Choker","Busted Crown"],"picked":"Calling Bell"}],"items_purged_floors":[2,27],"is_endless":false,"potions_floor_spawned":[1,7,14,22,24,29,31],"killed_by":"Automaton","ascension_level":20}}