{"host":"f6tqpspb2ou2a4h5","time":1608455750,"event":{"mods":["2.2 Compatiblity","Ascension Unlocker","BaseMod","Colored Map","DeckTracker","Hermit","Highlight Path","KOR Keyword Fix","Keyboard Shortcuts","Minty Spire (QoL Compilation)","Permanent Neow","Quick Restart","Random Character Button","StSLib","SuperFastMode","The Poker Player","everything is the same but u backflip on backflip"],"gold_per_floor":[116,116,136,136,159,159,183,221,221,221,235,62,62,78,78,204,204,219,232,232,232,256,256,271,271,271,271,287,303,303,228,228,228,228],"floor_reached":33,"playtime":1816,"items_purged":["Barrage"],"score":249,"play_id":"92d51369-7d62-4d94-ad04-569ed772fecf","local_time":"20201220181550","is_ascension_mode":false,"campfire_choices":[{"data":"White Noise","floor":6,"key":"SMITH"},{"data":"Dualcast","floor":10,"key":"SMITH"},{"data":"Capacitor","floor":13,"key":"SMITH"},{"data":"Coolheaded","floor":15,"key":"SMITH"},{"data":"Reboot","floor":23,"key":"SMITH"},{"floor":25,"key":"REST"},{"data":"Redo","floor":30,"key":"SMITH"},{"floor":32,"key":"REST"}],"circlet_count":0,"master_deck":["Zap","Dualcast+1","Finesse","Coolheaded+1","Cold Snap","White Noise+1","Melter","Capacitor+1","Consume","Chaos","All For One","Go for the Eyes","Beam Cell","Reboot+1","Scrape","Aggregate","Capacitor","Conserve Battery","Fusion","Streamline","Scrape","Gash","Loop+1","Go for the Eyes","Redo+1","Consume+1"],"relics":["Cracked Core","Bloody Idol","Mango","Girya","Pandora\u0027s Box","Art of War"],"acts_visited":["Exordium","TheCity"],"potions_floor_usage":[22,33],"damage_taken":[{"damage":7.0,"enemies":"2 Louse","floor":1.0,"turns":2.0},{"damage":3,"enemies":"Jaw Worm","floor":3,"turns":4},{"damage":0,"enemies":"Cultist","floor":5,"turns":3},{"damage":4,"enemies":"2 Fungi Beasts","floor":7,"turns":3},{"damage":19,"enemies":"3 Sentries","floor":8,"turns":9},{"damage":13,"enemies":"Lots of Slimes","floor":11,"turns":4},{"damage":3,"enemies":"Large Slime","floor":14,"turns":9},{"damage":12,"enemies":"Hexaghost","floor":16,"turns":10},{"damage":4,"enemies":"3 Byrds","floor":18,"turns":3},{"damage":10,"enemies":"Chosen","floor":19,"turns":4},{"damage":30,"enemies":"Centurion and Healer","floor":22,"turns":5},{"damage":54,"enemies":"3 Cultists","floor":24,"turns":5},{"damage":12,"enemies":"Sentry and Sphere","floor":28,"turns":7},{"damage":6,"enemies":"Chosen and Byrds","floor":29,"turns":6},{"damage":68,"enemies":"Automaton","floor":33,"turns":6}],"seed_played":"5985600439476372961","potions_obtained":[{"floor":3,"key":"SmokeBomb"},{"floor":11,"key":"SkillPotion"},{"floor":16,"key":"FairyPotion"},{"floor":28,"key":"ColorlessPotion"},{"floor":29,"key":"SpeedPotion"}],"is_trial":false,"path_per_floor":["M","?","M","?","M","R","M","E","T","R","M","$","R","M","R","B",null,"M","M","?","?","M","R","M","R","T","?","M","M","R","$","R","B"],"character_chosen":"DEFECT","items_purchased":["All For One","Go for the Eyes"],"campfire_rested":2,"item_purchase_floors":[12,12],"current_hp_per_floor":[68,68,65,65,65,65,61,56,56,56,43,43,43,40,40,28,83,79,69,69,69,39,39,12,36,36,36,29,28,28,28,52,0,0],"gold":228,"neow_bonus":"RANDOM_COLORLESS","is_daily":false,"chose_seed":false,"campfire_upgraded":6,"win_rate":0.0,"timestamp":1608455750,"path_taken":["M","?","M","?","M","R","?","E","T","R","M","$","R","M","R","BOSS","M","M","?","?","?","R","M","R","T","?","M","M","R","$","R","BOSS"],"items_purchased_type":["Card","Card"],"build_version":"2020-12-13","purchased_purges":1,"victory":false,"max_hp_per_floor":[75,69,69,69,69,69,69,83,83,83,83,83,83,83,83,83,83,83,83,83,83,83,83,83,83,83,83,83,83,83,83,83,83,83],"card_choices":[{"not_picked":["Blind","Panacea"],"picked":"Finesse","floor":0.0},{"not_picked":["Redo","Aggregate"],"picked":"Coolheaded","floor":1},{"not_picked":["Rip and Tear","Redo"],"picked":"Cold Snap","floor":3},{"not_picked":["Hologram","Reprogram"],"picked":"Melter","floor":5},{"not_picked":["Steam","Heatsinks"],"picked":"Capacitor","floor":7},{"not_picked":["Capacitor","Beam Cell"],"picked":"Consume","floor":8},{"not_picked":["Leap","Consume"],"picked":"Chaos","floor":11},{"not_picked":["Chaos","Consume"],"picked":"Beam Cell","floor":14},{"not_picked":["Electrodynamics","Seek"],"picked":"Reboot","floor":16},{"not_picked":["Coolheaded","Barrage+1"],"picked":"Streamline","floor":18},{"not_picked":["Fusion+1","Conserve Battery"],"picked":"Scrape","floor":19},{"not_picked":["Cold Snap+1","Redo"],"picked":"Loop+1","floor":22},{"not_picked":["Compile Driver","Coolheaded"],"picked":"Go for the Eyes","floor":24},{"not_picked":["Compile Driver","Barrage+1"],"picked":"Redo","floor":28},{"not_picked":["Aggregate+1","Auto Shields"],"picked":"Consume+1","floor":29}],"player_experience":32300,"relics_obtained":[{"floor":8,"key":"Mango"},{"floor":9,"key":"Girya"},{"floor":26,"key":"Art of War"}],"event_choices":[{"damage_healed":0,"gold_gain":0,"player_choice":"Lose Max HP","damage_taken":0,"relics_obtained":["Golden Idol"],"max_hp_gain":0,"max_hp_loss":6,"event_name":"Golden Idol","floor":2,"gold_loss":0},{"damage_healed":0,"gold_gain":0,"cards_transformed":["Strike_B"],"player_choice":"Transformed","damage_taken":0,"max_hp_gain":0,"max_hp_loss":0,"event_name":"Transmorgrifier","floor":4,"gold_loss":0,"cards_obtained":["White Noise"]},{"damage_healed":0,"gold_gain":0,"player_choice":"Read","damage_taken":0,"max_hp_gain":0,"max_hp_loss":0,"event_name":"The Library","floor":20,"gold_loss":0,"cards_obtained":["Gash"]},{"cards_removed":["Stack"],"damage_healed":0,"gold_gain":0,"player_choice":"Purged","damage_taken":0,"max_hp_gain":0,"max_hp_loss":0,"event_name":"Purifier","floor":21,"gold_loss":0},{"damage_healed":0,"gold_gain":0,"player_choice":"Gave Idol","damage_taken":0,"relics_obtained":["Bloody Idol"],"max_hp_gain":0,"max_hp_loss":0,"event_name":"Forgotten Altar","floor":27,"relics_lost":["Golden Idol"],"gold_loss":0}],"is_beta":false,"boss_relics":[{"not_picked":["Cursed Key","SacredBark"],"picked":"Pandora\u0027s Box"}],"items_purged_floors":[31],"is_endless":false,"potions_floor_spawned":[3,11,16,19,28,29],"killed_by":"Automaton","ascension_level":0}}