{"host":"1shobamjx3kfwgso","time":1608429686,"event":{"mods":["2.2 Compatiblity","AchievementEnabler","Act Like it!","Aspiration","BaseMod","Beaked The Cultist","BetterRewards","Block Reminder","CCEM","CapriCore","Challenge The Spire","Clockwork Mod","Colored Map","Colored Powertips","Conjunction","Conspire","Defuse TimeMaze Blight","Downfall","Elementarium","Energized Spire","Exacting","FoggyMod","GifTheSpireLib","Halation","Hallownest","Hermit","Highlight Path","Hubris","Infinite Spire","Lobotomy","LobotomyExtend","Mimic Mod","Minty Spire (QoL Compilation)","Pale of the Ancients","Quick Restart","Relic Sorter","Replay The Spire","Shade Mod","Shop Mod","StSLib","Stuff the Spire","The Bladedancer","The Bug Knight","The Construct","The Cursed","The Druid","The Gatherer","The Immortal","The Juggle","The Mystic","The Sage","The Servant 0.9.4","TheFirefly","TheVacant","Uncapped","vexMod"],"gold_per_floor":[111,111,111,36,36,68,68,68,113,133,133,133,20,20,20,118,118,135,135,173,272,272,272,116,116,143,143,143,143,143,143,143,240,240,258,258,258,258,258,258,276,276,276,276,9,46,77,77,77,77,77],"floor_reached":50,"playtime":2305,"items_purged":["Regret","hexamod:Strike"],"score":500,"play_id":"e410b499-cc05-4a76-bbfd-0fc504d3f81f","local_time":"20201219210126","is_ascension_mode":false,"campfire_choices":[{"floor":7.0,"key":"REST"},{"floor":11.0,"key":"RECALL"},{"floor":15.0,"key":"REST"},{"data":"beaked:MachineEssence","floor":23.0,"key":"SMITH"},{"data":"expansioncontent:CaCaw","floor":25.0,"key":"SMITH"},{"data":"beaked:Brace","floor":28.0,"key":"SMITH"},{"floor":32.0,"key":"REST"},{"data":"StuffTheSpire:BrainWave","floor":40.0,"key":"SMITH"},{"data":"ReplayTheSpireMod:Wings of Steel","floor":42.0,"key":"SMITH"},{"data":"Replay:Bootleg Shield Generator","floor":44.0,"key":"SMITH"},{"floor":49.0,"key":"REST"}],"circlet_count":0,"master_deck":["beaked:Strike_Y","beaked:Strike_Y","beaked:Strike_Y","beaked:Strike_Y","beaked:Strike_Y","beaked:Strike_Y","beaked:Defend_Y","beaked:Defend_Y","beaked:Defend_Y","beaked:Defend_Y+1","beaked:Ceremony+1","beaked:Ceremony+1","beaked:Ceremony+1","beaked:BraceForImpact+1","Bloodbath","beaked:Brace+1","beaked:Foresight+1","expansioncontent:CaCaw+1","beaked:WarriorEssence","OldLady","beaked:MachineEssence+1","OSAHOGD","beaked:VigorBurst+1","infinitespire:FutureSight+1","beaked:Sacrifice","beaked:Resilience+1","MHz","StuffTheSpire:BrainWave+1","Madness+1","Madness","Replay:Bootleg Shield Generator+1","expansioncontent:ManipulateTime+1","Replay:Dark Deal","ReplayTheSpireMod:Wings of Steel+1","Poisoned Strike","Dark Shackles","beaked:Tweet","beaked:MaddeningMurmurs"],"relics":["beaked:MendingPlumage","beaked:RitualPlumage","beaked:BlessedCoat","CogitoBucket","RabbitCall","LetterFromLob","StuffTheSpire:GrapeVine","StuffTheSpire:Tea","Bottled Lightning","hubris:Reverence","infinitespire:Satchel","vexMod:ImprovementManual","SkinProphecy","infinitespire:BottledMercury","War Paint","halation:Toothbrush"],"acts_visited":["Exordium","TheCity","TheBeyond"],"potions_floor_usage":[50],"damage_taken":[{"damage":9.0,"enemies":"Small Slimes","floor":1.0,"turns":5.0},{"damage":49.0,"enemies":"Lagavulin","floor":6.0,"turns":9.0},{"damage":17.0,"enemies":"infinitespire:Voidling","floor":10.0,"turns":5.0},{"damage":51.0,"enemies":"The Guardian","floor":16.0,"turns":12.0},{"damage":48.0,"enemies":"Spheric Guardian","floor":18.0,"turns":7.0},{"damage":50.0,"enemies":"2 Thieves","floor":20.0,"turns":10.0},{"damage":134.0,"enemies":"Automaton","floor":33.0,"turns":11.0},{"damage":35.0,"enemies":"3 Shapes","floor":35.0,"turns":8.0},{"damage":117.0,"enemies":"3 Darklings","floor":41.0,"turns":9.0},{"damage":130.0,"enemies":"Giant Head","floor":47.0,"turns":11.0},{"damage":92,"enemies":"hubris:GrandSnecko","floor":50,"turns":4}],"seed_played":"4774215830912513481","potions_obtained":[{"floor":1.0,"key":"GamblersBrew"},{"floor":6.0,"key":"ColorlessPotion"},{"floor":10.0,"key":"Fire Potion"},{"floor":16.0,"key":"CultistPotion"},{"floor":18.0,"key":"sneckomod:MuddlingPotion"},{"floor":33.0,"key":"Fire Potion"},{"floor":35.0,"key":"Doom Potion"},{"floor":46.0,"key":"Swift Potion"}],"is_trial":false,"path_per_floor":["M","?","?","$","M","E","R","?","T","M","R","?","$","?","R","B",null,"M","?","MIM","?","AVR","R","$","R","T","?","R","?","M","M","R","B",null,"M","?","?","?","?","R","M","R","T","R","$","?","E","M","R","B"],"character_chosen":"BEAKED_THE_CULTIST","items_purchased":["expansioncontent:CaCaw","beaked:WarriorEssence","beaked:RitualPlumage","Poisoned Strike","Dark Shackles"],"campfire_rested":4,"item_purchase_floors":[13,13,24,45,45],"current_hp_per_floor":[50,50,50,50,50,13,28,28,28,35,35,35,35,35,50,42,50,25,30,35,35,35,35,35,35,35,35,35,22,22,22,38,55,55,55,50,44,49,39,39,49,49,49,49,49,36,31,31,48,0,0],"gold":77,"neow_bonus":"","is_daily":false,"chose_seed":false,"campfire_upgraded":6,"win_rate":0.0,"timestamp":1608429686,"path_taken":["M","?","?","$","?","E","R","?","T","?","R","?","?","?","R","BOSS","M","?","?","?","AVR","R","$","R","T","?","R","?","?","?","R","BOSS","M","?","?","?","?","R","?","R","T","R","?","?","E","?","R","BOSS"],"items_purchased_type":["Card","Card","Relic","Card","Card"],"build_version":"2020-12-13","purchased_purges":2,"victory":false,"max_hp_per_floor":[50,50,50,50,50,50,50,50,50,50,50,50,50,50,50,50,50,55,55,55,55,55,55,55,55,55,55,55,55,55,55,55,55,55,55,50,50,50,50,50,55,55,55,55,55,55,57,57,57,59,59],"card_choices":[{"not_picked":["beaked:Flinch","beaked:Tweet"],"picked":"beaked:BraceForImpact","floor":1.0},{"not_picked":["Scorched","DreamingCurrent","LittleHelper"],"picked":"Singing Bowl","floor":1.0},{"not_picked":["MeatLantern","VoidDream"],"picked":"Bloodbath","floor":6.0},{"not_picked":["beaked:MachineSpirit","beaked:WindBringer"],"picked":"beaked:Brace","floor":6.0},{"not_picked":["beaked:CheekyTricks","beaked:FeelMyPain"],"picked":"beaked:Foresight","floor":10.0},{"not_picked":["Murderer","BigBird"],"picked":"OldLady","floor":10.0},{"not_picked":["LittlePrince","PunishingBird"],"picked":"OldLady","floor":16.0},{"not_picked":["beaked:VolatileMisfortune","beaked:SacrificialScars"],"picked":"beaked:MachineEssence","floor":16.0},{"not_picked":["Laetitia","Variant","Scarecrow"],"picked":"Singing Bowl","floor":18.0},{"not_picked":["VoidDream","QueenBee"],"picked":"OSAHOGD","floor":18.0},{"not_picked":["beaked:Windmill","beaked:Tradeoff"],"picked":"beaked:VigorBurst+1","floor":18.0},{"not_picked":["Alriune","BeautyBeast","Porccubus"],"picked":"Singing Bowl","floor":20.0},{"not_picked":["hubris:Rewind","ReplayTheSpireMod:Echoes of Time"],"picked":"infinitespire:FutureSight","floor":29.0},{"not_picked":["beaked:FakeOut","beaked:CheekyTricks"],"picked":"beaked:Sacrifice","floor":33.0},{"not_picked":["WallGazer","NothingThere","BodiesMountain"],"picked":"Singing Bowl","floor":33.0},{"not_picked":["beaked:WindBringer","beaked:Daydream"],"picked":"beaked:Resilience+1","floor":35.0},{"not_picked":["LittleHelper","VoidDream"],"picked":"MHz","floor":35.0},{"not_picked":["Replay:BasicMightCard","expansioncontent:GoopSpray"],"picked":"Replay:Bootleg Shield Generator","floor":39.0},{"not_picked":["sagemod:Perplexing_Glare","Secret Weapon"],"picked":"expansioncontent:ManipulateTime","floor":39.0},{"not_picked":["Replay:Sssssssssstrike","sagemod:Perplexing_Glare"],"picked":"Replay:Dark Deal","floor":39.0},{"not_picked":["BigBadWolf","FairyFestival","WhiteNight"],"picked":"Singing Bowl","floor":41.0},{"not_picked":["beaked:Poke+1","beaked:TuckingFeathers+1"],"picked":"ReplayTheSpireMod:Wings of Steel","floor":41.0},{"not_picked":["beaked:BarbedWire+1","beaked:Devastation+1"],"picked":"beaked:Tweet","floor":46.0},{"not_picked":["NothingThere","Scorched","BlackArmy"],"picked":"Singing Bowl","floor":47.0},{"not_picked":["beaked:WindBringer+1","beaked:MimicMachine+1"],"picked":"beaked:MaddeningMurmurs","floor":47.0}],"player_experience":282155,"relics_obtained":[{"floor":1.0,"key":"LetterFromLob"},{"floor":6.0,"key":"StuffTheSpire:Tea"},{"floor":20.0,"key":"Bottled Lightning"},{"floor":26.0,"key":"infinitespire:Satchel"},{"floor":43.0,"key":"infinitespire:BottledMercury"},{"floor":46.0,"key":"War Paint"},{"floor":47.0,"key":"halation:Toothbrush"}],"event_choices":[{"damage_healed":0.0,"max_hp_gain":0.0,"max_hp_loss":0.0,"gold_gain":0.0,"event_name":"Big Fish","player_choice":"Box","floor":2.0,"gold_loss":0.0,"damage_taken":0.0,"relics_obtained":["StuffTheSpire:GrapeVine"],"cards_obtained":["Regret"]},{"damage_healed":0.0,"max_hp_gain":0.0,"max_hp_loss":0.0,"gold_gain":0.0,"event_name":"Match and Keep!","player_choice":"0 cards matched","floor":3.0,"gold_loss":0.0,"damage_taken":0.0,"cards_obtained":[]},{"damage_healed":0.0,"max_hp_gain":0.0,"max_hp_loss":0.0,"gold_gain":0.0,"event_name":"Purifier","player_choice":"Ignored","floor":8.0,"gold_loss":0.0,"damage_taken":0.0},{"cards_removed":["OldLady"],"damage_healed":0.0,"max_hp_gain":0.0,"max_hp_loss":0.0,"gold_gain":0.0,"event_name":"NoteForYourself","player_choice":"Took Card","floor":12.0,"gold_loss":0.0,"damage_taken":0.0,"cards_obtained":["hexamod:Strike"]},{"damage_healed":0.0,"max_hp_gain":0.0,"max_hp_loss":0.0,"gold_gain":99.0,"event_name":"Nest","player_choice":"Stole From Cult","floor":21.0,"gold_loss":0.0,"damage_taken":0.0},{"damage_healed":0.0,"max_hp_gain":0.0,"max_hp_loss":0.0,"gold_gain":0.0,"event_name":"Vampires","player_choice":"Ignored","floor":30.0,"gold_loss":0.0,"damage_taken":0.0},{"damage_healed":0.0,"max_hp_gain":0.0,"max_hp_loss":0.0,"gold_gain":0.0,"event_name":"Winding Halls","player_choice":"Embrace Madness","floor":37.0,"gold_loss":0.0,"damage_taken":6.0,"cards_obtained":["Madness","Madness"]},{"damage_healed":0.0,"max_hp_gain":0.0,"max_hp_loss":0.0,"gold_gain":0.0,"event_name":"SensoryStone","player_choice":"Memory 3","floor":39.0,"gold_loss":0.0,"damage_taken":10.0},{"damage_healed":0.0,"max_hp_gain":0.0,"max_hp_loss":0.0,"gold_gain":0.0,"event_name":"SecretPortal","player_choice":"Ignored","floor":48.0,"gold_loss":0.0,"damage_taken":0.0}],"is_beta":false,"boss_relics":[{"not_picked":["ReplayTheSpireMod:DimensionalGlitch","energizedSpire:StickyHand","Replay:Drink Me"]},{"not_picked":["conspire:SeveredTorchhead","vexMod:DeviousBotling"],"picked":"vexMod:ImprovementManual"}],"items_purged_floors":[4,22],"is_endless":false,"potions_floor_spawned":[1,10,16,18,33,35],"killed_by":"hubris:GrandSnecko","ascension_level":0}}