{"host":"njruw0b0uprlitpx","time":1608429206,"event":{"mods":["2.2 Compatiblity","Astrologer","BaseMod","Better Altar","Better Note","Better Sensory Stone","Better Skull","Better Third Choice","BetterRewards","Block Reminder","Colored Map","Colored Powertips","Hermit","Jedi Mod","Keyboard Shortcuts","Minty Spire (QoL Compilation)","Quick Restart","Relic Stats","Replay The Spire","SacredBarkPlus","Spicy Shops","StSLib","SuperFastMode","The Blackbeard","The Bug Knight","The Construct","The Evolution","The Forsaken","The Mystic","The Problem Sleuth","The Runesmith","The Spell Scribe","Wandering Minibosses"],"gold_per_floor":[111,16,16,26,137,137,154,154,177,177,177,191,210,223,254,264,264,361,361,371,389,40,52,52,77,8,8,8,8,8,8,8,8,8,8,8,8,8,8,8,8,8,8,8,8,8,8,8,8,8,8,8],"floor_reached":53,"playtime":4711,"items_purged":["Normality"],"score":1063,"play_id":"f7ae4d62-9dd0-4fd6-8e09-8370d288ecd0","local_time":"20201219195326","is_ascension_mode":false,"campfire_choices":[{"floor":6.0,"key":"REST"},{"data":"Eruption","floor":8.0,"key":"SMITH"},{"data":"BattleHymn","floor":17,"key":"SMITH"},{"floor":29,"key":"REST"},{"data":"Vault","floor":31,"key":"SMITH"},{"data":"Wish","floor":34,"key":"SMITH"},{"floor":42,"key":"REST"},{"floor":44,"key":"REST"},{"data":"Devotion","floor":48,"key":"SMITH"},{"data":"Tantrum","floor":51,"key":"SMITH"}],"circlet_count":0,"master_deck":["Strike_P","Strike_P","Strike_P","Defend_P","Defend_P","Eruption+1","Vigilance","EmptyMind+1","FlyingSleeves+1","Prostrate","Indignation","Tantrum+1","Replay:Hum","SashWhip","Prostrate","Protect","BattleHymn+1","ThirdEye","Vault+1","SashWhip+1","Halt","WindmillStrike","SignatureMove","SignatureMove","Wallop","TalkToTheHand","ClearTheMind","ClearTheMind","Weave","EmptyFist","FearNoEvil","Prostrate","Wish+1","Indignation","Devotion+1","JustLucky+1","CarveReality+1","Conclude+1","CrushJoints","Halt","Perseverance+1","Crescendo+1","FlurryOfBlows+1","FollowUp+1","Brilliance","JustLucky+1"],"relics":["PureWater","ReplayTheSpireMod:CursedCoin","theForsaken:Kindling","TeardropLocket","Guide Book","Centennial Puzzle","Simple Rune","Dream Catcher","Ring of Chaos","Sling","Regal Pillow","jedi:ominousloannote","jedi:angrymask","Bottled Flame","Astrolabe","Letter Opener","theSleuth:Tectrixcalibur","jedi:othersneckoeye","Gremlin Horn","theForsaken:Gavel"],"acts_visited":["Exordium","TheCity","TheBeyond"],"potions_floor_usage":[18,18,23,27,35,35,46,49,52,52],"damage_taken":[{"damage":0.0,"enemies":"Cultist","floor":1.0,"turns":2.0},{"damage":0.0,"enemies":"Small Slimes","floor":4.0,"turns":2.0},{"damage":0.0,"enemies":"2 Louse","floor":7.0,"turns":2.0},{"damage":0.0,"enemies":"Exordium Wildlife","floor":12.0,"turns":2.0},{"damage":0.0,"enemies":"Large Slime","floor":13.0,"turns":2.0},{"damage":0.0,"enemies":"2 Fungi Beasts","floor":14.0,"turns":2.0},{"damage":0.0,"enemies":"Replay:BlueRogue","floor":15.0,"turns":3.0},{"damage":3,"enemies":"Blue Slaver","floor":16,"turns":3},{"damage":0,"enemies":"Slime Boss","floor":18,"turns":3},{"damage":0,"enemies":"Chosen","floor":20,"turns":4},{"damage":6,"enemies":"Sentry and Sphere","floor":21,"turns":4},{"damage":3,"enemies":"3 Cultists","floor":23,"turns":4},{"damage":12,"enemies":"HollowMod:Nosk","floor":25,"turns":4},{"damage":16,"enemies":"Centurion and Healer","floor":27,"turns":5},{"damage":0,"enemies":"Snecko","floor":30,"turns":4},{"damage":2,"enemies":"3 Cultists","floor":32,"turns":4},{"damage":5,"enemies":"Snake Plant","floor":33,"turns":5},{"damage":4,"enemies":"Champ","floor":35,"turns":5},{"damage":16,"enemies":"3 Shapes","floor":37,"turns":4},{"damage":6,"enemies":"Orb Walker","floor":41,"turns":2},{"damage":0,"enemies":"Reptomancer","floor":46,"turns":3},{"damage":0,"enemies":"Transient","floor":47,"turns":5},{"damage":4,"enemies":"4 Shapes","floor":49,"turns":2},{"damage":0,"enemies":"Writhing Mass","floor":50,"turns":2},{"damage":22,"enemies":"Awakened One","floor":52,"turns":6}],"seed_played":"1041175789808009903","potions_obtained":[{"floor":3.0,"key":"PowerPotion"},{"floor":3.0,"key":"SkillPotion"},{"floor":3.0,"key":"FairyPotion"},{"floor":16,"key":"Adrenaline Potion"},{"floor":18,"key":"Regen Potion"},{"floor":27,"key":"Energy Potion"},{"floor":33,"key":"Strength Potion"},{"floor":43,"key":"Dexterity Potion"},{"floor":43,"key":"Venom Potion"},{"floor":46,"key":"Adrenaline Potion"},{"floor":47,"key":"AttackPotion"}],"is_trial":false,"path_per_floor":["M","$","?","M","?","R","M","R","T","PTL","PTL","M","M","M","E","M","R","B",null,"M","M","$","M","?","E","$","M","T","R","M","R","M","M","R","B",null,"M","?","T","?","M","R","?","R","T","E","M","R","M","M","R","B",null],"character_chosen":"WATCHER","items_purchased":["ReplayTheSpireMod:CursedCoin","TeardropLocket","EmptyMind","FlyingSleeves","Prostrate","Guide Book","Tantrum","Sling","WindmillStrike","SignatureMove","AttackPotion","jedi:ominousloannote","PowerPotion","jedi:angrymask","ClearTheMind","Weave","EmptyFist"],"campfire_rested":4,"item_purchase_floors":[0,0,0,0,0,0,2,22,22,22,22,26,26,26,26,26,26],"current_hp_per_floor":[72,72,72,72,50,76,76,76,76,76,76,76,76,76,76,73,73,73,77,77,71,71,68,68,56,56,52,52,82,82,82,80,75,75,71,82,66,66,66,66,60,87,53,92,92,92,92,92,88,88,88,85],"gold":8,"neow_bonus":"","is_daily":false,"chose_seed":false,"campfire_upgraded":6,"win_rate":0.0,"timestamp":1608429206,"path_taken":["M","$","?","?","?","R","M","R","T","PTL","PTL","M","M","M","E","M","R","BOSS","M","M","$","M","?","E","$","?","T","R","?","R","M","?","R","BOSS","M","?","?","?","M","R","?","R","T","E","M","R","M","M","R","BOSS"],"items_purchased_type":["Relic","Relic","Card","Card","Card","Relic","Card","Relic","Card","Card","Potion","Relic","Potion","Relic","Card","Card","Card"],"build_version":"2020-12-13","purchased_purges":1,"victory":true,"max_hp_per_floor":[72,72,72,72,72,77,77,77,77,77,77,77,77,77,77,77,77,77,77,77,77,77,77,77,77,77,77,77,82,82,82,82,82,82,82,82,82,82,82,82,82,87,87,92,92,92,92,92,92,92,92,92],"relic_stats":{"Centennial Puzzle":[36],"Dream Catcher":3,"Regal Pillow":10,"Gremlin Horn":[9,9],"counters":[46,151],"Astrolabe":["astrologer:TheHermit","astrologer:LonelyStar","astrologer:TheHermit","JustLucky","CarveReality","Conclude"],"Letter Opener":[55],"obtain_stats":[{"ReplayTheSpireMod:Ring of Exchange":36,"jedi:angrymask":26,"Regal Pillow":25,"Torii":14,"Gremlin Horn":45,"Mythril_Glove":43,"TeardropLocket":0,"Sling":19,"theForsaken:Gavel":46,"Replay:Wanted Poster":34,"Centennial Puzzle":5,"Dream Catcher":15,"Matryoshka":26,"theSleuth:Tectrixcalibur":40,"Ribbon":10,"theForsaken:Kindling":0,"MealTicket":13,"jedi:matchstick":19,"Replay:Wax Seal":13,"jedi:othersneckoeye":43,"Lee\u0027s Waffle":13,"BargainBundle":19,"ReplayTheSpireMod:CursedCoin":25,"Guide Book":0,"Astrolabe":36,"Damaru":9,"PreservedInsect":13,"Ring of Chaos":19,"Letter Opener":39,"Akabeko":7,"Runic Dome":17,"Replay:Baseball":43,"Bottled Flame":28,"jedi:ominousloannote":26,"Simple Rune":9,"Garlic":23,"PureWater":0,"Mirror":25},{"ReplayTheSpireMod:Ring of Exchange":18,"jedi:angrymask":34,"Regal Pillow":34,"Torii":8,"Gremlin Horn":41,"Mythril_Glove":20,"TeardropLocket":21,"Sling":10,"theForsaken:Gavel":42,"Replay:Wanted Poster":17,"Centennial Puzzle":23,"Dream Catcher":28,"Matryoshka":13,"theSleuth:Tectrixcalibur":40,"Ribbon":6,"theForsaken:Kindling":21,"MealTicket":7,"jedi:matchstick":10,"Replay:Wax Seal":7,"jedi:othersneckoeye":41,"Lee\u0027s Waffle":7,"BargainBundle":10,"ReplayTheSpireMod:CursedCoin":13,"Guide Book":21,"Astrolabe":39,"Damaru":5,"PreservedInsect":7,"Ring of Chaos":30,"Letter Opener":40,"Akabeko":5,"Runic Dome":9,"Replay:Baseball":20,"Bottled Flame":35,"jedi:ominousloannote":34,"Simple Rune":24,"Garlic":13,"PureWater":0,"Mirror":13},{"ReplayTheSpireMod:Ring of Exchange":54,"jedi:angrymask":104,"Regal Pillow":104,"Torii":19,"Gremlin Horn":133,"Mythril_Glove":61,"TeardropLocket":67,"Sling":27,"theForsaken:Gavel":136,"Replay:Wanted Poster":51,"Centennial Puzzle":71,"Dream Catcher":82,"Matryoshka":35,"theSleuth:Tectrixcalibur":131,"Ribbon":14,"theForsaken:Kindling":67,"MealTicket":17,"jedi:matchstick":27,"Replay:Wax Seal":17,"jedi:othersneckoeye":133,"Lee\u0027s Waffle":17,"BargainBundle":27,"ReplayTheSpireMod:CursedCoin":35,"Guide Book":67,"Astrolabe":127,"Damaru":11,"PreservedInsect":17,"Ring of Chaos":88,"Letter Opener":131,"Akabeko":11,"Runic Dome":23,"Replay:Baseball":61,"Bottled Flame":109,"jedi:ominousloannote":104,"Simple Rune":73,"Garlic":35,"PureWater":0,"Mirror":35}]},"card_choices":[{"not_picked":["Evaluate","Replay:AtTheReady"],"picked":"Indignation","floor":1.0},{"not_picked":["Replay:Cycle","PathToVictory"],"picked":"Replay:Hum","floor":4.0},{"not_picked":["Replay:ManipulateFuture","Weave"],"picked":"SashWhip","floor":7.0},{"not_picked":["ThirdEye","ReachHeaven"],"picked":"jedi:nirvanicrebirth","floor":12.0},{"not_picked":["FlyingSleeves","Evaluate"],"picked":"Prostrate","floor":13.0},{"not_picked":["Replay:ManipulateFuture","Worship"],"picked":"Protect","floor":14.0},{"not_picked":["Replay:ManipulateFuture","CutThroughFate"],"picked":"BattleHymn","floor":15.0},{"not_picked":["Protect","Tantrum"],"picked":"ThirdEye","floor":16},{"not_picked":["Alpha","jedi:nirvanicrebirth"],"picked":"Vault","floor":18},{"not_picked":["Worship","Adaptation+1"],"picked":"SashWhip+1","floor":20},{"not_picked":["Protect","Prostrate"],"picked":"Halt","floor":21},{"not_picked":["EmptyBody","ThirdEye+1"],"picked":"Wallop","floor":23},{"not_picked":["InnerPeace+1","Weave"],"picked":"TalkToTheHand","floor":25},{"not_picked":["BattleHymn","FlyingSleeves"],"picked":"Meditate","floor":27},{"not_picked":["WindmillStrike","Consecrate+1"],"picked":"FearNoEvil","floor":29},{"not_picked":["Wallop+1","DeceiveReality"],"picked":"Prostrate","floor":30},{"not_picked":["CutThroughFate","Replay:ManipulateFuture+1"],"picked":"Wish","floor":32},{"not_picked":["Wireheading","Adaptation+1"],"picked":"Indignation","floor":33},{"not_picked":["Alpha","Replay:AllIn"],"picked":"Devotion","floor":35},{"not_picked":["EmptyBody","BowlingBash"],"picked":"CrushJoints","floor":37},{"not_picked":["Adaptation","Replay:Anticipation"],"picked":"Halt","floor":41},{"not_picked":["EmptyMind","Study"],"picked":"Perseverance+1","floor":42},{"not_picked":["WheelKick+1","Consecrate+1"],"picked":"Crescendo+1","floor":43},{"not_picked":["Crescendo+1","WheelKick"],"picked":"FlurryOfBlows+1","floor":44},{"not_picked":["Wireheading","Wallop"],"picked":"FollowUp+1","floor":46},{"not_picked":["JustLucky","Replay:BluntJabs"],"picked":"Brilliance","floor":47},{"not_picked":["Replay:Anticipation","Replay:Hum+1","PathToVictory"],"picked":"SKIP","floor":49},{"not_picked":["ThirdEye+1","Replay:Anticipation+1"],"picked":"JustLucky+1","floor":50}],"player_experience":1799772,"relics_obtained":[{"floor":9.0,"key":"Simple Rune"},{"floor":15.0,"key":"Dream Catcher"},{"floor":25,"key":"Regal Pillow"},{"floor":28,"key":"Bottled Flame"},{"floor":39,"key":"Letter Opener"},{"floor":43,"key":"jedi:othersneckoeye"},{"floor":45,"key":"Gremlin Horn"},{"floor":46,"key":"theForsaken:Gavel"}],"event_choices":[{"damage_healed":0.0,"max_hp_gain":0.0,"max_hp_loss":0.0,"gold_gain":0.0,"event_name":"Lab","player_choice":"Got Potions","floor":3.0,"gold_loss":0.0,"damage_taken":0.0},{"damage_healed":0.0,"max_hp_gain":0.0,"max_hp_loss":0.0,"gold_gain":111.0,"event_name":"betterSkull:BetterSkull","player_choice":"GO RE ","floor":5.0,"gold_loss":0.0,"damage_taken":25.0,"cards_upgraded":[],"relics_obtained":["Centennial Puzzle"]},{"cards_removed":["Vault"],"damage_healed":0,"gold_gain":0,"player_choice":"Give","damage_taken":0,"max_hp_gain":0,"max_hp_loss":0,"event_name":"betterNote:BetterNote","floor":24,"gold_loss":0,"cards_obtained":["None"]},{"cards_removed":["Meditate"],"damage_healed":0,"gold_gain":0,"player_choice":"Removed Skill","damage_taken":0,"max_hp_gain":0,"max_hp_loss":0,"event_name":"Falling","floor":38,"gold_loss":0}],"is_beta":false,"boss_relics":[{"not_picked":["Snecko Heart","jedi:battlestandard"],"picked":"Ring of Chaos"},{"not_picked":["Calling Bell","HolyWater"],"picked":"Astrolabe"}],"items_purged_floors":[0],"is_endless":false,"potions_floor_spawned":[4,12,16,18,27,30,32,33,46,47],"ascension_level":0}}