{"host":"cz3p2o9n3b1gdmkz","time":1608471086,"event":{"mods":["AchievementEnabler","BaseMod","CapriCore","GungeonMod","Hermit","Lobotomy","Minty Spire (QoL Compilation)","Replay The Spire","Shop Mod","StSLib","SuperFastMode","The Cursed","The Dragon Tamer","The Gatherer","The Jungle","The Poker Player","The Runesmith"],"gold_per_floor":[16,32,107,142,142,165,165,196,196,196,215,250,250,281,281,382,382,403,403,41,69,108,108,135,158,182,182,49,82,119,152,152,340,340,353,353,353,353,392,392,430,430,478,478,478,64,84,104,104,118,118],"floor_reached":52,"playtime":2379,"items_purged":[],"score":1589,"play_id":"82b1fb4b-fe61-4de0-b3d7-eb992455382e","local_time":"20201220223126","is_ascension_mode":true,"campfire_choices":[{"data":"hermit:Magnum","floor":7.0,"key":"SMITH"},{"data":"hermit:Scavenge","floor":10.0,"key":"SMITH"},{"data":"hermit:Magnum","floor":23.0,"key":"SMITH"},{"data":"hermit:LuckOfTheDraw","floor":27.0,"key":"SMITH"},{"floor":32.0,"key":"REST"},{"data":"hermit:Deadeye","floor":40,"key":"SMITH"},{"data":"hermit:Snapshot","floor":42,"key":"SMITH"},{"floor":44,"key":"REST"},{"floor":49,"key":"REST"}],"circlet_count":0,"master_deck":["AscendersBane","hermit:Strike_Hermit","hermit:Strike_Hermit","hermit:Strike_Hermit","hermit:Strike_Hermit","hermit:Defend_Hermit","hermit:Defend_Hermit","hermit:Defend_Hermit","hermit:Defend_Hermit","hermit:Snapshot+1","hermit:Covet","hermit:Magnum+1","hermit:LuckOfTheDraw+1","hermit:Deadeye+1","hermit:Scavenge+1","hermit:Magnum+1","hermit:Grudge","hermit:Magnum+1","hermit:Scavenge+1","hermit:Manifest+1","hermit:WideOpen+1","hermit:Virtue+1","Secret Technique+1","Dark Shackles+1","Finesse+1","hermit:LuckOfTheDraw+1","hermit:Determination","hermit:Reprieve+1","hermit:Scavenge+1","Madness+1","Madness+1","Midas Touch+1","hermit:Roughhouse"],"relics":["hermit:Momento","Lantern","Strawberry","DemoMod:AgedBell","ReplayTheSpireMod:TigerMarble","Golden Idol","Ring of Chaos","Toxic Egg 2","Runesmith:AutoHammer","ReplayTheSpireMod:ShopPack","ChewingGum","Anchor","hermit:PetGhost"],"acts_visited":["Exordium","TheCity","TheBeyond"],"potions_floor_usage":[50,50],"damage_taken":[{"damage":7.0,"enemies":"Jaw Worm","floor":1.0,"turns":3.0},{"damage":0.0,"enemies":"Small Slimes","floor":2.0,"turns":1.0},{"damage":4.0,"enemies":"2 Louse","floor":6.0,"turns":2.0},{"damage":0.0,"enemies":"3 Sentries","floor":8.0,"turns":6.0},{"damage":6.0,"enemies":"Blue Slaver","floor":11.0,"turns":2.0},{"damage":14.0,"enemies":"Lagavulin","floor":12.0,"turns":4.0},{"damage":14.0,"enemies":"Exordium Thugs","floor":14.0,"turns":4.0},{"damage":23.0,"enemies":"Hexaghost","floor":16.0,"turns":7.0},{"damage":0.0,"enemies":"Spheric Guardian","floor":18.0,"turns":2.0},{"damage":6.0,"enemies":"2 Thieves","floor":21.0,"turns":4.0},{"damage":1.0,"enemies":"Cultist and Chosen","floor":22.0,"turns":5.0},{"damage":14.0,"enemies":"Snake Plant","floor":24.0,"turns":2.0},{"damage":17.0,"enemies":"Snecko","floor":25.0,"turns":3.0},{"damage":0.0,"enemies":"Shelled Parasite and Fungi","floor":29.0,"turns":5.0},{"damage":2.0,"enemies":"3 Cultists","floor":30.0,"turns":5.0},{"damage":16.0,"enemies":"Sentry and Sphere","floor":31.0,"turns":10.0},{"damage":16.0,"enemies":"Pondfish","floor":33.0,"turns":9.0},{"damage":36.0,"enemies":"3 Darklings","floor":35.0,"turns":5.0},{"damage":0,"enemies":"3 Shapes","floor":39,"turns":4},{"damage":7,"enemies":"3 Darklings","floor":41,"turns":4},{"damage":4,"enemies":"Spire Growth","floor":47,"turns":3},{"damage":7,"enemies":"Jaw Worm Horde","floor":48,"turns":3},{"damage":27,"enemies":"Awakened One","floor":50,"turns":12}],"seed_played":"7635848573372298481","potions_obtained":[{"floor":2.0,"key":"Regen Potion"},{"floor":4.0,"key":"Fruit Juice"},{"floor":11.0,"key":"Venom Potion"},{"floor":14.0,"key":"Elixir"},{"floor":16.0,"key":"Dexterity Potion"},{"floor":19.0,"key":"Block Potion"},{"floor":19.0,"key":"FearPotion"},{"floor":21.0,"key":"DemoMod:BlankPotion"},{"floor":24.0,"key":"hermit:BlackBile"},{"floor":25.0,"key":"Adrenaline Potion"},{"floor":41,"key":"CultistPotion"}],"is_trial":false,"path_per_floor":["M","M","?","?","?","M","R","E","T","R","M","E","?","M","R","B",null,"M","?","$","M","M","R","M","M","T","R","$","M","M","M","R","B",null,"M","?","?","?","M","R","M","R","T","R","?","$","M","M","R","B",null,null],"character_chosen":"HERMIT","items_purchased":["Toxic Egg 2","hermit:Scavenge+1","ReplayTheSpireMod:ShopPack","hermit:PetGhost","Midas Touch+1","DemoMod:LeadSkinPotion"],"campfire_rested":3,"item_purchase_floors":[20,20,28,46,46,46],"current_hp_per_floor":[57,57,46,46,42,43,43,65,65,65,59,45,45,31,55,32,70,70,70,70,64,63,63,49,44,44,44,44,44,42,26,50,34,71,39,39,39,39,43,43,44,44,44,68,53,53,49,42,66,43,43],"gold":118,"neow_bonus":"THREE_RARE_CARDS","is_daily":false,"chose_seed":false,"campfire_upgraded":6,"win_rate":0.0,"timestamp":1608471086,"path_taken":["M","M","?","?","?","M","R","E","T","R","?","E","?","M","R","BOSS","M","?","$","M","M","R","M","M","T","R","?","M","M","M","R","BOSS","M","?","?","?","?","R","M","R","T","R","?","$","M","M","R","BOSS"],"items_purchased_type":["Relic","Card","Relic","Relic","Card","Undefined"],"build_version":"2020-12-13","purchased_purges":0,"victory":true,"max_hp_per_floor":[71,71,71,71,71,76,76,83,83,83,83,83,83,83,83,83,83,83,83,83,83,83,83,83,83,83,83,83,83,83,83,83,83,83,83,83,83,83,83,83,83,83,83,83,83,83,83,83,83,83,83],"card_choices":[{"not_picked":["hermit:BlackWind","hermit:FatalDesire"],"picked":"hermit:Magnum","floor":0.0},{"not_picked":["hermit:Headshot","hermit:Feint"],"picked":"hermit:LuckOfTheDraw","floor":1.0},{"not_picked":["hermit:Coalescence","hermit:Quickdraw"],"picked":"hermit:Deadeye","floor":2.0},{"not_picked":["hermit:WideOpen","hermit:Gestalt"],"picked":"hermit:Scavenge","floor":4.0},{"not_picked":["hermit:Manifest","hermit:CalledShot","hermit:Midnight"],"picked":"SKIP","floor":6.0},{"not_picked":["hermit:Glare","hermit:Brawl","hermit:LowProfile"],"picked":"SKIP","floor":8.0},{"not_picked":["hermit:HoleUp","hermit:Quickdraw","hermit:Showdown"],"picked":"SKIP","floor":11.0},{"not_picked":["hermit:Ricochet","hermit:HighCaliber"],"picked":"hermit:Magnum","floor":12.0},{"not_picked":["hermit:Malice","hermit:TakeCover","hermit:Grudge"],"picked":"SKIP","floor":14.0},{"not_picked":["hermit:Malice","hermit:TakeCover"],"picked":"hermit:Grudge","floor":14.0},{"not_picked":["hermit:Dissolve","hermit:Reprieve"],"picked":"hermit:Magnum","floor":16.0},{"not_picked":["hermit:ItchyTrigger","hermit:TakeAim","hermit:Feint+1"],"picked":"SKIP","floor":18.0},{"not_picked":["hermit:Desperado+1","hermit:Roulette"],"picked":"hermit:Manifest+1","floor":21.0},{"not_picked":["hermit:HighCaliber","hermit:LowProfile+1"],"picked":"hermit:WideOpen+1","floor":22.0},{"not_picked":["hermit:PistolWhip","hermit:Virtue+1","hermit:TrackingShot"],"picked":"SKIP","floor":24.0},{"not_picked":["hermit:PistolWhip","hermit:TrackingShot"],"picked":"hermit:Virtue+1","floor":24.0},{"not_picked":["hermit:LoneWolf+1","hermit:Midnight+1","hermit:CalledShot"],"picked":"SKIP","floor":25.0},{"not_picked":["ReplayTheSpireMod:Necrogeddon","Transmutation"],"picked":"Secret Technique","floor":28.0},{"not_picked":["Replay:Sssssssssshield","DemoMod:Invincible"],"picked":"Dark Shackles","floor":28.0},{"not_picked":["Dark Shackles","Impatience"],"picked":"Finesse","floor":28.0},{"not_picked":["hermit:LoneWolf+1","hermit:HighCaliber","hermit:Headshot"],"picked":"SKIP","floor":29.0},{"not_picked":["hermit:Vantage+1","hermit:Virtue+1"],"picked":"hermit:LuckOfTheDraw+1","floor":30.0},{"not_picked":["hermit:TakeAim","hermit:ShadowCloak"],"picked":"hermit:Determination","floor":31.0},{"not_picked":["hermit:Magnum","hermit:Adapt"],"picked":"hermit:Reprieve+1","floor":33.0},{"not_picked":["hermit:DeadMansHand+1","hermit:Coalescence+1"],"picked":"hermit:Scavenge+1","floor":35.0},{"not_picked":["hermit:Showdown","hermit:ItchyTrigger+1","hermit:TakeAim"],"picked":"SKIP","floor":39},{"not_picked":["hermit:Dive+1","hermit:Glare+1","hermit:Feint+1"],"picked":"SKIP","floor":41},{"not_picked":["hermit:LowProfile+1","hermit:Ricochet"],"picked":"hermit:Roughhouse","floor":47},{"not_picked":["hermit:Misfire","hermit:Virtue+1","hermit:LoneWolf+1"],"picked":"SKIP","floor":48}],"player_experience":990542,"relics_obtained":[{"floor":4.0,"key":"Lantern"},{"floor":8.0,"key":"Strawberry"},{"floor":9.0,"key":"DemoMod:AgedBell"},{"floor":12.0,"key":"ReplayTheSpireMod:TigerMarble"},{"floor":26.0,"key":"Runesmith:AutoHammer"},{"floor":43,"key":"Anchor"}],"event_choices":[{"damage_healed":0.0,"max_hp_gain":0.0,"max_hp_loss":0.0,"gold_gain":75.0,"event_name":"World of Goop","player_choice":"Gather Gold","floor":3.0,"gold_loss":0.0,"damage_taken":11.0},{"damage_healed":0.0,"max_hp_gain":0.0,"max_hp_loss":0.0,"gold_gain":0.0,"event_name":"The Woman in Blue","player_choice":"Bought 0 Potions","floor":5.0,"gold_loss":0.0,"damage_taken":0.0},{"damage_healed":0.0,"max_hp_gain":0.0,"max_hp_loss":0.0,"gold_gain":0.0,"event_name":"Golden Idol","player_choice":"Take Wound","floor":13.0,"gold_loss":0.0,"damage_taken":0.0,"relics_obtained":["Golden Idol"],"cards_obtained":["Injury"]},{"damage_healed":0.0,"max_hp_gain":0.0,"max_hp_loss":0.0,"gold_gain":0.0,"event_name":"Lab","player_choice":"Got Potions","floor":19.0,"gold_loss":0.0,"damage_taken":0.0},{"damage_healed":0,"gold_gain":0,"player_choice":"Ignored","damage_taken":0,"max_hp_gain":0,"max_hp_loss":0,"event_name":"Mysterious Sphere","floor":37,"gold_loss":0},{"cards_removed":["Injury","Pain"],"damage_healed":0,"gold_gain":0,"player_choice":"Removed Curses","damage_taken":0,"max_hp_gain":0,"max_hp_loss":0,"event_name":"Fountain of Cleansing","floor":38,"gold_loss":0},{"damage_healed":0,"gold_gain":0,"player_choice":"Embrace Madness","damage_taken":15,"max_hp_gain":0,"max_hp_loss":0,"event_name":"Winding Halls","floor":45,"gold_loss":0,"cards_obtained":["Madness","Madness"]}],"is_beta":false,"boss_relics":[{"not_picked":["Runesmith:UraniumAnvil","DemoMod:WaxWing"],"picked":"Ring of Chaos"},{"not_picked":["hermit:ClaspedLocket","ReplayTheSpireMod:DimensionalGlitch"],"picked":"ChewingGum"}],"items_purged_floors":[],"is_endless":false,"potions_floor_spawned":[2,11,14,16,21,24,25,41,47],"ascension_level":16}}