{"host":"81h68oe4mr04pk3r","time":1608456710,"event":{"mods":["Act Like it!","Aspiration","BaseMod","BetterRewards","Colored Map","Colored Powertips","Conspire","Downfall","Hermit","Hubris","Infinite Spire","Jorbs\u0027s Wanderer Trilogy","Koishi","Lobotomy","LobotomyExtend","Marisa????????","Minty Spire (QoL Compilation)","Quick Restart","Reimu??????","Remilia??????","Replay The Spire","StSLib","The Bug Knight","The Construct","The Cursed","The Disciple","The Servant 0.9.4"],"gold_per_floor":[213,213,213,213,17,17,38,38,91,124,143,143,179,202,202,332,332,356,370,388,388,412,412,437,437,491,515,539,539,105,118,118,242,242,263,276,339,339,339,339,339,339,339,339,355,378,378,394,394,394],"floor_reached":51,"playtime":2509,"items_purged":[],"score":534,"play_id":"09a7225b-d323-4073-9245-42178b87e3b6","local_time":"20201220013150","is_ascension_mode":false,"campfire_choices":[{"floor":6,"key":"REST"},{"data":"Koishi:HauntingSlash","floor":8,"key":"SMITH"},{"floor":12,"key":"REST"},{"floor":15,"key":"REST"},{"data":"Koishi:Whimsy","floor":23,"key":"SMITH"},{"data":"Koishi:RacingHeart","floor":25,"key":"SMITH"},{"data":"Koishi:DreadfulBlow","floor":32,"key":"SMITH"},{"data":"Koishi:PhilosophyOfTheDespised","floor":40,"key":"SMITH"},{"data":"hexamod:BurningTouch","floor":42,"key":"SMITH"},{"data":"infinitespire:Starlight","floor":47,"key":"SMITH"},{"data":"infinitespire:Gouge","floor":49,"key":"SMITH"}],"circlet_count":0,"master_deck":["Koishi:BasicStrike+1","Koishi:BasicStrike","Koishi:BasicStrike","Koishi:BasicStrike","Koishi:BasicDefend","Koishi:BasicDefend","Koishi:BasicDefend","Koishi:BasicDefend","Koishi:Provoke","Koishi:HauntingSlash+1","Koishi:StingingMind","infinitespire:Gouge+1","Koishi:DreadfulBlow","Koishi:Whimsy+1","Koishi:TremblingHands+1","Koishi:RacingHeart+1","Koishi:DreadfulBlow","Koishi:DreadfulBlow+1","Koishi:DanmakuParanoia","Koishi:MindNumbingTerror+1","Koishi:PhilosophyOfTheDespised+1","Koishi:ParalyzingFear","Koishi:DreadfulBlow+1","Koishi:SilentAndRestless","Koishi:ParalyzingFear+1","hexamod:BurningTouch+1","Koishi:PhantomStrike+1","infinitespire:Starlight+1","Beak"],"relics":["Koishi:ImaginaryFriend","LetterFromLob","Golden Idol","Frozen Eye","Centennial Puzzle","Lantern","Bag of Marbles","Coffee Dripper","Whetstone","MutagenicStrength","TentaclePot:ReiMu","hubris:DisguiseKit","aspiration:PoetsPen_weak","Pocketwatch","hubris:Icosahedron","infinitespire:Beetle Shell","PrismaticShard"],"acts_visited":["Exordium","TheCity","TheBeyond"],"potions_floor_usage":[16,16,33,33],"damage_taken":[{"damage":3,"enemies":"Jaw Worm","floor":1,"turns":6},{"damage":0,"enemies":"2 Louse","floor":7,"turns":3},{"damage":23,"enemies":"Lagavulin","floor":10,"turns":7},{"damage":0,"enemies":"Small Slimes","floor":11,"turns":3},{"damage":34,"enemies":"3 Sentries","floor":13,"turns":6},{"damage":0,"enemies":"2 Fungi Beasts","floor":14,"turns":2},{"damage":53,"enemies":"Hexaghost","floor":16,"turns":13},{"damage":0,"enemies":"Chosen","floor":18,"turns":3},{"damage":15,"enemies":"3 Byrds","floor":19,"turns":7},{"damage":21,"enemies":"3 Cultists","floor":20,"turns":6},{"damage":24,"enemies":"Centurion and Healer","floor":22,"turns":6},{"damage":15,"enemies":"Snake Plant","floor":24,"turns":4},{"damage":10,"enemies":"Cultist and Chosen","floor":27,"turns":5},{"damage":27,"enemies":"3 Cultists","floor":28,"turns":6},{"damage":6,"enemies":"Snecko","floor":31,"turns":2},{"damage":2,"enemies":"Champ","floor":33,"turns":10},{"damage":0,"enemies":"3 Darklings","floor":35,"turns":3},{"damage":0,"enemies":"Orb Walker","floor":36,"turns":1},{"damage":19,"enemies":"Mind Bloom Boss Battle","floor":37,"turns":3},{"damage":0,"enemies":"Spire Growth","floor":45,"turns":2},{"damage":0,"enemies":"Jaw Worm Horde","floor":46,"turns":2},{"damage":20,"enemies":"4 Shapes","floor":48,"turns":2},{"damage":0,"enemies":"infinitespire:MassOfShapes","floor":50,"turns":1}],"seed_played":"-6656903279600650288","potions_obtained":[{"floor":11,"key":"Elixir"},{"floor":14,"key":"ZuzhouPotion:ReiMu"},{"floor":16,"key":"ColorlessPotion"},{"floor":20,"key":"BlessingOfTheForge"},{"floor":22,"key":"ColorlessPotion"},{"floor":33,"key":"Guardian:BlockOnCardUsePotion"},{"floor":36,"key":"Venom Potion"}],"is_trial":false,"path_per_floor":["M","$","?","?","$","R","M","R","T","E","M","R","E","M","R","B",null,"M","M","M","?","M","R","M","R","T","M","M","?","$","M","R","B",null,"M","M","?","?","?","R","?","R","T","AVR","M","M","R","M","R","B",null],"character_chosen":"KOISHI","items_purchased":["Koishi:DreadfulBlow","Frozen Eye","Koishi:DreadfulBlow+1","TentaclePot:ReiMu","hubris:DisguiseKit"],"campfire_rested":3,"item_purchase_floors":[5,5,30,30,30],"current_hp_per_floor":[60,60,45,30,30,48,53,53,53,42,45,60,34,36,54,33,60,60,58,48,48,40,40,34,34,34,37,28,28,28,26,26,36,60,60,60,58,58,58,58,58,58,58,58,60,60,60,41,41,41],"gold":394,"neow_bonus":"HUNDRED_GOLD","is_daily":false,"chose_seed":false,"campfire_upgraded":8,"win_rate":0.0,"timestamp":1608456710,"path_taken":["M","$","?","?","$","R","M","R","T","E","M","R","E","M","R","BOSS","M","M","M","?","M","R","M","R","T","M","M","?","$","M","R","BOSS","M","M","?","?","?","R","?","R","T","AVR","?","M","R","M","R","BOSS"],"items_purchased_type":["Card","Relic","Card","Relic","Relic"],"build_version":"2020-12-13","purchased_purges":0,"victory":true,"max_hp_per_floor":[60,60,60,60,60,60,60,60,60,60,60,60,60,60,60,60,60,60,60,60,60,60,60,60,60,60,60,60,60,60,60,60,60,60,60,60,60,60,60,60,60,60,60,60,60,60,60,60,60,60],"card_choices":[{"not_picked":["Koishi:Untouchable","Koishi:Prune"],"picked":"Koishi:StingingMind","floor":1},{"not_picked":["infinitespire:Execution","infinitespire:SevenWalls"],"picked":"infinitespire:Gouge","floor":4},{"not_picked":["Koishi:UnconsciousUprising","Koishi:MassHysteria"],"picked":"Koishi:Whimsy","floor":7},{"not_picked":["Koishi:DreadfulBlow","Koishi:HeartStoppingHorror"],"picked":"Koishi:TremblingHands","floor":10},{"not_picked":["Koishi:PhantomBarrier","Koishi:TraumaticStroke","Koishi:Prune"],"picked":"SKIP","floor":11},{"not_picked":["Koishi:ReflexRadar","Koishi:SpiritedAway"],"picked":"Koishi:RacingHeart","floor":13},{"not_picked":["Koishi:ReleaseOfTheId","Koishi:Vanish"],"picked":"Koishi:DreadfulBlow","floor":14},{"not_picked":["Koishi:UnconsciousUrges+1","Koishi:Prune","Koishi:UnconsciousUprising"],"picked":"SKIP","floor":18},{"not_picked":["Koishi:FleetingPhantom","Koishi:PhantomStrike+1"],"picked":"Koishi:DreadfulBlow","floor":19},{"not_picked":["Koishi:Ego","Koishi:YoukaiPolygraph"],"picked":"Koishi:DanmakuParanoia","floor":20},{"not_picked":["Koishi:IdleWhim","Koishi:SpiritedAway"],"picked":"Koishi:MindNumbingTerror+1","floor":22},{"not_picked":["Koishi:UnconsciousUrges","Koishi:VengefulSpirit","Koishi:PhantomStrike"],"picked":"SKIP","floor":24},{"not_picked":["Koishi:UnansweredLove","Koishi:SubterraneanRose"],"picked":"Koishi:PhilosophyOfTheDespised","floor":27},{"not_picked":["Koishi:Untouchable","Koishi:UnconsciousUprising+1"],"picked":"Koishi:ParalyzingFear","floor":28},{"not_picked":["Koishi:FleetingPhantom+1","Koishi:Prune+1","Koishi:MindStellarRelief","hexamod:Again"],"picked":"SKIP","floor":31},{"not_picked":["Koishi:RollingInRichesHeart","Koishi:ConditionedTeleport","hexamod:SixthSeal"],"picked":"Koishi:SilentAndRestless","floor":33},{"not_picked":["Koishi:PhantomStrike","Koishi:ApparitionsStalkTheNight+1","hexamod:RecurringNightmare"],"picked":"Koishi:ParalyzingFear+1","floor":35},{"not_picked":["Koishi:Possession","Koishi:Jaunt","Koishi:HeartfeltFancy+1"],"picked":"hexamod:BurningTouch","floor":36},{"not_picked":["Koishi:HeartfeltFancy+1","Koishi:BramblyRoseGarden+1","hexamod:InspiringFlames"],"picked":"Koishi:PhantomStrike+1","floor":37},{"not_picked":["champ:Backstep","champ:ShieldThrow","Shuttle","hexamod:GhostLash"],"picked":"SKIP","floor":45},{"not_picked":["GreenStem","Darkness","hexamod:AdvancingGuard"],"picked":"Beak","floor":46},{"not_picked":["stsjorbsmod:Damnation+1","Intuition:ReiMu","HollowMod:SoulVessel","hexamod:HeatMetal"],"picked":"SKIP","floor":48}],"player_experience":128895,"relics_obtained":[{"floor":1,"key":"LetterFromLob"},{"floor":9,"key":"Centennial Puzzle"},{"floor":10,"key":"Lantern"},{"floor":13,"key":"Bag of Marbles"},{"floor":26,"key":"Whetstone"},{"floor":37,"key":"Pocketwatch"},{"floor":43,"key":"infinitespire:Beetle Shell"}],"event_choices":[{"damage_healed":0,"gold_gain":0,"player_choice":"Take Damage","damage_taken":15,"relics_obtained":["Golden Idol"],"max_hp_gain":0,"max_hp_loss":0,"event_name":"Golden Idol","floor":3,"gold_loss":0},{"damage_healed":0,"gold_gain":0,"player_choice":"Ignored","damage_taken":0,"max_hp_gain":0,"max_hp_loss":0,"event_name":"Ghosts","floor":21,"gold_loss":0},{"damage_healed":0,"gold_gain":0,"player_choice":"Inject Mutagens","damage_taken":0,"relics_obtained":["MutagenicStrength"],"max_hp_gain":0,"max_hp_loss":0,"event_name":"Drug Dealer","floor":29,"gold_loss":0},{"damage_healed":0,"gold_gain":0,"player_choice":"Fight","damage_taken":0,"max_hp_gain":0,"max_hp_loss":0,"event_name":"MindBloom","floor":37,"gold_loss":0},{"damage_healed":0,"gold_gain":0,"player_choice":"Ignored","damage_taken":0,"max_hp_gain":0,"max_hp_loss":0,"event_name":"Tomb of Lord Red Mask","floor":38,"gold_loss":0}],"is_beta":false,"boss_relics":[{"not_picked":["Replay:Bronze Core","Runic Dome"],"picked":"Coffee Dripper"},{"not_picked":["Replay:Ancient Bell","ReplayTheSpireMod:DimensionalGlitch"],"picked":"aspiration:PoetsPen_weak"}],"items_purged_floors":[],"is_endless":false,"potions_floor_spawned":[11,14,16,20,22,24,28,33,36,37,48],"ascension_level":0}}