{"host":"fq1bpa5mgr3rtgnr","time":1608448259,"event":{"mods":["AchievementEnabler","BaseMod","Colored Map","Colored Powertips","Highlight Path","Minty Spire (QoL Compilation)","Relic Stats","StSLib"],"gold_per_floor":[115,166,182,182,182,216,216,260,260,279,304,138,158,183,183,313,313,334,249,267,267,16,60,60,104,104,123,123,172,188,188,188,188,188],"floor_reached":33,"playtime":1451,"items_purged":["Strike_R","Strike_R"],"score":413,"play_id":"1df9c00b-938f-4c2e-ba62-1a4911ab016b","local_time":"20201220021059","is_ascension_mode":true,"campfire_choices":[{"data":"Deep Breath","floor":15.0,"key":"SMITH"},{"data":"True Grit","floor":24.0,"key":"SMITH"},{"floor":32.0,"key":"REST"}],"circlet_count":0,"master_deck":["Strike_R","Strike_R+1","Strike_R","Defend_R","Defend_R","Defend_R","Defend_R+1","Bash+1","Disarm+1","Rampage","Inflame","Sentinel","Shrug It Off","Deep Breath+1","Double Tap","True Grit+1","Shrug It Off","Bloodletting","Barricade","Spot Weakness","Writhe","Pommel Strike","Necronomicurse"],"relics":["Burning Blood","Ice Cream","Tiny Chest","Golden Idol","Whetstone","Lantern","War Paint","Ancient Tea Set","Velvet Choker","Question Card","Vajra","Anchor","Pen Nib","Happy Flower","Meat on the Bone","Regal Pillow","Necronomicon"],"acts_visited":["Exordium","TheCity"],"potions_floor_usage":[],"damage_taken":[{"damage":6.0,"enemies":"Cultist","floor":1.0,"turns":3.0},{"damage":7.0,"enemies":"Jaw Worm","floor":3.0,"turns":6.0},{"damage":42.0,"enemies":"Gremlin Nob","floor":6.0,"turns":5.0},{"damage":13.0,"enemies":"Lagavulin","floor":8.0,"turns":5.0},{"damage":2.0,"enemies":"2 Louse","floor":10.0,"turns":3.0},{"damage":3.0,"enemies":"Looter","floor":11.0,"turns":3.0},{"damage":2.0,"enemies":"2 Fungi Beasts","floor":13.0,"turns":4.0},{"damage":8.0,"enemies":"3 Louse","floor":14.0,"turns":3.0},{"damage":3.0,"enemies":"Hexaghost","floor":16.0,"turns":9.0},{"damage":1.0,"enemies":"Chosen","floor":18.0,"turns":4.0},{"damage":13.0,"enemies":"2 Thieves","floor":20.0,"turns":4.0},{"damage":43.0,"enemies":"Gremlin Leader","floor":23.0,"turns":6.0},{"damage":16.0,"enemies":"Book of Stabbing","floor":25.0,"turns":7.0},{"damage":9.0,"enemies":"Shelled Parasite and Fungi","floor":27.0,"turns":5.0},{"damage":8.0,"enemies":"Snake Plant","floor":30.0,"turns":4.0},{"damage":55,"enemies":"Automaton","floor":33,"turns":6}],"seed_played":"8754270940677507259","potions_obtained":[{"floor":1.0,"key":"LiquidBronze"},{"floor":6.0,"key":"Energy Potion"},{"floor":8.0,"key":"LiquidMemories"},{"floor":14.0,"key":"Fire Potion"},{"floor":16.0,"key":"Strength Potion"},{"floor":20.0,"key":"ColorlessPotion"},{"floor":25.0,"key":"ColorlessPotion"},{"floor":27.0,"key":"ColorlessPotion"}],"is_trial":false,"path_per_floor":["M","T","M","?","?","E","T","E","T","M","M","$","M","M","R","B",null,"M","?","M","?","$","E","R","E","T","M","?","T","M","?","R","B"],"character_chosen":"IRONCLAD","items_purchased":["Deep Breath","Vajra"],"campfire_rested":1,"item_purchase_floors":[12,22],"current_hp_per_floor":[51,51,50,50,74,38,38,31,31,35,38,38,42,40,40,43,66,71,71,64,64,64,27,27,17,17,14,14,14,24,8,45,0,0],"gold":188,"neow_bonus":"ONE_RARE_RELIC","is_daily":false,"chose_seed":false,"campfire_upgraded":2,"win_rate":0.0,"timestamp":1608448259,"path_taken":["M","?","?","?","?","E","?","E","T","M","M","$","M","M","R","BOSS","M","?","M","?","$","E","R","E","T","M","?","?","M","?","R","BOSS"],"items_purchased_type":["Card","Relic"],"build_version":"2020-12-13","purchased_purges":2,"victory":false,"max_hp_per_floor":[80,80,80,74,74,74,74,74,74,74,74,74,74,74,74,74,74,74,74,74,74,74,74,74,74,74,74,74,74,74,74,74,74,74],"relic_stats":{"Regal Pillow":15,"Happy Flower":[5],"counters":[16,77],"Golden Idol":93,"Pen Nib":[2],"Whetstone":["Strike_R","Bash"],"War Paint":["Disarm","Defend_R"],"Question Card":5,"Burning Blood":90,"Tiny Chest":2,"Necronomicon":[2],"obtain_stats":[{"Ice Cream":0,"Lantern":7,"Regal Pillow":29,"Happy Flower":26,"Golden Idol":4,"Velvet Choker":17,"Vajra":22,"Pen Nib":25,"Whetstone":6,"War Paint":8,"Ancient Tea Set":9,"Question Card":19,"Burning Blood":0,"Anchor":23,"Tiny Chest":2,"Necronomicon":31,"Meat on the Bone":28},{"Ice Cream":0,"Lantern":3,"Regal Pillow":14,"Happy Flower":13,"Golden Idol":2,"Velvet Choker":9,"Vajra":11,"Pen Nib":13,"Whetstone":3,"War Paint":4,"Ancient Tea Set":4,"Question Card":10,"Burning Blood":0,"Anchor":12,"Tiny Chest":1,"Necronomicon":15,"Meat on the Bone":14},{"Ice Cream":0,"Lantern":14,"Regal Pillow":67,"Happy Flower":62,"Golden Idol":9,"Velvet Choker":41,"Vajra":49,"Pen Nib":62,"Whetstone":14,"War Paint":19,"Ancient Tea Set":19,"Question Card":45,"Burning Blood":0,"Anchor":55,"Tiny Chest":3,"Necronomicon":71,"Meat on the Bone":67}],"Meat on the Bone":12},"card_choices":[{"not_picked":["Power Through","Iron Wave"],"picked":"Disarm","floor":1.0},{"not_picked":["Havoc","Perfected Strike"],"picked":"Rampage","floor":3.0},{"not_picked":["Perfected Strike","Thunderclap"],"picked":"Inflame","floor":6.0},{"not_picked":["Feel No Pain","Seeing Red"],"picked":"Sentinel","floor":8.0},{"not_picked":["Heavy Blade","Sword Boomerang","Rage"],"picked":"SKIP","floor":10.0},{"not_picked":["Wild Strike","Flame Barrier"],"picked":"Shrug It Off","floor":11.0},{"not_picked":["Havoc","Perfected Strike","Dropkick"],"picked":"SKIP","floor":13.0},{"not_picked":["Dropkick","Flex","Feel No Pain"],"picked":"SKIP","floor":14.0},{"not_picked":["Brutality","Immolate"],"picked":"Double Tap","floor":16.0},{"not_picked":["Havoc","Flex+1"],"picked":"True Grit","floor":18.0},{"not_picked":["Heavy Blade","Thunderclap","Reckless Charge"],"picked":"Shrug It Off","floor":20.0},{"not_picked":["Armaments","Body Slam","Searing Blow+1"],"picked":"Bloodletting","floor":23.0},{"not_picked":["Pommel Strike","Rage","Flex"],"picked":"Barricade","floor":25.0},{"not_picked":["Body Slam","Twin Strike","Havoc"],"picked":"Spot Weakness","floor":27.0},{"not_picked":["Sword Boomerang+1","Anger","Perfected Strike"],"picked":"Pommel Strike","floor":30.0}],"player_experience":372353,"relics_obtained":[{"floor":2.0,"key":"Tiny Chest"},{"floor":6.0,"key":"Whetstone"},{"floor":7.0,"key":"Lantern"},{"floor":8.0,"key":"War Paint"},{"floor":9.0,"key":"Ancient Tea Set"},{"floor":23.0,"key":"Anchor"},{"floor":25.0,"key":"Pen Nib"},{"floor":26.0,"key":"Happy Flower"},{"floor":29.0,"key":"Regal Pillow"},{"floor":31.0,"key":"Necronomicon"}],"event_choices":[{"damage_healed":0.0,"max_hp_gain":0.0,"max_hp_loss":6.0,"gold_gain":0.0,"event_name":"Golden Idol","player_choice":"Lose Max HP","floor":4.0,"gold_loss":0.0,"damage_taken":0.0,"relics_obtained":["Golden Idol"]},{"damage_healed":24.0,"max_hp_gain":0.0,"max_hp_loss":0.0,"gold_gain":0.0,"event_name":"Big Fish","player_choice":"Banana","floor":5.0,"gold_loss":0.0,"damage_taken":0.0},{"damage_healed":0.0,"max_hp_gain":0.0,"max_hp_loss":0.0,"gold_gain":0.0,"event_name":"Addict","player_choice":"Obtained Relic","floor":19.0,"gold_loss":85.0,"damage_taken":0.0,"relics_obtained":["Question Card"]},{"damage_healed":0.0,"max_hp_gain":0.0,"max_hp_loss":0.0,"gold_gain":0.0,"event_name":"Vampires","player_choice":"Ignored","floor":21.0,"gold_loss":0.0,"damage_taken":0.0},{"damage_healed":0.0,"max_hp_gain":0.0,"max_hp_loss":0.0,"gold_gain":0.0,"event_name":"The Mausoleum","player_choice":"Opened","floor":28.0,"gold_loss":0.0,"damage_taken":0.0,"relics_obtained":["Meat on the Bone"],"cards_obtained":["Writhe"]},{"damage_healed":0.0,"max_hp_gain":0.0,"max_hp_loss":0.0,"gold_gain":0.0,"event_name":"Cursed Tome","player_choice":"Obtained Book","floor":31.0,"gold_loss":0.0,"damage_taken":16.0}],"is_beta":false,"boss_relics":[{"not_picked":["Runic Pyramid","Fusion Hammer"],"picked":"Velvet Choker"}],"items_purged_floors":[12,22],"is_endless":false,"potions_floor_spawned":[1,6,8,10,14,16,20,25,27],"killed_by":"Automaton","ascension_level":8}}