{"host":"kw4o7b3ro2ktmmbe","time":1608452475,"event":{"mods":["BaseMod","Minty Spire (QoL Compilation)","StSLib","The Marked","Treasure Hunter"],"gold_per_floor":[159,16,16,16,28,28,103,120,120,140,140,157,169,189,189,286,286,299,311,361,377,395,395,395,395],"floor_reached":24,"playtime":3976,"items_purged":[],"score":202,"play_id":"9ff94fa8-1078-4470-bdb7-dbae656a9784","local_time":"20201220212115","is_ascension_mode":true,"campfire_choices":[{"data":"theMarked:EmpowerWeapon","floor":6.0,"key":"SMITH"},{"data":"theMarked:SoldierOfQuellstein","floor":11.0,"key":"SMITH"},{"data":"TH:PixieDust","floor":15.0,"key":"SMITH"},{"data":"theMarked:TakeOffHeels","floor":23,"key":"SMITH"}],"circlet_count":0,"master_deck":["theMarked:Strike","theMarked:Strike","theMarked:Strike","theMarked:Strike","theMarked:Defend","theMarked:Defend","theMarked:Defend","theMarked:Defend","theMarked:SoldierOfQuellstein+1","theMarked:EmpowerWeapon+1","TH:PixieDust+1","TH:ArmorSpikes","theMarked:TakeOffHeels+1","theMarked:ParalyzingBlade"],"relics":["Busted Crown","Happy Flower","StrikeDummy","theMarked:SpiritSword"],"acts_visited":["Exordium","TheCity"],"potions_floor_usage":[21],"damage_taken":[{"damage":0.0,"enemies":"2 Louse","floor":1.0,"turns":2.0},{"damage":1.0,"enemies":"Cultist","floor":5.0,"turns":4.0},{"damage":0.0,"enemies":"Jaw Worm","floor":8.0,"turns":2.0},{"damage":8.0,"enemies":"Lots of Slimes","floor":10.0,"turns":4.0},{"damage":0.0,"enemies":"Large Slime","floor":12.0,"turns":4.0},{"damage":2.0,"enemies":"Gremlin Gang","floor":13.0,"turns":4.0},{"damage":2.0,"enemies":"2 Fungi Beasts","floor":14.0,"turns":3.0},{"damage":13.0,"enemies":"Slime Boss","floor":16.0,"turns":9.0},{"damage":10.0,"enemies":"2 Thieves","floor":18.0,"turns":3.0},{"damage":0.0,"enemies":"Chosen","floor":19.0,"turns":4.0},{"damage":16,"enemies":"Snake Plant","floor":21,"turns":3},{"damage":10,"enemies":"Chosen and Byrds","floor":22,"turns":5},{"damage":34,"enemies":"Book of Stabbing","floor":24,"turns":5}],"seed_played":"-3389951895227310872","potions_obtained":[{"floor":10.0,"key":"SpeedPotion"},{"floor":12.0,"key":"GamblersBrew"},{"floor":13.0,"key":"LiquidMemories"},{"floor":16.0,"key":"FearPotion"},{"floor":19.0,"key":"Block Potion"},{"floor":21,"key":"FearPotion"}],"is_trial":false,"path_per_floor":["M","$","?","$","M","R","?","M","T","M","R","M","M","M","R","B",null,"M","M","?","M","M","R","E"],"character_chosen":"THE_DEFAULT","items_purchased":["Happy Flower"],"campfire_rested":0,"item_purchase_floors":[2],"current_hp_per_floor":[70,70,70,70,69,69,62,62,62,54,54,54,52,50,50,37,70,60,60,60,44,34,34,0,0],"gold":395,"neow_bonus":"BOSS_RELIC","is_daily":false,"chose_seed":false,"campfire_upgraded":4,"win_rate":0.0,"timestamp":1608452475,"path_taken":["M","$","?","?","M","R","?","M","T","M","R","M","M","M","R","BOSS","M","?","?","?","M","R","E"],"items_purchased_type":["Relic"],"build_version":"2020-12-13","purchased_purges":0,"victory":false,"max_hp_per_floor":[70,70,70,70,70,70,70,70,70,70,70,70,70,70,70,70,70,70,70,70,70,70,70,70,70],"card_choices":[{"not_picked":["theMarked:ResourceFulStrike"],"picked":"SKIP","floor":1.0},{"not_picked":[],"picked":"theMarked:EmpowerWeapon","floor":5.0},{"not_picked":["theMarked:Seal"],"picked":"SKIP","floor":8.0},{"not_picked":[],"picked":"TH:PixieDust","floor":9.0},{"not_picked":["theMarked:BanishingStrike"],"picked":"SKIP","floor":10.0},{"not_picked":["theMarked:HeightenedSenses"],"picked":"SKIP","floor":12.0},{"not_picked":["theMarked:ContemptForTheProud"],"picked":"SKIP","floor":13.0},{"not_picked":["theMarked:Panic"],"picked":"SKIP","floor":14.0},{"not_picked":[],"picked":"TH:ArmorSpikes","floor":16.0},{"not_picked":[],"picked":"theMarked:TakeOffHeels","floor":16.0},{"not_picked":["theMarked:MaelstromOfLightning"],"picked":"SKIP","floor":18.0},{"not_picked":[],"picked":"theMarked:ParalyzingBlade","floor":19.0},{"not_picked":["theMarked:ElectricStrings"],"picked":"SKIP","floor":21},{"not_picked":["theMarked:GodGivenPower"],"picked":"SKIP","floor":22},{"not_picked":["theMarked:GodGivenPower"],"picked":"SKIP","floor":22}],"player_experience":1760855,"relics_obtained":[{"floor":9.0,"key":"StrikeDummy"}],"event_choices":[{"cards_removed":["theMarked:Strike"],"damage_healed":0.0,"max_hp_gain":0.0,"max_hp_loss":0.0,"gold_gain":0.0,"event_name":"Bonfire Elementals","player_choice":"Offered Basic","floor":3.0,"gold_loss":0.0,"damage_taken":0.0},{"damage_healed":0.0,"max_hp_gain":0.0,"max_hp_loss":0.0,"gold_gain":75.0,"event_name":"FaceTrader","player_choice":"Touch","floor":7.0,"gold_loss":0.0,"damage_taken":7.0},{"damage_healed":0.0,"max_hp_gain":0.0,"max_hp_loss":0.0,"gold_gain":100.0,"event_name":"The Joust","player_choice":"Bet on Murderer","floor":20.0,"gold_loss":50.0,"damage_taken":0.0}],"is_beta":false,"boss_relics":[{"not_picked":["Fusion Hammer","Philosopher\u0027s Stone"],"picked":"theMarked:SpiritSword"}],"items_purged_floors":[],"is_endless":false,"potions_floor_spawned":[10,12,13,16,19,21],"killed_by":"Book of Stabbing","ascension_level":1}}