{"host":"jmdwsiegw2vwqzt1","time":1608423175,"event":{"mods":["2.2 Compatiblity","AchievementEnabler","BaseMod","Better Third Choice","Better Vampires","Colored Powertips","Custom Start","Dio Mod","Downfall","Hermit","Highlight Path","Jorbs\u0027s Wanderer Trilogy","Marisa????????","Minty Spire (QoL Compilation)","Permanent Neow","Quick Restart","Rare Cards Sparkle","Relic Stats","Spicy Shops","StSLib","SuperFastMode","The Bug Knight","The Cursed","The Disciple","The Hierophant","The Necromancer","The Servant 0.9.4","slay the spire mod where everything is the same but ironclad has a cowboy hat"],"gold_per_floor":[0,100,116,135,150,250,250,270,270,305,755,755,357,377,394,493,493,493,493,418,518,518,518,518,533,577,502,150,160,188,173,186,294,294,294,314,323,323,348,372,405,464,499,424,445,459,126,146,174,174],"floor_reached":51,"playtime":3144,"items_purged":["Regret","Slimebound:Icky","Writhe"],"score":749,"play_id":"6ff4a4e0-ad17-4216-ad04-58ffd67ffa13","local_time":"20201219191255","is_ascension_mode":false,"campfire_choices":[{"data":"Chrysalis","floor":1,"key":"SMITH"},{"data":"hexamod:RainOfEmbers","floor":9,"key":"SMITH"},{"floor":18,"key":"RECALL"},{"floor":20,"key":"REST"},{"floor":22,"key":"REST"},{"floor":27,"key":"REST"},{"floor":35,"key":"REST"},{"floor":44,"key":"REST"}],"circlet_count":0,"master_deck":["hexamod:Strike+1","hexamod:Strike+1","hexamod:Strike","hexamod:Strike","hexamod:Defend","hexamod:Defend","hexamod:Defend","hexamod:Defend","hexamod:Sear","hexamod:Float","Chrysalis+1","hexamod:HauntingEcho","hexamod:RainOfEmbers+1","hexamod:SkipABeat","hexamod:FlamesFromBeyond","hexamod:FirstSeal","hexamod:ThermalTransfer+1","hexamod:GhostOfSpirePresent+1","hexamod:Hexaguard","hexamod:EmpoweredFlame","hexamod:TimeWarp","hexamod:PhantomFireball","hexamod:GhostflameBarrier+1","hexamod:RadiantFlame","hexamod:GhostLash","hexamod:GiftsFromTheDead","Chrysalis","hexamod:Again","hexamod:HexaLevel+1","hexamod:SpectersWail+1","Wraith","hexamod:GhostShield+1","hexamod:ChargedBarrage+1","stsjorbsmod:Withering","hexamod:SkipABeat","hexamod:ThermalTransfer+1","hexamod:HeatMetal","hexamod:AdvancingGuard+1"],"relics":["hexamod:SpiritBrand","HollowMod:StagPassRelic","Omamori","hexamod:MatchstickCase","Lee\u0027s Waffle","Fusion Hammer","downfall:HeartBlessingRed","Turnip","Letter Opener","Art of War","CeramicFish","downfall:HeartBlessingBlue","Cursed Key","Nunchaku","TungstenRod","Whetstone","downfall:HeartBlessingGreen"],"acts_visited":["Exordium","TheCity","TheBeyond"],"potions_floor_usage":[10,16,32,43,46,50,50],"damage_taken":[{"damage":7,"enemies":"2 Louse","floor":3,"turns":3},{"damage":6,"enemies":"Jaw Worm","floor":4,"turns":5},{"damage":10,"enemies":"Small Slimes","floor":5,"turns":3},{"damage":16,"enemies":"Gremlin Gang","floor":8,"turns":6},{"damage":10,"enemies":"3 Sentries","floor":10,"turns":6},{"damage":0,"enemies":"downfall:FleeingMerchant","floor":13,"turns":4},{"damage":2,"enemies":"3 Louse","floor":14,"turns":4},{"damage":4,"enemies":"2 Fungi Beasts","floor":15,"turns":3},{"damage":30,"enemies":"downfall:Silent","floor":16,"turns":8},{"damage":0,"enemies":"Chosen","floor":19,"turns":1},{"damage":21,"enemies":"Colosseum Nobs","floor":21,"turns":5},{"damage":2,"enemies":"Shell Parasite","floor":25,"turns":4},{"damage":15,"enemies":"Book of Stabbing","floor":26,"turns":6},{"damage":2,"enemies":"downfall:FleeingMerchant","floor":28,"turns":4},{"damage":11,"enemies":"3 Cultists","floor":29,"turns":5},{"damage":24,"enemies":"Snake Plant","floor":30,"turns":6},{"damage":0,"enemies":"downfall:FleeingMerchant","floor":31,"turns":4},{"damage":10,"enemies":"Snecko","floor":32,"turns":5},{"damage":64,"enemies":"downfall:Ironclad","floor":33,"turns":9},{"damage":35,"enemies":"3 Darklings","floor":36,"turns":7},{"damage":12,"enemies":"3 Shapes","floor":39,"turns":5},{"damage":45,"enemies":"Spire Growth","floor":40,"turns":6},{"damage":4,"enemies":"Mind Bloom Boss Battle","floor":42,"turns":6},{"damage":2,"enemies":"HollowMod:StalkingDevout","floor":43,"turns":7},{"damage":25,"enemies":"Maw","floor":45,"turns":8},{"damage":37,"enemies":"Jaw Worm Horde","floor":46,"turns":6},{"damage":35,"enemies":"4 Shapes","floor":48,"turns":6},{"damage":21,"enemies":"Writhing Mass","floor":49,"turns":6},{"damage":47,"enemies":"downfall:Defect","floor":50,"turns":8}],"seed_played":"7724566525003328471","potions_obtained":[{"floor":4,"key":"Weak Potion"},{"floor":8,"key":"SkillPotion"},{"floor":16,"key":"FairyPotion"},{"floor":21,"key":"Regen Potion"},{"floor":26,"key":"Fire Potion"},{"floor":32,"key":"SpeedPotion"},{"floor":40,"key":"DistilledChaos"},{"floor":43,"key":"PowerPotion"},{"floor":46,"key":"SpeedPotion"},{"floor":48,"key":"Fire Potion"},{"floor":49,"key":"DuplicationPotion"}],"is_trial":false,"path_per_floor":["R","?","M","M","M","?","T","M","R","E","?","?","$","M","M","B",null,"R","M","R","?","R","?","T","M","E","R","$","M","M","$","M","B",null,"R","M","?","?","M","M","T","?","E","R","M","M","?","M","M","B",null],"character_chosen":"THE_SPIRIT","items_purchased":["hexamod:MatchstickCase","Lee\u0027s Waffle","hexamod:GhostOfSpirePresent","Chrysalis"],"campfire_rested":5,"item_purchase_floors":[13,13,13,28],"current_hp_per_floor":[70,70,63,57,47,47,47,31,31,21,21,21,77,77,73,50,77,77,77,77,63,77,77,77,77,69,87,85,81,64,64,66,9,87,87,59,59,59,54,16,16,19,17,43,25,23,98,70,56,9],"gold":174,"neow_bonus":"RANDOM_COLORLESS_2","is_daily":false,"chose_seed":false,"campfire_upgraded":2,"win_rate":0.0,"timestamp":1608423175,"path_taken":["R","?","M","M","M","?","T","M","R","E","?","?","$","M","M","BOSS","R","M","R","?","R","?","T","M","E","R","?","M","M","$","M","BOSS","R","M","?","?","?","M","T","?","E","R","M","M","?","M","M","BOSS"],"items_purchased_type":["Relic","Relic","Card","Card"],"build_version":"2020-12-13","purchased_purges":3,"victory":true,"max_hp_per_floor":[70,70,70,70,70,70,70,70,70,70,70,70,77,77,77,77,77,77,77,77,77,77,77,77,77,77,87,87,87,87,87,87,87,87,87,87,87,87,87,87,87,87,87,87,87,87,98,98,98,98],"relic_stats":{"Lee\u0027s Waffle":49,"Nunchaku":[7],"counters":[29,155],"CeramicFish":126,"Turnip":[9],"Art of War":[16],"Letter Opener":[200],"Whetstone":["hexamod:Strike","hexamod:Strike"],"Cursed Key":1,"obtain_stats":[{"Lee\u0027s Waffle":13,"downfall:HeartBlessingRed":20,"CeramicFish":26,"downfall:HeartBlessingGreen":44,"Omamori":10,"Letter Opener":21,"Whetstone":43,"HollowMod:StagPassRelic":7,"Cursed Key":34,"hexamod:MatchstickCase":13,"Nunchaku":41,"downfall:BrokenWingStatue":12,"downfall:HeartBlessingBlue":27,"Fusion Hammer":17,"Turnip":21,"Art of War":23,"hexamod:SpiritBrand":0,"TungstenRod":42},{"Lee\u0027s Waffle":6,"downfall:HeartBlessingRed":10,"CeramicFish":13,"downfall:HeartBlessingGreen":24,"Omamori":5,"Letter Opener":11,"Whetstone":24,"HollowMod:StagPassRelic":3,"Cursed Key":19,"hexamod:MatchstickCase":6,"Nunchaku":22,"downfall:BrokenWingStatue":5,"downfall:HeartBlessingBlue":13,"Fusion Hammer":9,"Turnip":11,"Art of War":11,"hexamod:SpiritBrand":0,"TungstenRod":23},{"Lee\u0027s Waffle":27,"downfall:HeartBlessingRed":43,"CeramicFish":58,"downfall:HeartBlessingGreen":121,"Omamori":23,"Letter Opener":48,"Whetstone":121,"HollowMod:StagPassRelic":11,"Cursed Key":90,"hexamod:MatchstickCase":27,"Nunchaku":108,"downfall:BrokenWingStatue":23,"downfall:HeartBlessingBlue":58,"Fusion Hammer":42,"Turnip":48,"Art of War":48,"hexamod:SpiritBrand":0,"TungstenRod":114}],"TungstenRod":29},"card_choices":[{"not_picked":["Secret Weapon","Secret Technique"],"picked":"Chrysalis","floor":0},{"not_picked":["hexamod:GhostShield","hexamod:RetreatToShadows"],"picked":"hexamod:HauntingEcho","floor":3},{"not_picked":["hexamod:ThermalTransfer","hexamod:Firestarter"],"picked":"hexamod:RainOfEmbers","floor":4},{"not_picked":["hexamod:GhostShield","hexamod:SpectersWail"],"picked":"hexamod:SkipABeat","floor":5},{"not_picked":["hexamod:HauntingEcho","hexamod:AdvancingGuard"],"picked":"hexamod:FlamesFromBeyond","floor":8},{"not_picked":["hexamod:ChargedBarrage","hexamod:AdvancingGuard"],"picked":"hexamod:FirstSeal","floor":10},{"not_picked":["hexamod:HauntingEcho","hexamod:UnleashSpirits"],"picked":"hexamod:ThermalTransfer","floor":13},{"not_picked":["hexamod:ShieldOfDarkness","hexamod:AdvancingGuard"],"picked":"hexamod:Hexaguard","floor":14},{"not_picked":["hexamod:NightmareStrike","hexamod:ThermalTransfer"],"picked":"hexamod:EmpoweredFlame","floor":15},{"not_picked":["hexamod:SixthSeal","hexamod:GiftsFromTheDead"],"picked":"hexamod:TimeWarp","floor":16},{"not_picked":["hexamod:ThermalTransfer","hexamod:InspiringFlames"],"picked":"hexamod:PhantomFireball","floor":19},{"not_picked":["hexamod:RainOfEmbers","hexamod:Firestarter"],"picked":"hexamod:GhostflameBarrier+1","floor":21},{"not_picked":["hexamod:ShieldOfDarkness","hexamod:GhostLash"],"picked":"hexamod:RadiantFlame","floor":25},{"not_picked":["hexamod:InspiringFlames","hexamod:RetreatToShadows"],"picked":"hexamod:GhostLash","floor":26},{"not_picked":["hexamod:ThirdSeal","hexamod:InspiringFlames+1"],"picked":"hexamod:GiftsFromTheDead","floor":28},{"not_picked":["hexamod:SwordOfDarkness","hexamod:HauntingEcho","hexamod:GhostShield"],"picked":"SKIP","floor":29},{"not_picked":["hexamod:ShieldOfDarkness","hexamod:BacktrackSmack"],"picked":"hexamod:Again","floor":30},{"not_picked":["hexamod:SoulSteal","hexamod:SkipABeat","hexamod:Rewind+1"],"picked":"SKIP","floor":31},{"not_picked":["hexamod:GhostLash","hexamod:BacktrackSmack","hexamod:SwordOfDarkness"],"picked":"SKIP","floor":32},{"not_picked":["hexamod:GhostflameInferno","hexamod:VolcanoVisage"],"picked":"hexamod:HexaLevel","floor":33},{"not_picked":["hexamod:GhostLash+1","hexamod:FastForward"],"picked":"hexamod:SpectersWail+1","floor":36},{"not_picked":["hexamod:ShieldOfDarkness","hexamod:SwordOfDarkness"],"picked":"hexamod:GhostShield+1","floor":39},{"not_picked":["hexamod:SpectersWail","hexamod:SwordOfDarkness+1"],"picked":"hexamod:ChargedBarrage+1","floor":40},{"not_picked":["hexamod:GhostShield","hexamod:FifthSeal"],"picked":"hexamod:SkipABeat","floor":42},{"not_picked":["hexamod:RadiantFlame","hexamod:Firestarter"],"picked":"hexamod:ThermalTransfer+1","floor":43},{"not_picked":["hexamod:Firestarter","hexamod:Hexaguard+1"],"picked":"hexamod:HeatMetal","floor":45},{"not_picked":["hexamod:BacktrackSmack+1","hexamod:FastForward+1","hexamod:SwordOfDarkness+1"],"picked":"SKIP","floor":46},{"not_picked":["hexamod:FastForward","hexamod:GhostShield","hexamod:FourthSeal"],"picked":"SKIP","floor":48},{"not_picked":["hexamod:FirstSeal","hexamod:FourthSeal"],"picked":"hexamod:AdvancingGuard+1","floor":49}],"player_experience":298499,"relics_obtained":[{"floor":7,"key":"HollowMod:StagPassRelic"},{"floor":10,"key":"Omamori"},{"floor":21,"key":"Turnip"},{"floor":21,"key":"Letter Opener"},{"floor":26,"key":"CeramicFish"},{"floor":41,"key":"Nunchaku"},{"floor":42,"key":"TungstenRod"},{"floor":43,"key":"Whetstone"}],"event_choices":[{"damage_healed":0,"gold_gain":0,"player_choice":"Ignored","damage_taken":0,"max_hp_gain":0,"max_hp_loss":0,"event_name":"OrinTheCat","floor":37,"gold_loss":0},{"damage_healed":0,"gold_gain":0,"player_choice":"Upgraded","damage_taken":0,"max_hp_gain":0,"max_hp_loss":0,"event_name":"Upgrade Shrine","floor":38,"gold_loss":0,"cards_upgraded":["hexamod:HexaLevel"]}],"is_beta":false,"boss_relics":[{"not_picked":["Runic Dome","Black Star"],"picked":"Fusion Hammer"},{"not_picked":["Tiny House","Pandora\u0027s Box"],"picked":"Cursed Key"}],"items_purged_floors":[13,13,28],"is_endless":false,"potions_floor_spawned":[4,8,16,21,26,32,33,39,40,43,46,48,49],"ascension_level":0}}