{"host":"ye7dkdlypz0ka1od","time":1608423854,"event":{"mods":["Act Like it!","Aspiration","BaseMod","Better Third Choice","Gensokyo","Hallownest","Hubris","Infinite Spire","Marisa????????","Minty Spire (QoL Compilation)","Replay The Spire","StSLib","The Runesmith"],"gold_per_floor":[116,116,129,143,158,158,193,193,242,242,242,242,300,330,330,431,431,449,449,449],"floor_reached":19,"playtime":866,"items_purged":[],"score":175,"play_id":"cbecce3e-b4ba-4e34-b52f-f620a3cc245e","local_time":"20201219192414","is_ascension_mode":false,"campfire_choices":[{"data":"Runesmith:Firestorm","floor":6,"key":"SMITH"},{"data":"Runesmith:Grindstone","floor":12,"key":"SMITH"},{"floor":15,"key":"REST"}],"circlet_count":0,"master_deck":["Runesmith:Strike_RS","Runesmith:Strike_RS","Runesmith:Strike_RS","Runesmith:Defend_RS","Runesmith:Defend_RS","Runesmith:Defend_RS","Runesmith:CraftFirestone","Runesmith:Fortify","Runesmith:Grindstone+1","Runesmith:BackupBattery","Runesmith:Refine","Runesmith:Firestorm+1","Runesmith:Grindstone+1","Runesmith:GoWithTheFlow","Runesmith:UnlimitedPower","Runesmith:Permafrost"],"relics":["Runesmith:BrokenRuby","infinitespire:FocusingShard","hubris:Towel","Replay:Rubber Ducky","Juzu Bracelet","Replay:Baseball","Sundial","Replay:Bronze Core"],"acts_visited":["Exordium","TheCity"],"potions_floor_usage":[7,16,19],"damage_taken":[{"damage":1,"enemies":"Cultist","floor":1,"turns":4},{"damage":1,"enemies":"infinitespire:Voidling","floor":3,"turns":4},{"damage":0,"enemies":"Small Slimes","floor":4,"turns":3},{"damage":0,"enemies":"3 Louse","floor":5,"turns":4},{"damage":4,"enemies":"Replay:BlueRogue","floor":7,"turns":7},{"damage":25,"enemies":"3 Sentries","floor":14,"turns":12},{"damage":3,"enemies":"Slime Boss","floor":16,"turns":10},{"damage":9,"enemies":"3 Byrds","floor":18,"turns":6},{"damage":70,"enemies":"Masked Bandits","floor":19,"turns":5}],"seed_played":"3134544638820222963","potions_obtained":[{"floor":1,"key":"infinitespire:BlackPotion"},{"floor":5,"key":"SpeedPotion"},{"floor":13,"key":"SmokeBomb"},{"floor":14,"key":"BlessingOfTheForge"}],"is_trial":false,"path_per_floor":["M","?","M","M","M","R","E","?","T","?","?","R","?","E","R","B",null,"M","?"],"character_chosen":"RUNESMITH_CLASS","items_purchased":[],"campfire_rested":1,"item_purchase_floors":[],"current_hp_per_floor":[69,69,68,68,68,68,64,64,64,57,57,57,57,32,53,50,70,61,0,0],"gold":449,"neow_bonus":"REMOVE_CARD","is_daily":false,"chose_seed":false,"campfire_upgraded":2,"win_rate":0.0,"timestamp":1608423854,"path_taken":["M","?","M","?","M","R","E","?","T","?","?","R","?","E","R","BOSS","M","?"],"items_purchased_type":[],"build_version":"2020-12-13","purchased_purges":0,"victory":false,"max_hp_per_floor":[70,70,70,70,70,70,70,70,70,70,70,70,70,70,70,70,70,70,70,70],"card_choices":[{"not_picked":["Runesmith:EnergizedChisel","Runesmith:ShiftingStrike"],"picked":"Runesmith:Grindstone","floor":1},{"not_picked":["Runesmith:HeatedChisel","Runesmith:EnergizedChisel"],"picked":"Runesmith:BackupBattery","floor":3},{"not_picked":["Runesmith:HeatedChisel","Runesmith:Malloc"],"picked":"Runesmith:Refine","floor":4},{"not_picked":["Runesmith:CraftProtectio","Runesmith:ChiselStab"],"picked":"Runesmith:Firestorm","floor":5},{"not_picked":["Runesmith:StaticCage","Runesmith:LastStand"],"picked":"Runesmith:Grindstone","floor":7},{"not_picked":["Runesmith:RuneHurl","Runesmith:ChiselStab"],"picked":"Runesmith:GoWithTheFlow","floor":13},{"not_picked":["Runesmith:Repurpose","Runesmith:ElementalConversion","Runesmith:HammerTime"],"picked":"SKIP","floor":14},{"not_picked":["Runesmith:LightningRod","Runesmith:CraftIndustria"],"picked":"Runesmith:UnlimitedPower","floor":16},{"not_picked":["Runesmith:StaticCage+1","Runesmith:HeatExchange"],"picked":"Runesmith:Permafrost","floor":18}],"player_experience":1378198,"relics_obtained":[{"floor":7,"key":"infinitespire:FocusingShard"},{"floor":9,"key":"Replay:Rubber Ducky"},{"floor":13,"key":"Replay:Baseball"},{"floor":14,"key":"Sundial"}],"event_choices":[{"cards_removed":["Runesmith:Defend_RS"],"damage_healed":0,"gold_gain":0,"player_choice":"Card Removal","damage_taken":0,"max_hp_gain":0,"max_hp_loss":0,"event_name":"Wheel of Change","floor":2,"gold_loss":0},{"damage_healed":0,"gold_gain":0,"player_choice":"Relic ","damage_taken":7,"max_hp_gain":0,"max_hp_loss":0,"event_name":"betterThird:BetterScrap","floor":10,"gold_loss":0,"cards_obtained":["Tactician"]},{"damage_healed":0,"gold_gain":0,"player_choice":"Fought Bandits","damage_taken":0,"max_hp_gain":0,"max_hp_loss":0,"event_name":"Masked Bandits","floor":19,"gold_loss":0}],"is_beta":false,"boss_relics":[{"not_picked":["Honey Jar","Calling Bell"],"picked":"Replay:Bronze Core"}],"items_purged_floors":[],"is_endless":false,"potions_floor_spawned":[1,5,14],"killed_by":"Masked Bandits","ascension_level":0}}