{"host":"709gjpjg43u3i5a8","time":1608504429,"event":{"mods":["BaseMod","Colored Map","Colored Powertips","Downfall","Hermit","Hubris","Infinite Spire","Marisa????????","Minty Spire (QoL Compilation)","Remilia??????","StSLib","Td1madao Mod","The Animator","The Bug Knight","The Cursed","The Disciple","The Hierophant","The Jungle","The Servant 0.9.4"],"gold_per_floor":[99,99,99,549,580,580,580,605,616,642,705,141,154,91,101,101,101],"floor_reached":16,"playtime":1578,"items_purged":["Regret"],"score":166,"play_id":"2f036147-8eb8-47bb-8521-aa925fc0797d","local_time":"20201220154709","is_ascension_mode":false,"campfire_choices":[{"floor":1,"key":"RECALL"},{"data":"Guardian:TwinSlam","floor":6,"key":"SMITH"}],"circlet_count":0,"master_deck":["Guardian:Strike_Guardian","Guardian:Strike_Guardian","Guardian:Strike_Guardian+1","Guardian:Strike_Guardian","Guardian:Defend_Guardian+1","Guardian:Defend_Guardian","Guardian:Defend_Guardian","Guardian:Defend_Guardian","Guardian:CurlUp+1","Guardian:TwinSlam+1","Slimebound:Icky","Slimebound:Icky","Slimebound:Icky","Guardian:Suspension","Guardian:SpikerProtocol","Guardian:DecasProtection","Guardian:Harden","Guardian:RollAttack","Guardian:ArmoredProtocol","Guardian:TemporalStrike","Guardian:Gem_Blue","Guardian:Gem_Green","Guardian:ChargeCore","Guardian:ShieldCharger","Guardian:Reroute","Guardian:Gem_Synthetic"],"relics":["Guardian:ModeShifter","downfall:HeartsMalice","Bottled Lightning","InkBottle","hubris:SlimyHat","HornCleat","Strawberry","Kunai"],"acts_visited":["Exordium"],"potions_floor_usage":[16,16],"damage_taken":[{"damage":0,"enemies":"Small Slimes","floor":2,"turns":1},{"damage":0,"enemies":"3 Sentries","floor":5,"turns":1},{"damage":0,"enemies":"HollowMod:MossKnight","floor":8,"turns":1},{"damage":2,"enemies":"Jaw Worm","floor":9,"turns":5},{"damage":28,"enemies":"3 Sentries","floor":10,"turns":9},{"damage":19,"enemies":"Lagavulin Event","floor":11,"turns":9},{"damage":7,"enemies":"downfall:FleeingMerchant","floor":12,"turns":4},{"damage":0,"enemies":"2 Louse","floor":13,"turns":4},{"damage":0,"enemies":"downfall:FleeingMerchant","floor":14,"turns":4},{"damage":0,"enemies":"Blue Slaver","floor":15,"turns":3},{"damage":31,"enemies":"downfall:Defect","floor":16,"turns":6}],"seed_played":"-7549694076264682115","potions_obtained":[{"floor":10,"key":"Ancient Potion"},{"floor":11,"key":"SteroidPotion"},{"floor":13,"key":"FearPotion"}],"is_trial":false,"path_per_floor":["R","M","?","?","E","R","T","E","M","E","?","$","M","$","M","B"],"character_chosen":"GUARDIAN","items_purchased":["Guardian:ArmoredProtocol","Kunai","Guardian:TemporalStrike","Guardian:Gem_Blue","Guardian:Gem_Green","Guardian:Reroute"],"campfire_rested":0,"item_purchase_floors":[12,12,12,12,12,14],"current_hp_per_floor":[80,80,80,80,80,80,80,80,78,50,38,31,31,31,31,0,0],"gold":101,"neow_bonus":"THREE_ENEMY_KILL","is_daily":false,"chose_seed":false,"campfire_upgraded":1,"win_rate":0.0,"timestamp":1608504429,"path_taken":["R","M","?","?","E","R","T","E","M","E","?","$","M","?","M","BOSS"],"items_purchased_type":["Card","Relic","Card","Card","Card","Card"],"build_version":"2020-12-13","purchased_purges":1,"victory":false,"max_hp_per_floor":[80,80,80,80,80,80,80,80,80,80,87,87,87,87,87,87,87],"card_choices":[{"not_picked":["Guardian:VentSteam","Guardian:BronzeOrb"],"picked":"Guardian:Gem_Cyan","floor":2},{"not_picked":["Guardian:SpikerProtocol","Guardian:Emergency"],"picked":"Guardian:Gem_White","floor":5},{"not_picked":["Guardian:Gem_Green","Guardian:HyperBeam_Guardian"],"picked":"Guardian:Suspension","floor":8},{"not_picked":["Guardian:Gem_Crimson","Guardian:CrystalBeam"],"picked":"Guardian:SpikerProtocol","floor":9},{"not_picked":["Guardian:Gem_Purple","Guardian:RollAttack"],"picked":"Guardian:DecasProtection","floor":10},{"not_picked":["Guardian:PiercingHide","Guardian:BronzeArmor"],"picked":"Guardian:Harden","floor":11},{"not_picked":["Guardian:TemporalShield","Guardian:PiercingHide"],"picked":"Guardian:RollAttack","floor":12},{"not_picked":["Guardian:WalkerClaw","Guardian:PrimingBeam"],"picked":"Guardian:ChargeCore","floor":13},{"not_picked":["Guardian:ChargeCore","Guardian:Gem_Red"],"picked":"Guardian:ShieldCharger","floor":14},{"not_picked":["Guardian:ShieldCharger","Guardian:WalkerClaw"],"picked":"Guardian:Gem_Synthetic","floor":15}],"player_experience":345030,"relics_obtained":[{"floor":5,"key":"Bottled Lightning"},{"floor":7,"key":"InkBottle"},{"floor":8,"key":"hubris:SlimyHat"},{"floor":10,"key":"HornCleat"}],"event_choices":[],"is_beta":false,"boss_relics":[],"items_purged_floors":[12],"is_endless":false,"potions_floor_spawned":[10,11,13],"killed_by":"downfall:Defect","ascension_level":0}}