{"host":"v0dnu0zs4qo0v13s","time":1608426734,"event":{"mods":["BaseMod","Colored Map","Colored Powertips","Minty Spire (QoL Compilation)","Relic Stats","StSLib","SuperFastMode","everything is the same but u backflip on backflip"],"gold_per_floor":[109,124,140,153,168,168,93,93,93,119,38,51,51,83,83,157,157,170,70,270,42,42,42,72,72,126,136,136,136,136,149,149,228,228,240,240,240],"floor_reached":36,"playtime":1753,"items_purged":["Defend_R","Strike_R","Strike_R"],"score":735,"play_id":"29de77ee-6e6d-4a1d-aab9-ae1ec2bf4476","local_time":"20201219201214","is_ascension_mode":true,"campfire_choices":[{"floor":6.0,"key":"REST"},{"data":"Perfected Strike","floor":8.0,"key":"SMITH"},{"data":"Rage","floor":13.0,"key":"SMITH"},{"data":"True Grit","floor":15.0,"key":"SMITH"},{"data":"Demon Form","floor":23.0,"key":"SMITH"},{"data":"Ghostly","floor":25.0,"key":"SMITH"},{"data":"Dark Embrace","floor":29.0,"key":"SMITH"},{"data":"Sever Soul","floor":32.0,"key":"SMITH"}],"circlet_count":0,"master_deck":["AscendersBane","Bash","Hemokinesis+1","Brutality+1","Heavy Blade+1","Perfected Strike+1","Wild Strike","Reaper","Flame Barrier","Reaper","Dropkick","Rage+1","True Grit+1","Demon Form+1","Ghostly Armor","Pummel","Dual Wield","Ghostly+1","Ghostly","Ghostly","Ghostly","Ghostly","Havoc","Dark Embrace+1","Bite","Bite","Bite","Bite","Bite","Sever Soul+1","Fiend Fire","Power Through+1"],"relics":["Astrolabe","Eternal Feather","Question Card","Bag of Marbles","Mark of Pain","Potion Belt","Art of War","Coffee Dripper"],"acts_visited":["Exordium","TheCity","TheBeyond"],"potions_floor_usage":[33],"damage_taken":[{"damage":10.0,"enemies":"Cultist","floor":1.0,"turns":3.0},{"damage":3.0,"enemies":"2 Louse","floor":2.0,"turns":2.0},{"damage":12.0,"enemies":"Small Slimes","floor":3.0,"turns":3.0},{"damage":15.0,"enemies":"Red Slaver","floor":4.0,"turns":2.0},{"damage":11.0,"enemies":"3 Louse","floor":5.0,"turns":3.0},{"damage":15.0,"enemies":"3 Sentries","floor":10.0,"turns":4.0},{"damage":10.0,"enemies":"2 Fungi Beasts","floor":12.0,"turns":3.0},{"damage":12.0,"enemies":"Gremlin Nob","floor":14.0,"turns":3.0},{"damage":54.0,"enemies":"Hexaghost","floor":16.0,"turns":11.0},{"damage":28.0,"enemies":"Spheric Guardian","floor":18.0,"turns":5.0},{"damage":25.0,"enemies":"Book of Stabbing","floor":24.0,"turns":7.0},{"damage":21.0,"enemies":"Shell Parasite","floor":27.0,"turns":6.0},{"damage":23.0,"enemies":"Sentry and Sphere","floor":31.0,"turns":7.0},{"damage":26,"enemies":"Automaton","floor":33,"turns":10},{"damage":6,"enemies":"Orb Walker","floor":35,"turns":5},{"damage":38,"enemies":"3 Shapes","floor":36,"turns":6}],"seed_played":"-6566389426230278555","potions_obtained":[{"floor":3.0,"key":"DistilledChaos"},{"floor":5.0,"key":"ElixirPotion"},{"floor":12.0,"key":"AttackPotion"},{"floor":18.0,"key":"DistilledChaos"},{"floor":24.0,"key":"EssenceOfSteel"},{"floor":27.0,"key":"Fire Potion"},{"floor":33,"key":"Block Potion"}],"is_trial":false,"path_per_floor":["M","M","M","M","M","R","$","R","T","E","$","M","R","E","R","B",null,"M","$","?","$","?","R","E","R","T","M","?","R","?","M","R","B",null,"M","M"],"character_chosen":"IRONCLAD","items_purchased":["Dropkick","Pummel","Dual Wield"],"campfire_rested":1,"item_purchase_floors":[11,21,21],"current_hp_per_floor":[62,59,47,32,29,53,53,53,53,46,46,44,53,45,54,10,63,39,39,39,39,39,40,40,40,40,34,29,44,31,20,31,31,31,31,0,0],"gold":240,"neow_bonus":"BOSS_RELIC","is_daily":false,"chose_seed":false,"campfire_upgraded":7,"win_rate":0.0,"timestamp":1608426734,"path_taken":["M","M","M","M","M","R","$","R","T","E","$","?","R","E","R","BOSS","M","$","?","$","?","R","E","R","T","M","?","R","?","M","R","BOSS","M","M"],"items_purchased_type":["Card","Card","Card"],"build_version":"2020-12-13","purchased_purges":3,"victory":false,"max_hp_per_floor":[80,80,80,80,80,80,80,80,80,80,80,80,80,80,80,80,80,80,80,80,80,40,40,40,40,40,40,45,45,31,31,31,31,31,31,31,31],"relic_stats":{"counters":[16,80],"Astrolabe":["Hemokinesis","Brutality","Heavy Blade"],"Eternal Feather":45,"Art of War":[7],"Question Card":9,"obtain_stats":[{"Potion Belt":24,"Astrolabe":0,"Eternal Feather":9,"Mark of Pain":17,"Bag of Marbles":14,"Art of War":26,"Coffee Dripper":34,"Question Card":10,"Burning Blood":0},{"Potion Belt":11,"Astrolabe":0,"Eternal Feather":5,"Mark of Pain":9,"Bag of Marbles":8,"Art of War":11,"Coffee Dripper":14,"Question Card":6,"Burning Blood":0},{"Potion Belt":46,"Astrolabe":0,"Eternal Feather":13,"Mark of Pain":34,"Bag of Marbles":23,"Art of War":46,"Coffee Dripper":69,"Question Card":17,"Burning Blood":0}]},"card_choices":[{"not_picked":["Cleave","Combust","Warcry"],"picked":"SKIP","floor":1.0},{"not_picked":["Twin Strike","Intimidate"],"picked":"Perfected Strike","floor":2.0},{"not_picked":["Dropkick","Pummel"],"picked":"Wild Strike","floor":3.0},{"not_picked":["Armaments","Headbutt"],"picked":"Reaper","floor":4.0},{"not_picked":["Clash","Heavy Blade"],"picked":"Flame Barrier","floor":5.0},{"not_picked":["Dual Wield","Searing Blow"],"picked":"Reaper","floor":10.0},{"not_picked":["Heavy Blade","Second Wind","Anger"],"picked":"Rage","floor":12.0},{"not_picked":["Pummel","Anger","Thunderclap"],"picked":"True Grit","floor":14.0},{"not_picked":["Impervious","Limit Break","Berserk"],"picked":"Demon Form","floor":16.0},{"not_picked":["Havoc","Perfected Strike","Seeing Red"],"picked":"Ghostly Armor","floor":18.0},{"not_picked":["Blood for Blood","Armaments","Hemokinesis"],"picked":"Havoc","floor":24.0},{"not_picked":["Clash","Body Slam","Rampage"],"picked":"Dark Embrace","floor":27.0},{"not_picked":["Rupture","Clash","Body Slam"],"picked":"Sever Soul","floor":31.0},{"not_picked":["Corruption","Limit Break","Brutality"],"picked":"Fiend Fire","floor":33},{"not_picked":["Flex","Combust","Reckless Charge"],"picked":"Power Through+1","floor":35}],"player_experience":623008,"relics_obtained":[{"floor":9.0,"key":"Eternal Feather"},{"floor":10.0,"key":"Question Card"},{"floor":14.0,"key":"Bag of Marbles"},{"floor":24.0,"key":"Potion Belt"},{"floor":26.0,"key":"Art of War"}],"event_choices":[{"damage_healed":0.0,"max_hp_gain":0.0,"max_hp_loss":0.0,"gold_gain":200.0,"event_name":"Wheel of Change","player_choice":"Gold","floor":20.0,"gold_loss":0.0,"damage_taken":0.0},{"damage_healed":0.0,"max_hp_gain":0.0,"max_hp_loss":40.0,"gold_gain":0.0,"event_name":"Ghosts","player_choice":"Became a Ghost","floor":22.0,"gold_loss":0.0,"damage_taken":0.0,"cards_obtained":["Ghostly","Ghostly","Ghostly","Ghostly","Ghostly"]},{"damage_healed":0.0,"max_hp_gain":5.0,"max_hp_loss":0.0,"gold_gain":0.0,"event_name":"Forgotten Altar","player_choice":"Shed Blood","floor":28.0,"gold_loss":0.0,"damage_taken":10.0},{"damage_healed":0.0,"max_hp_gain":0.0,"max_hp_loss":14.0,"gold_gain":0.0,"event_name":"Vampires","player_choice":"Became a vampire","floor":30.0,"gold_loss":0.0,"damage_taken":0.0,"cards_obtained":["Bite","Bite","Bite","Bite","Bite"]}],"is_beta":false,"boss_relics":[{"not_picked":["Empty Cage","Philosopher\u0027s Stone"],"picked":"Mark of Pain"},{"not_picked":["Snecko Eye","Runic Cube"],"picked":"Coffee Dripper"}],"items_purged_floors":[7,19,21],"is_endless":false,"potions_floor_spawned":[3,5,12,18,24,27,33],"killed_by":"3 Shapes","ascension_level":13}}