{"host":"363c1o4m0ew2jbar","time":1608447033,"event":{"mods":["AchievementEnabler","BaseMod","Better Note","Downfall","Minty Spire (QoL Compilation)","StSLib"],"gold_per_floor":[99,99,99,119,63,48,48,67,67,92,92,110,120,134,145,145,145],"floor_reached":16,"playtime":748,"items_purged":[],"score":102,"play_id":"883a56d3-9efe-46c6-baf3-bc2f563f7b20","local_time":"20201219205033","is_ascension_mode":false,"campfire_choices":[{"data":"hexamod:Strike","floor":1,"key":"SMITH"},{"floor":9,"key":"RECALL"}],"circlet_count":0,"master_deck":["hexamod:Strike+1","hexamod:Strike","hexamod:Strike","hexamod:Defend","hexamod:Defend","hexamod:Defend","hexamod:Sear","hexamod:Float","hexamod:SearingWound","Regret","hexamod:ThirdSeal","hexamod:AdvancingGuard","hexamod:GhostOfSpirePast","hexamod:ThermalTransfer+1","hexamod:FirstSeal","hexamod:PowerFromBeyond","hexamod:HeatMetal+1","hexamod:EmpoweredFlame","hexamod:PhantomCloak+1","hexamod:InspiringFlames","hexamod:FourthSeal","hexamod:HeatCrush+1","hexamod:RadiantFlame","hexamod:Incineration+1","hexamod:SpectersWail+1","hexamod:Rewind"],"relics":["hexamod:SpiritBrand","Molten Egg 2","Question Card","hexamod:SoulOfChaos"],"acts_visited":["Exordium"],"potions_floor_usage":[],"damage_taken":[{"damage":14,"enemies":"2 Louse","floor":4,"turns":3},{"damage":4,"enemies":"downfall:FleeingMerchant","floor":5,"turns":4},{"damage":5,"enemies":"downfall:FleeingMerchant","floor":6,"turns":4},{"damage":7,"enemies":"Jaw Worm","floor":8,"turns":3},{"damage":37,"enemies":"Gremlin Nob","floor":10,"turns":6},{"damage":6,"enemies":"Cultist","floor":12,"turns":4},{"damage":3,"enemies":"Blue Slaver","floor":13,"turns":4},{"damage":12,"enemies":"3 Louse","floor":14,"turns":3},{"damage":0,"enemies":"Red Slaver","floor":15,"turns":4},{"damage":24,"enemies":"downfall:Defect","floor":16,"turns":4}],"seed_played":"2286953608479198262","potions_obtained":[{"floor":10,"key":"DuplicationPotion"},{"floor":13,"key":"BlessingOfTheForge"},{"floor":13,"key":"Energy Potion"}],"is_trial":false,"path_per_floor":["R","?","?","M","$","$","T","M","R","E","?","M","M","M","M","B"],"character_chosen":"THE_SPIRIT","items_purchased":["hexamod:FirstSeal"],"campfire_rested":0,"item_purchase_floors":[5],"current_hp_per_floor":[63,63,63,49,45,47,47,47,47,17,17,18,22,17,24,0,0],"gold":145,"neow_bonus":"TRANSFORM_TWO_CARDS","is_daily":false,"chose_seed":false,"campfire_upgraded":1,"win_rate":0.0,"timestamp":1608447033,"path_taken":["R","?","?","M","?","$","T","M","R","E","?","M","M","?","M","BOSS"],"items_purchased_type":["Card"],"build_version":"2020-12-13","purchased_purges":0,"victory":false,"max_hp_per_floor":[63,63,63,63,63,63,63,63,63,63,63,63,63,63,63,63,63],"card_choices":[{"not_picked":["hexamod:NightmareGuise","hexamod:ShieldOfDarkness"],"picked":"hexamod:AdvancingGuard","floor":4},{"not_picked":["hexamod:ThermalTransfer+1","hexamod:NecessarySacrifice"],"picked":"hexamod:GhostOfSpirePast","floor":4},{"not_picked":["hexamod:GhostLash+1","hexamod:Hexaguard"],"picked":"hexamod:ThermalTransfer+1","floor":5},{"not_picked":["hexamod:NightmareStrike+1","hexamod:GhostShield","hexamod:Again"],"picked":"SKIP","floor":5},{"not_picked":["hexamod:Hexaguard","hexamod:BacktrackSmack+1"],"picked":"hexamod:PowerFromBeyond","floor":6},{"not_picked":["hexamod:GhostShield","hexamod:PowerFromBeyond"],"picked":"hexamod:HeatMetal+1","floor":6},{"not_picked":["hexamod:BacktrackSmack+1","hexamod:NightmareStrike+1","hexamod:SpectralSpark"],"picked":"hexamod:EmpoweredFlame","floor":8},{"not_picked":["hexamod:ThermalTransfer+1","hexamod:ThirdSeal","hexamod:BurningTouch","hexamod:SpectralAdrenaline"],"picked":"SKIP","floor":8},{"not_picked":["hexamod:Again","hexamod:EtherealExpedition","hexamod:NecessarySacrifice"],"picked":"hexamod:PhantomCloak","floor":10},{"not_picked":["hexamod:SpectralSpark","hexamod:GhostShield","hexamod:BurningTouch"],"picked":"hexamod:InspiringFlames","floor":10},{"not_picked":["hexamod:EtherealExpedition","hexamod:AdvancingGuard","hexamod:Hexaguard"],"picked":"hexamod:FourthSeal","floor":12},{"not_picked":["hexamod:AdvancingGuard","hexamod:ApocalypticArmor","hexamod:Haunt"],"picked":"hexamod:HeatCrush+1","floor":12},{"not_picked":["hexamod:RetreatToShadows","hexamod:SkipABeat","hexamod:ExtraCrispy"],"picked":"hexamod:RadiantFlame","floor":13},{"not_picked":["hexamod:NightmareStrike+1","hexamod:Firestarter+1","hexamod:AdvancingGuard"],"picked":"hexamod:Incineration+1","floor":13},{"not_picked":["hexamod:NightmareGuise","hexamod:BurningTouch","hexamod:SkipABeat"],"picked":"hexamod:SpectersWail+1","floor":14},{"not_picked":["hexamod:ShieldOfDarkness","hexamod:NightmareStrike+1","hexamod:StepThrough+1","hexamod:HauntingEcho+1"],"picked":"SKIP","floor":14},{"not_picked":["hexamod:RadiantFlame","hexamod:RainOfEmbers+1","hexamod:HauntingEcho+1"],"picked":"hexamod:Rewind","floor":15},{"not_picked":["hexamod:HeatShield","hexamod:BurningTouch","hexamod:GiftsFromTheDead","hexamod:SpectersWail+1"],"picked":"SKIP","floor":15}],"player_experience":1119785,"relics_obtained":[{"floor":7,"key":"Question Card"},{"floor":10,"key":"hexamod:SoulOfChaos"}],"event_choices":[{"damage_healed":0,"gold_gain":0,"player_choice":"Box","damage_taken":0,"relics_obtained":["Molten Egg 2"],"max_hp_gain":0,"max_hp_loss":0,"event_name":"Big Fish","floor":2,"gold_loss":0,"cards_obtained":["Regret"]},{"damage_healed":0,"gold_gain":0,"player_choice":"Upgraded","damage_taken":0,"max_hp_gain":0,"max_hp_loss":0,"event_name":"Upgrade Shrine","floor":11,"gold_loss":0,"cards_upgraded":["hexamod:PhantomCloak"]}],"is_beta":false,"boss_relics":[],"items_purged_floors":[],"is_endless":false,"potions_floor_spawned":[10,13,14,15],"killed_by":"downfall:Defect","ascension_level":0}}