{"host":"sh8ot41fo7a0kahq","time":1608438276,"event":{"mods":["ATMod(°¢èªMod)","BaseMod","Better Third Choice","Colored Powertips","Minty Spire (QoL Compilation)","Quick Restart","Spicy Shops","StSLib","UnlockEverythingMod","¡¾ÒÅÎï¿¨ÅÆ¡¿REMEMod"],"gold_per_floor":[117,128,146,146,159,159,159,159],"floor_reached":7,"playtime":241,"items_purged":[],"score":56,"play_id":"96dbee7a-ddd8-40eb-8aea-eb4a75d6fa99","local_time":"20201220122436","is_ascension_mode":true,"campfire_choices":[{"data":"Fusion","floor":6,"key":"SMITH"}],"circlet_count":0,"master_deck":["Strike_B","Strike_B","Strike_B","Defend_B","Defend_B","Defend_B","Defend_B","Zap","Dualcast","REME_ProfessionalPlagiarism","Coolheaded","Fusion+1","Cold Snap"],"relics":["Cracked Core","AT_ATBox","REME_ComplimentaryCards","Oddly Smooth Stone"],"acts_visited":["Exordium"],"potions_floor_usage":[],"damage_taken":[{"damage":0.0,"enemies":"Jaw Worm","floor":1.0,"turns":3.0},{"damage":16.0,"enemies":"2 Louse","floor":2.0,"turns":3.0},{"damage":0,"enemies":"Small Slimes","floor":3,"turns":2},{"damage":19,"enemies":"Exordium Wildlife","floor":5,"turns":7},{"damage":15,"enemies":"3 Sentries","floor":7,"turns":4}],"seed_played":"-1480520133900222975","potions_obtained":[{"floor":1.0,"key":"AttackPotion"},{"floor":2.0,"key":"EssenceOfDarkness"}],"is_trial":false,"path_per_floor":["M","M","M","?","M","R","E"],"character_chosen":"DEFECT","items_purchased":[],"campfire_rested":0,"item_purchase_floors":[],"current_hp_per_floor":[68,52,52,45,26,26,11,11],"gold":159,"neow_bonus":"RANDOM_COMMON_RELIC","is_daily":false,"chose_seed":false,"campfire_upgraded":1,"win_rate":0.0,"timestamp":1608438276,"path_taken":["M","M","M","?","M","R","E"],"items_purchased_type":[],"build_version":"2020-12-13","purchased_purges":0,"victory":false,"max_hp_per_floor":[75,75,75,75,75,75,75,75],"card_choices":[{"not_picked":["Static Discharge","Rip and Tear"],"picked":"Coolheaded","floor":1.0},{"not_picked":["Doom and Gloom","Leap"],"picked":"Fusion","floor":2.0},{"not_picked":["Stack","Static Discharge","Force Field"],"picked":"SKIP","floor":3},{"not_picked":["Lockon","Thunder Strike"],"picked":"Cold Snap","floor":5}],"player_experience":280146,"relics_obtained":[],"event_choices":[{"cards_removed":["Strike_B"],"damage_healed":0,"gold_gain":0,"player_choice":"Card Removal","damage_taken":7,"max_hp_gain":0,"max_hp_loss":0,"event_name":"Golden Wing","floor":4,"gold_loss":0}],"is_beta":false,"boss_relics":[],"items_purged_floors":[],"is_endless":false,"potions_floor_spawned":[1,2],"killed_by":"3 Sentries","ascension_level":6}}