{"host":"ebguxldc2ucorva7","time":1608448230,"event":{"mods":["AchievementEnabler","BaseMod","Best Route Mod","Bestiary","Better Note","Better Third Choice","Better-Laid Plans","Colored Map","Colored Powertips","Disable Question Mark Monsters","Energized Spire","Minty Spire (QoL Compilation)","Permanent Neow","Quick Restart","Rare Cards Sparkle","Relic Stats","Replay The Spire","Shop Mod","StSLib","Synergy Search"],"gold_per_floor":[119,119,119,131,131,131,131],"floor_reached":6,"playtime":199,"items_purged":[],"score":41,"play_id":"becefe5c-ac2d-4f89-9c28-7a3596a74c39","local_time":"20201220001030","daily_mods":["Draft","Vintage","Heirloom","DeadlyEvents","Elite Swarm","Uncertain Future"],"is_ascension_mode":true,"campfire_choices":[],"circlet_count":0,"master_deck":["Rebound","Rebound","Hello World","Beam Cell","Go for the Eyes","Auto Shields","Go for the Eyes","Heatsinks","FIFO Queue","FIFO Queue","Ball Lightning","Turbo","Self Repair","Rebound"],"relics":["Cracked Core","Unceasing Top","Darkstone Periapt","Shovel","Replay:Mystery Machine","Meat on the Bone"],"acts_visited":["Exordium"],"potions_floor_usage":[6],"damage_taken":[{"damage":5,"enemies":"2 Louse","floor":1,"turns":2},{"damage":4,"enemies":"Cultist","floor":4,"turns":3},{"damage":23,"enemies":"3 Sentries","floor":6,"turns":6}],"seed_played":"3253251269350397410","potions_obtained":[{"floor":4,"key":"LifebloodPotion"}],"is_trial":true,"path_per_floor":["M","?","?","M","$","E"],"character_chosen":"DEFECT","items_purchased":[],"campfire_rested":0,"item_purchase_floors":[],"current_hp_per_floor":[75,15,15,18,18,0,0],"gold":131,"neow_bonus":"","is_daily":false,"chose_seed":false,"campfire_upgraded":0,"win_rate":0.0,"timestamp":1608448230,"path_taken":["M","?","?","M","$","E"],"items_purchased_type":[],"build_version":"2020-12-13","purchased_purges":0,"victory":false,"max_hp_per_floor":[75,75,75,75,75,75,75],"relic_stats":{"Darkstone Periapt":0,"Shovel":0,"counters":[3,11],"obtain_stats":[{"Darkstone Periapt":1,"Shovel":2,"Replay:Mystery Machine":2,"Cracked Core":0,"Unceasing Top":0,"Meat on the Bone":4},{"Darkstone Periapt":1,"Shovel":1,"Replay:Mystery Machine":1,"Cracked Core":0,"Unceasing Top":0,"Meat on the Bone":2},{"Darkstone Periapt":2,"Shovel":2,"Replay:Mystery Machine":2,"Cracked Core":0,"Unceasing Top":0,"Meat on the Bone":5}],"Unceasing Top":[2],"Meat on the Bone":0},"card_choices":[{"not_picked":["Ball Lightning","Stack"],"picked":"Rebound","floor":0},{"not_picked":["Panic Button","Steam"],"picked":"Rebound","floor":0},{"not_picked":["Rip and Tear","Turbo"],"picked":"Beam Cell","floor":0},{"not_picked":["Redo","Darkness"],"picked":"Hello World","floor":0},{"not_picked":["Chill","Coolheaded"],"picked":"Beam Cell","floor":0},{"not_picked":["Sunder","Fusion"],"picked":"Go for the Eyes","floor":0},{"not_picked":["Doom and Gloom","Steam"],"picked":"Auto Shields","floor":0},{"not_picked":["Ball Lightning","Streamline"],"picked":"Go for the Eyes","floor":0},{"not_picked":["BasicCrystalCard","ReplayTheSpireMod:Reroute Power"],"picked":"Heatsinks","floor":0},{"not_picked":["Beam Cell","Scrape"],"picked":"FIFO Queue","floor":0},{"not_picked":["Consume","Doom and Gloom"],"picked":"FIFO Queue","floor":0},{"not_picked":["Panic Button","Fusion"],"picked":"Ball Lightning","floor":0},{"not_picked":["Conserve Battery","Compile Driver"],"picked":"Turbo","floor":0},{"not_picked":["Coolheaded","Blizzard"],"picked":"Self Repair","floor":0},{"not_picked":["BasicCrystalCard","Panic Button"],"picked":"Rebound","floor":0}],"player_experience":133466,"relics_obtained":[{"floor":1,"key":"Darkstone Periapt"},{"floor":4,"key":"Meat on the Bone"}],"event_choices":[{"damage_healed":0,"gold_gain":1,"player_choice":"Relic Relic ","damage_taken":60,"max_hp_gain":0,"max_hp_loss":0,"event_name":"betterThird:BetterScrap","floor":2,"gold_loss":0,"cards_obtained":["Whirlwind"]},{"cards_removed":["Beam Cell"],"damage_healed":0,"gold_gain":0,"player_choice":"Purged","damage_taken":0,"max_hp_gain":0,"max_hp_loss":0,"event_name":"Purifier","floor":3,"gold_loss":0}],"is_beta":false,"boss_relics":[],"items_purged_floors":[],"is_endless":true,"potions_floor_spawned":[4],"killed_by":"3 Sentries","ascension_level":4}}