{"host":"y76clbnovzmw9ubx","time":1608473207,"event":{"mods":["AchievementEnabler","BaseMod","Minty Spire (QoL Compilation)","Permanent Neow","Relic Stats"],"gold_per_floor":[110,110,122,132,149,149,149],"floor_reached":6,"playtime":433,"items_purged":[],"score":55,"play_id":"bcba376e-de40-41fc-8eb2-44341e812708","local_time":"20201220090647","is_ascension_mode":true,"campfire_choices":[],"circlet_count":0,"master_deck":["Strike_P","Strike_P","Strike_P","Defend_P","Defend_P","Defend_P","Defend_P","Eruption","Vigilance","CrushJoints","Meditate","Protect","FlurryOfBlows"],"relics":["PureWater","Dream Catcher"],"acts_visited":["Exordium"],"potions_floor_usage":[5],"damage_taken":[{"damage":12,"enemies":"2 Louse","floor":1,"turns":2},{"damage":1,"enemies":"Cultist","floor":3,"turns":4},{"damage":0,"enemies":"Small Slimes","floor":4,"turns":2},{"damage":48,"enemies":"Gremlin Gang","floor":5,"turns":12},{"damage":0,"enemies":"3 Sentries","floor":6,"turns":1}],"seed_played":"-7633144218970423996","potions_obtained":[{"floor":4,"key":"PowerPotion"},{"floor":5,"key":"StancePotion"}],"is_trial":false,"path_per_floor":["M","?","M","M","M","E"],"character_chosen":"WATCHER","items_purchased":[],"campfire_rested":0,"item_purchase_floors":[],"current_hp_per_floor":[53,53,52,52,4,4,4],"gold":149,"neow_bonus":"RANDOM_COMMON_RELIC","is_daily":false,"chose_seed":false,"campfire_upgraded":0,"win_rate":0.0,"timestamp":1608473207,"path_taken":["M","?","M","M","M","E"],"items_purchased_type":[],"build_version":"2020-12-13","purchased_purges":0,"victory":false,"max_hp_per_floor":[72,72,72,72,72,72,72],"relic_stats":{"Dream Catcher":0,"counters":[5,21],"obtain_stats":[{"Dream Catcher":0,"PureWater":0},{"Dream Catcher":0,"PureWater":0},{"Dream Catcher":0,"PureWater":0}]},"card_choices":[{"not_picked":["Indignation","EmptyFist"],"picked":"CrushJoints","floor":1},{"not_picked":["DeceiveReality","ThirdEye"],"picked":"Meditate","floor":3},{"not_picked":["PathToVictory","Nirvana"],"picked":"Protect","floor":4},{"not_picked":["FlyingSleeves","Weave"],"picked":"FlurryOfBlows","floor":5}],"player_experience":2923940,"relics_obtained":[],"event_choices":[{"cards_removed":["Strike_P"],"damage_healed":0,"gold_gain":0,"player_choice":"Offered Basic","damage_taken":0,"max_hp_gain":0,"max_hp_loss":0,"event_name":"Bonfire Elementals","floor":2,"gold_loss":0}],"is_beta":false,"boss_relics":[],"items_purged_floors":[],"is_endless":false,"potions_floor_spawned":[4,5],"killed_by":"3 Sentries","ascension_level":9}}