{"host":"27cnk69rbdk9vsnt","time":1608495531,"event":{"mods":["BaseMod","CatGirl Mod","Ekko","Energized Spire","JesterMod","Mimic Mod","Minty Spire (QoL Compilation)","Shade Mod","Shop Mod","StSLib","The Spell Scribe","Thieving Mod"],"gold_per_floor":[113,124,124,224,240,267,267,287,314,314,339,339,358,19,19,19,19],"floor_reached":16,"playtime":920,"items_purged":[],"score":110,"play_id":"45de107d-a108-458f-92a1-90e57cb25535","local_time":"20201220211851","is_ascension_mode":false,"campfire_choices":[{"floor":7,"key":"REST"},{"data":"jesterMod:Haste","floor":10,"key":"SMITH"},{"floor":12,"key":"REST"},{"floor":15,"key":"REST"}],"circlet_count":0,"master_deck":["jesterMod:Strike","jesterMod:Strike","jesterMod:Strike","jesterMod:Strike","jesterMod:Sickle","jesterMod:Defend","jesterMod:Defend","jesterMod:Defend","jesterMod:Dodge","jesterMod:Exasperation","jesterMod:Haste+1","jesterMod:Contradiction","jesterMod:DancingMad","jesterMod:LightTheWick","jesterMod:Tinker","jesterMod:ExperimentalTreatment","jesterMod:Prankster"],"relics":["jesterMod:JesterCap","Bag of Marbles","Orichalcum","Ancient Tea Set","Smiling Mask","Peace Pipe"],"acts_visited":["Exordium"],"potions_floor_usage":[11,11,16],"damage_taken":[{"damage":0,"enemies":"Cultist","floor":1,"turns":3},{"damage":6,"enemies":"Jaw Worm","floor":2,"turns":4},{"damage":0,"enemies":"Small Slimes","floor":5,"turns":2},{"damage":35,"enemies":"3 Sentries","floor":6,"turns":13},{"damage":3,"enemies":"2 Fungi Beasts","floor":8,"turns":4},{"damage":30,"enemies":"Lagavulin","floor":11,"turns":9},{"damage":3,"enemies":"Large Slime","floor":13,"turns":6},{"damage":51,"enemies":"The Guardian","floor":16,"turns":13}],"seed_played":"5867335621026523907","potions_obtained":[{"floor":1,"key":"GamblersBrew"},{"floor":6,"key":"Dexterity Potion"},{"floor":8,"key":"SteroidPotion"},{"floor":11,"key":"Energy Potion"}],"is_trial":false,"path_per_floor":["M","M","?","?","M","E","R","M","T","R","E","R","M","$","R","B"],"character_chosen":"THE_JESTER","items_purchased":["Peace Pipe","jesterMod:Prankster"],"campfire_rested":3,"item_purchase_floors":[14,14],"current_hp_per_floor":[70,64,57,57,57,22,43,40,40,40,10,31,28,28,49,0,0],"gold":19,"neow_bonus":"REMOVE_CARD","is_daily":false,"chose_seed":false,"campfire_upgraded":1,"win_rate":0.0,"timestamp":1608495531,"path_taken":["M","M","?","?","M","E","R","M","T","R","E","R","M","$","R","BOSS"],"items_purchased_type":["Relic","Card"],"build_version":"2020-12-13","purchased_purges":0,"victory":false,"max_hp_per_floor":[70,70,70,70,70,70,70,70,70,70,70,70,70,70,70,70,70],"card_choices":[{"not_picked":["jesterMod:DancingMad","jesterMod:ButterKnife"],"picked":"jesterMod:Exasperation","floor":1},{"not_picked":["jesterMod:SmokeScreen","jesterMod:Illness"],"picked":"jesterMod:Haste","floor":2},{"not_picked":["jesterMod:Anticipation","jesterMod:FlameDance"],"picked":"jesterMod:Contradiction","floor":5},{"not_picked":["jesterMod:Feint","jesterMod:Loot"],"picked":"jesterMod:DancingMad","floor":6},{"not_picked":["jesterMod:Hide","jesterMod:QuickStrike"],"picked":"jesterMod:LightTheWick","floor":8},{"not_picked":["jesterMod:DanceOfChaos","jesterMod:Arrythmia"],"picked":"jesterMod:Tinker","floor":11},{"not_picked":["jesterMod:Precipitation","jesterMod:Tinker"],"picked":"jesterMod:ExperimentalTreatment","floor":13}],"player_experience":473351,"relics_obtained":[{"floor":6,"key":"Orichalcum"},{"floor":9,"key":"Ancient Tea Set"},{"floor":11,"key":"Smiling Mask"}],"event_choices":[{"damage_healed":0,"gold_gain":0,"player_choice":"Success","damage_taken":7,"relics_obtained":["Bag of Marbles"],"max_hp_gain":0,"max_hp_loss":0,"event_name":"Scrap Ooze","floor":3,"gold_loss":0},{"damage_healed":0,"gold_gain":100,"player_choice":"Pray","damage_taken":0,"max_hp_gain":0,"max_hp_loss":0,"event_name":"Golden Shrine","floor":4,"gold_loss":0}],"is_beta":false,"boss_relics":[],"items_purged_floors":[],"is_endless":false,"potions_floor_spawned":[1,6,8,11],"killed_by":"The Guardian","ascension_level":0}}