{"host":"07ljfmttuzqopd7f","time":1608504709,"event":{"mods":["2.2 Compatiblity","BaseMod","Bestiary","Block Reminder","Colored Map","Colored Powertips","Curses Come First","Hermit","Minty Spire (QoL Compilation)","Quick Restart","Random Character Button","Rare Cards Sparkle","Relic Stats","StSLib","The Cursed","UnlockEverythingMod","everything is the same but u backflip on backflip"],"gold_per_floor":[115,129,147,12,12,12,42,42,119,129,163,181,197,214,214,319,319,319,319,319,319,106,106,106,106,106,106,56,56,56,56,56,56,56,56,56,56,56,56,56,56,56,56,56,56,56,56,56,56,56,56,56,56,56,56,56],"floor_reached":55,"playtime":2779,"items_purged":["hermit:Strike_Hermit"],"score":983,"play_id":"9495415a-f797-4c25-bc47-dab4ad7a1051","local_time":"20201220175149","is_ascension_mode":true,"campfire_choices":[{"data":"hermit:Combo","floor":6,"key":"SMITH"},{"floor":8,"key":"REST"},{"data":"hermit:CursedWeapon","floor":15,"key":"SMITH"},{"floor":24,"key":"REST"},{"floor":29,"key":"REST"},{"floor":32,"key":"REST"},{"floor":45,"key":"REST"},{"floor":49,"key":"RECALL"},{"data":"hermit:Strike_Hermit","floor":52,"key":"PURGE"}],"circlet_count":0,"master_deck":["hermit:Strike_Hermit","hermit:Defend_Hermit","hermit:Defend_Hermit","hermit:Defend_Hermit","hermit:Defend_Hermit","hermit:Snapshot","hermit:Covet","hermit:FlashPowder","hermit:Dive","hermit:WideOpen","hermit:Combo+1","hermit:LuckOfTheDraw","Pain","hermit:Glare","hermit:CursedWeapon+1","hermit:NoHoldsBarred","hermit:TrackingShot","hermit:Virtue","hermit:Headshot+1","hermit:Cheat","hermit:ShadowCloak","hermit:EyeOfTheStorm","hermit:BigShot+1","hermit:Adapt","hermit:GhostlyPresence","hermit:RoundhouseKick","hermit:GhostlyPresence","hermit:LoneWolf","Parasite","hermit:Adapt","hermit:Determination+1","hermit:Combo","hermit:FlashPowder+1","hermit:Dissolve"],"relics":["hermit:Momento","NeowsBlessing","WarpedTongs","Anchor","Mercury Hourglass","CaptainsWheel","Ectoplasm","Happy Flower","Letter Opener","Juzu Bracelet","Bottled Tornado","Fusion Hammer","Peace Pipe","Pen Nib","Strawberry","Question Card","Pocketwatch"],"acts_visited":["Exordium","TheCity","TheBeyond","TheEnding"],"potions_floor_usage":[11,11,14,55,55],"damage_taken":[{"damage":0,"enemies":"Cultist","floor":1,"turns":1},{"damage":0,"enemies":"2 Louse","floor":2,"turns":1},{"damage":0,"enemies":"Jaw Worm","floor":3,"turns":1},{"damage":27,"enemies":"Lagavulin","floor":7,"turns":5},{"damage":0,"enemies":"Exordium Wildlife","floor":10,"turns":3},{"damage":2,"enemies":"3 Sentries","floor":11,"turns":4},{"damage":2,"enemies":"Looter","floor":12,"turns":4},{"damage":2,"enemies":"Large Slime","floor":13,"turns":5},{"damage":9,"enemies":"Exordium Wildlife","floor":14,"turns":3},{"damage":18,"enemies":"The Guardian","floor":16,"turns":8},{"damage":2,"enemies":"Chosen","floor":18,"turns":5},{"damage":5,"enemies":"Spheric Guardian","floor":19,"turns":4},{"damage":5,"enemies":"Snake Plant","floor":20,"turns":2},{"damage":25,"enemies":"Book of Stabbing","floor":23,"turns":4},{"damage":7,"enemies":"Shelled Parasite and Fungi","floor":25,"turns":4},{"damage":8,"enemies":"Gremlin Leader","floor":27,"turns":4},{"damage":4,"enemies":"Cultist and Chosen","floor":30,"turns":2},{"damage":2,"enemies":"Centurion and Healer","floor":31,"turns":3},{"damage":38,"enemies":"Champ","floor":33,"turns":5},{"damage":2,"enemies":"Orb Walker","floor":35,"turns":2},{"damage":3,"enemies":"Mind Bloom Boss Battle","floor":37,"turns":3},{"damage":3,"enemies":"3 Shapes","floor":39,"turns":2},{"damage":0,"enemies":"Writhing Mass","floor":40,"turns":4},{"damage":17,"enemies":"Giant Head","floor":42,"turns":8},{"damage":2,"enemies":"Nemesis","floor":44,"turns":6},{"damage":28,"enemies":"Transient","floor":46,"turns":5},{"damage":2,"enemies":"Maw","floor":47,"turns":5},{"damage":7,"enemies":"Awakened One","floor":50,"turns":9},{"damage":51,"enemies":"Shield and Spear","floor":54,"turns":8},{"damage":46,"enemies":"The Heart","floor":55,"turns":2}],"seed_played":"2202977402168553471","potions_obtained":[{"floor":1,"key":"Explosive Potion"},{"floor":3,"key":"hermit:BlackBile"},{"floor":10,"key":"Fire Potion"},{"floor":11,"key":"Explosive Potion"},{"floor":14,"key":"SmokeBomb"},{"floor":18,"key":"SteroidPotion"},{"floor":27,"key":"CultistPotion"},{"floor":33,"key":"Regen Potion"}],"is_trial":false,"path_per_floor":["M","M","M","$","?","R","E","R","T","M","E","M","M","M","R","B",null,"M","M","M","?","$","E","R","M","T","E","?","R","M","M","R","B",null,"M","?","?","$","M","M","T","E","T","E","R","M","M","?","R","B",null,"R","$","E","B"],"character_chosen":"HERMIT","items_purchased":["hermit:Combo","hermit:LuckOfTheDraw","hermit:ShadowCloak","hermit:EyeOfTheStorm"],"campfire_rested":5,"item_purchase_floors":[4,4,22,22],"current_hp_per_floor":[68,68,68,68,68,68,41,63,63,63,61,59,57,48,48,30,64,62,57,52,52,52,27,49,42,42,34,34,56,52,50,72,34,65,63,63,60,60,57,57,57,40,47,45,69,41,39,72,72,65,70,70,70,19,0,0],"gold":56,"neow_bonus":"THREE_ENEMY_KILL","is_daily":false,"chose_seed":false,"campfire_upgraded":2,"win_rate":0.0,"timestamp":1608504709,"path_taken":["M","?","?","$","?","R","E","R","T","M","E","?","M","M","R","BOSS","M","M","?","?","$","E","R","M","T","E","?","R","M","M","R","BOSS","M","?","?","$","M","M","?","E","T","E","R","M","M","?","R","BOSS","R","$","E","BOSS"],"items_purchased_type":["Card","Card","Card","Card"],"build_version":"2020-12-13","purchased_purges":1,"victory":false,"max_hp_per_floor":[75,75,75,75,75,75,75,75,75,75,75,75,75,75,75,75,75,75,75,75,75,75,75,75,75,75,75,75,75,75,75,75,75,75,75,75,75,75,75,75,75,75,82,82,82,82,82,72,72,72,72,72,72,72,72,72],"relic_stats":{"Peace Pipe":2,"Happy Flower":[25],"counters":[30,122],"Ectoplasm":484,"Pen Nib":[9],"Juzu Bracelet":1,"Letter Opener":[234],"Question Card":3,"obtain_stats":[{"NeowsBlessing":0,"Happy Flower":21,"Pen Nib":42,"Juzu Bracelet":26,"Letter Opener":23,"Bottled Tornado":27,"Question Card":44,"WarpedTongs":5,"Mercury Hourglass":9,"Peace Pipe":37,"Anchor":7,"CaptainsWheel":11,"Strawberry":43,"Ectoplasm":17,"Fusion Hammer":34,"hermit:Momento":0,"Pocketwatch":54},{"NeowsBlessing":0,"Happy Flower":13,"Pen Nib":24,"Juzu Bracelet":15,"Letter Opener":14,"Bottled Tornado":16,"Question Card":25,"WarpedTongs":3,"Mercury Hourglass":4,"Peace Pipe":21,"Anchor":4,"CaptainsWheel":6,"Strawberry":24,"Ectoplasm":10,"Fusion Hammer":19,"hermit:Momento":0,"Pocketwatch":29},{"NeowsBlessing":0,"Happy Flower":46,"Pen Nib":87,"Juzu Bracelet":54,"Letter Opener":50,"Bottled Tornado":58,"Question Card":93,"WarpedTongs":3,"Mercury Hourglass":8,"Peace Pipe":73,"Anchor":8,"CaptainsWheel":15,"Strawberry":87,"Ectoplasm":35,"Fusion Hammer":68,"hermit:Momento":0,"Pocketwatch":120}],"WarpedTongs":[119],"Mercury Hourglass":[393],"Pocketwatch":[0]},"card_choices":[{"not_picked":["hermit:BodyArmor","hermit:Headshot"],"picked":"hermit:FlashPowder","floor":1},{"not_picked":["hermit:TrackingShot","hermit:Snipe"],"picked":"hermit:Dive","floor":2},{"not_picked":["hermit:Horror","hermit:Misfire"],"picked":"hermit:WideOpen","floor":3},{"not_picked":["hermit:Manifest","hermit:HighNoon","hermit:Horror"],"picked":"SKIP","floor":7},{"not_picked":["hermit:Feint","hermit:Vantage"],"picked":"hermit:Glare","floor":10},{"not_picked":["hermit:HighCaliber","hermit:SprayPray"],"picked":"hermit:CursedWeapon","floor":11},{"not_picked":["hermit:Ricochet","hermit:HighCaliber"],"picked":"hermit:NoHoldsBarred","floor":12},{"not_picked":["hermit:HoleUp","hermit:Quickdraw"],"picked":"hermit:TrackingShot","floor":13},{"not_picked":["hermit:Quickdraw","hermit:Misfire","hermit:Desperado"],"picked":"SKIP","floor":14},{"not_picked":["hermit:Midnight","hermit:Coalescence+1"],"picked":"hermit:Virtue","floor":18},{"not_picked":["hermit:WideOpen","hermit:Manifest"],"picked":"hermit:Headshot+1","floor":19},{"not_picked":["hermit:Snipe+1","hermit:Quickdraw"],"picked":"hermit:Cheat","floor":20},{"not_picked":["hermit:Quickdraw","hermit:ShadowCloak","hermit:Snipe"],"picked":"SKIP","floor":23},{"not_picked":["hermit:Manifest","hermit:Roulette"],"picked":"hermit:BigShot+1","floor":25},{"not_picked":["hermit:NoHoldsBarred","hermit:Feint","hermit:ItchyTrigger+1"],"picked":"SKIP","floor":27},{"not_picked":["hermit:Desperado+1","hermit:Ricochet"],"picked":"hermit:Adapt","floor":30},{"not_picked":["hermit:Ricochet","hermit:Snipe+1"],"picked":"hermit:GhostlyPresence","floor":31},{"not_picked":["hermit:HeroicBravado","hermit:Magnum"],"picked":"hermit:RoundhouseKick","floor":33},{"not_picked":["hermit:Misfire","hermit:Showdown","hermit:Ricochet"],"picked":"SKIP","floor":35},{"not_picked":["hermit:Scavenge+1","hermit:Dive"],"picked":"hermit:GhostlyPresence","floor":37},{"not_picked":["hermit:Enervate","hermit:Dive+1"],"picked":"hermit:LoneWolf","floor":39},{"not_picked":["hermit:Cheat","hermit:Glare+1","hermit:HighNoon"],"picked":"SKIP","floor":40},{"not_picked":["hermit:TrackingShot","hermit:WideOpen+1"],"picked":"hermit:Adapt","floor":42},{"not_picked":["hermit:Quickdraw+1","hermit:Manifest"],"picked":"hermit:Determination+1","floor":44},{"not_picked":["hermit:Spite","hermit:HoleUp","hermit:SprayPray+1"],"picked":"hermit:Combo","floor":46},{"not_picked":["hermit:Feint","hermit:Roulette+1","hermit:Manifest"],"picked":"hermit:FlashPowder+1","floor":47},{"not_picked":["hermit:DeadMansHand+1","hermit:BigShot","hermit:TakeCover"],"picked":"hermit:Dissolve","floor":54}],"player_experience":440464,"relics_obtained":[{"floor":7,"key":"Anchor"},{"floor":9,"key":"Mercury Hourglass"},{"floor":11,"key":"CaptainsWheel"},{"floor":23,"key":"Letter Opener"},{"floor":26,"key":"Juzu Bracelet"},{"floor":27,"key":"Bottled Tornado"},{"floor":37,"key":"Peace Pipe"},{"floor":42,"key":"Pen Nib"},{"floor":43,"key":"Strawberry"},{"floor":44,"key":"Question Card"},{"floor":54,"key":"Pocketwatch"}],"event_choices":[{"damage_healed":0,"gold_gain":0,"player_choice":"Rummage","damage_taken":0,"relics_obtained":["WarpedTongs"],"max_hp_gain":0,"max_hp_loss":0,"event_name":"Accursed Blacksmith","floor":5,"gold_loss":0,"cards_obtained":["Pain"]},{"damage_healed":0,"gold_gain":0,"player_choice":"Opened","damage_taken":0,"relics_obtained":["Happy Flower"],"max_hp_gain":0,"max_hp_loss":0,"event_name":"The Mausoleum","floor":21,"gold_loss":0},{"damage_healed":0,"gold_gain":0,"player_choice":"Bet on Murderer","damage_taken":0,"max_hp_gain":0,"max_hp_loss":0,"event_name":"The Joust","floor":28,"gold_loss":50},{"cards_removed":["hermit:Strike_Hermit"],"damage_healed":0,"gold_gain":0,"player_choice":"Removed Attack","damage_taken":0,"max_hp_gain":0,"max_hp_loss":0,"event_name":"Falling","floor":36,"gold_loss":0},{"damage_healed":0,"gold_gain":0,"player_choice":"Fight","damage_taken":0,"max_hp_gain":0,"max_hp_loss":0,"event_name":"MindBloom","floor":37,"gold_loss":0},{"damage_healed":72,"gold_gain":0,"player_choice":"Heal","damage_taken":0,"max_hp_gain":0,"max_hp_loss":10,"event_name":"The Moai Head","floor":48,"gold_loss":0}],"is_beta":false,"boss_relics":[{"not_picked":["Snecko Eye","SacredBark"],"picked":"Ectoplasm"},{"not_picked":["Busted Crown","Coffee Dripper"],"picked":"Fusion Hammer"}],"items_purged_floors":[22],"is_endless":false,"potions_floor_spawned":[1,3,10,11,14,18,27,33,37,39,44],"killed_by":"The Heart","ascension_level":6}}