{"host":"e1ezmaebp4k769tb","time":1608431990,"event":{"mods":["2.2 Compatiblity","AchievementEnabler","AlwaysNeverKeys","BaseMod","CapriCore","Card Filter","Colored Powertips","Curses Come First","DeckTracker","Friendly Minions","Hermit","Highlight Path","Keyboard Shortcuts","Minty Spire (QoL Compilation)","Permanent Neow","Quick Restart","Red Circlet Mod","Relic Filter","Replay The Spire","StSLib","WarShipGirlsR/??á´Ò³R mod"],"gold_per_floor":[113,125,50,50,61,92,92,118,170,193,205,237,249,271,283,395,407,429,356,368,400,431,443,465,477,489,501,612,638,661,688,700,712,712],"floor_reached":33,"playtime":1391,"items_purged":["rmod:strick"],"score":405,"play_id":"c09300a9-c47f-4e08-96ce-b3333536eb94","local_time":"20201220113950","is_ascension_mode":true,"campfire_choices":[{"data":"rmod:diamondstrike","floor":7,"key":"SMITH"},{"floor":13,"key":"REST"},{"floor":15,"key":"REST"},{"data":"rmod:maintain","floor":23,"key":"SMITH"},{"data":"rmod:diaomin","floor":25,"key":"SMITH"},{"data":"rmod:basicallowance","floor":27,"key":"SMITH"},{"data":"rmod:smokecover","floor":32,"key":"SMITH"}],"circlet_count":0,"master_deck":["AscendersBane","rmod:strick","rmod:strick","rmod:strick","rmod:defend","rmod:defend","rmod:defend","rmod:defend","rmod:basicallowance+1","rmod:maingunfire","rmod:diamondstrike+1","rmod:diaomin+1","rmod:openingtorpedo+1","rmod:stealaluminum","rmod:fletcherpendant","rmod:advancebysurprise","rmod:advancebysurprise","rmod:firesupport","rmod:supportescort","rmod:victimresponsibility","rmod:highspeedmaneuver","rmod:smokecover+1","rmod:ammunitionsupply+1","rmod:maintain+1","rmod:victimresponsibility+1","Hallucinations","rmod:steelsupply+1"],"relics":["rmod:firstchargereward","Replay:Wax Seal","Replay:Baseball","MawBank","Cursed Key","HornCleat","Simple Rune"],"acts_visited":["Exordium","TheCity"],"potions_floor_usage":[6,8,8,12,24,31,31],"damage_taken":[{"damage":0,"enemies":"Cultist","floor":1,"turns":3},{"damage":1,"enemies":"2 Louse","floor":2,"turns":2},{"damage":4,"enemies":"Jaw Worm","floor":5,"turns":3},{"damage":31,"enemies":"3 Sentries","floor":6,"turns":10},{"damage":19,"enemies":"Lagavulin","floor":8,"turns":4},{"damage":8,"enemies":"Red Slaver","floor":10,"turns":2},{"damage":0,"enemies":"Blue Slaver","floor":12,"turns":1},{"damage":6,"enemies":"Large Slime","floor":14,"turns":5},{"damage":24,"enemies":"Hexaghost","floor":16,"turns":8},{"damage":10,"enemies":"Shell Parasite","floor":18,"turns":3},{"damage":0,"enemies":"3 Byrds","floor":21,"turns":7},{"damage":2,"enemies":"Centurion and Healer","floor":22,"turns":6},{"damage":18,"enemies":"Snecko","floor":24,"turns":5},{"damage":17,"enemies":"Cultist and Chosen","floor":29,"turns":7},{"damage":9,"enemies":"Centurion and Healer","floor":30,"turns":6},{"damage":4,"enemies":"Snecko","floor":31,"turns":4},{"damage":31,"enemies":"Collector","floor":33,"turns":3}],"seed_played":"5996508281414115558","potions_obtained":[{"floor":1,"key":"PowerPotion"},{"floor":2,"key":"LiquidBronze"},{"floor":6,"key":"LifebloodPotion"},{"floor":10,"key":"Fire Potion"},{"floor":16,"key":"GamblersBrew"},{"floor":21,"key":"Reflective Coating"},{"floor":29,"key":"Elixir"},{"floor":30,"key":"Regen Potion"}],"is_trial":false,"path_per_floor":["M","M","$","?","M","E","R","E","T","M","$","M","R","M","R","B",null,"M","?","?","M","M","R","M","R","T","R","?","M","M","M","R","B"],"character_chosen":"PRAEFECT","items_purchased":[],"campfire_rested":2,"item_purchase_floors":[],"current_hp_per_floor":[68,67,67,67,63,32,32,13,13,5,5,5,27,21,43,19,61,51,51,51,51,49,49,31,31,31,31,31,14,5,13,13,0,0],"gold":712,"neow_bonus":"THREE_CARDS","is_daily":false,"chose_seed":false,"campfire_upgraded":5,"win_rate":0.0,"timestamp":1608431990,"path_taken":["M","M","?","?","?","E","R","E","T","M","$","M","R","M","R","BOSS","M","?","?","M","?","R","M","R","T","R","?","M","M","M","R","BOSS"],"items_purchased_type":[],"build_version":"2020-12-13","purchased_purges":1,"victory":false,"max_hp_per_floor":[75,75,75,75,75,75,75,75,75,75,75,75,75,75,75,75,75,75,75,75,75,75,75,75,75,75,75,75,75,75,75,75,75,75],"card_choices":[{"not_picked":["rmod:slowdown","rmod:victimresponsibility"],"picked":"rmod:diamondstrike","floor":0},{"not_picked":["rmod:intelligenceanalysis","rmod:royalracing"],"picked":"rmod:diaomin","floor":1},{"not_picked":["rmod:diamondstrike","rmod:luckystar"],"picked":"rmod:openingtorpedo","floor":2},{"not_picked":["rmod:wife","rmod:lonelyqueen"],"picked":"rmod:fletcherpendant","floor":5},{"not_picked":["rmod:supportescort","rmod:aluminumsupply"],"picked":"rmod:advancebysurprise","floor":6},{"not_picked":["rmod:windflower","rmod:luckystar"],"picked":"rmod:advancebysurprise","floor":8},{"not_picked":["rmod:heivgo","rmod:gendarmerie"],"picked":"rmod:firesupport","floor":10},{"not_picked":["rmod:capitalist","rmod:rockthrower"],"picked":"rmod:supportescort","floor":12},{"not_picked":["rmod:heivgo","rmod:supportescort"],"picked":"rmod:victimresponsibility","floor":14},{"not_picked":["rmod:acesubmarine","rmod:saltedfish"],"picked":"rmod:highspeedmaneuver","floor":16},{"not_picked":["rmod:diamondstrike","rmod:ring+1"],"picked":"rmod:smokecover","floor":18},{"not_picked":["rmod:circuitoustactics","rmod:aggressivemary+1"],"picked":"rmod:ammunitionsupply+1","floor":21},{"not_picked":["rmod:chargemoney+1","rmod:combined"],"picked":"rmod:maintain","floor":22},{"not_picked":["rmod:capitalist","rmod:fuelsupply"],"picked":"rmod:victimresponsibility+1","floor":24},{"not_picked":["rmod:diaomin","rmod:wife"],"picked":"rmod:steelsupply+1","floor":29},{"not_picked":["rmod:garrisonisland","rmod:intelligenceanalysis","rmod:firesupport"],"picked":"SKIP","floor":30},{"not_picked":["rmod:steelsupply+1","rmod:mineteam","rmod:fuelsupply"],"picked":"SKIP","floor":31}],"player_experience":116627,"relics_obtained":[{"floor":6,"key":"Replay:Wax Seal"},{"floor":8,"key":"Replay:Baseball"},{"floor":9,"key":"MawBank"},{"floor":26,"key":"Simple Rune"}],"event_choices":[{"damage_healed":0,"gold_gain":0,"player_choice":"1 cards matched","damage_taken":0,"max_hp_gain":0,"max_hp_loss":0,"event_name":"Match and Keep!","floor":4,"gold_loss":0,"cards_obtained":["rmod:stealaluminum"]},{"damage_healed":0,"gold_gain":0,"player_choice":"Obtained Relic","damage_taken":0,"relics_obtained":["HornCleat"],"max_hp_gain":0,"max_hp_loss":0,"event_name":"Addict","floor":19,"gold_loss":85},{"damage_healed":0,"gold_gain":0,"player_choice":"Forge","damage_taken":0,"max_hp_gain":0,"max_hp_loss":0,"event_name":"Accursed Blacksmith","floor":20,"gold_loss":0,"cards_upgraded":["rmod:openingtorpedo"]},{"damage_healed":0,"gold_gain":99,"player_choice":"Stole From Cult","damage_taken":0,"max_hp_gain":0,"max_hp_loss":0,"event_name":"Nest","floor":28,"gold_loss":0}],"is_beta":false,"boss_relics":[{"not_picked":["Replay:Ancient Bell","Busted Crown"],"picked":"Cursed Key"}],"items_purged_floors":[3],"is_endless":false,"potions_floor_spawned":[1,2,6,10,16,21,22,29,30],"killed_by":"Collector","ascension_level":11}}