{"host":"nk1hwk2qadwaubm5","time":1608481770,"event":{"mods":["BaseMod","Hermit","Infinite Spire","Marisa????????","Minty Spire (QoL Compilation)","Replay The Spire","StSLib","The Animator","The Cursed","The Jungle","The Servant 0.9.4"],"gold_per_floor":[112,112,33,46,13,45,45,76,76,76,95,129,140,157,157,260,260,278,278,296,309,124,155,167,193,278,323,351,374,386,412,424,541,553,576,142,197,197,214,214,231,231,303,303,636,636,636,652,652,652],"floor_reached":51,"playtime":4166,"items_purged":["Defend_R"],"score":872,"play_id":"ae305fc1-de65-4afe-8c55-7e86c4f7bc56","local_time":"20201220172930","is_ascension_mode":true,"campfire_choices":[{"data":"Inflame","floor":7,"key":"SMITH"},{"data":"Perfected Strike","floor":15,"key":"SMITH"},{"data":"Whirlwind","floor":32,"key":"SMITH"},{"data":"Iron Wave","floor":40,"key":"SMITH"},{"floor":44,"key":"REST"},{"data":"Demonic Infusion","floor":47,"key":"SMITH"},{"data":"Iron Wave","floor":49,"key":"SMITH"}],"circlet_count":0,"master_deck":["Strike_R","Strike_R","Strike_R","Strike_R","Strike_R","Defend_R","Defend_R","Bash","Reaper","Shrug It Off","Inflame+1","Iron Wave+1","Twin Strike","Perfected Strike+1","Whirlwind+1","Demonic Infusion+1","AbeCurse","Sword Boomerang","ReplayTheSpireMod:Stacked","Thunderclap+1","Iron Wave+1","Perfected Strike+1","Shrug It Off","Inflame+1","Iron Wave","Replay:Sssssssssshield+1","Armaments+1","Pommel Strike","Impervious+1"],"relics":["Burning Blood","NeowsBlessing","Ornamental Fan","Ancient Tea Set","Pen Nib","Darkstone Periapt","Counterbalance","Replay:Grab Bag","Abe\u0027s Treasure","Sozu","Runic Pyramid","SlaversCollar","theJungle:Creamberry","MealTicket","MawBank","infinitespire:FocusingShard","Mirror","Velvet Choker","BargainBundle","InkBottle","Toy Ornithopter","Gremlin Horn","Old Coin"],"acts_visited":["Exordium","Exordium","TheBeyond"],"potions_floor_usage":[16],"damage_taken":[{"damage":0,"enemies":"Small Slimes","floor":1,"turns":1},{"damage":0,"enemies":"Cultist","floor":4,"turns":1},{"damage":0,"enemies":"Gremlin Nob","floor":6,"turns":1},{"damage":8,"enemies":"Replay:BlueRogue","floor":8,"turns":6},{"damage":6,"enemies":"Jaw Worm","floor":11,"turns":2},{"damage":20,"enemies":"Gremlin Nob","floor":12,"turns":4},{"damage":5,"enemies":"Looter","floor":13,"turns":3},{"damage":5,"enemies":"3 Louse","floor":14,"turns":3},{"damage":0,"enemies":"Slime Boss","floor":16,"turns":5},{"damage":9,"enemies":"theJungle:GiantWrat","floor":18,"turns":5},{"damage":1,"enemies":"theJungle:5_Spyders","floor":20,"turns":7},{"damage":33,"enemies":"theJungle:Lyon","floor":21,"turns":5},{"damage":22,"enemies":"theJungle:2_Phrogs","floor":23,"turns":7},{"damage":18,"enemies":"theJungle:Snecko_Cultist_And_Trap","floor":24,"turns":5},{"damage":7,"enemies":"theJungle:Cassacara","floor":25,"turns":5},{"damage":0,"enemies":"theJungle:MamaSnecko","floor":27,"turns":3},{"damage":11,"enemies":"theJungle:SlimyTreeVines","floor":28,"turns":4},{"damage":22,"enemies":"theJungle:2_Flameangoes","floor":29,"turns":4},{"damage":0,"enemies":"theJungle:Lyon","floor":31,"turns":4},{"damage":46,"enemies":"theJungle:TotemBoss","floor":33,"turns":7},{"damage":6,"enemies":"Orb Walker","floor":35,"turns":3},{"damage":39,"enemies":"3 Darklings","floor":39,"turns":4},{"damage":12,"enemies":"Writhing Mass","floor":41,"turns":4},{"damage":3,"enemies":"R_Hoarder","floor":45,"turns":4},{"damage":0,"enemies":"Transient","floor":48,"turns":5},{"damage":5,"enemies":"Donu and Deca","floor":50,"turns":9}],"seed_played":"-4695923449491886853","potions_obtained":[{"floor":4,"key":"FairyPotion"},{"floor":8,"key":"Energy Potion"},{"floor":12,"key":"BlessingOfTheForge"},{"floor":13,"key":"ColorlessPotion"}],"is_trial":false,"path_per_floor":["M","?","$","M","$","E","R","E","T","?","M","E","M","M","R","B",null,"M","?","M","M","?","E","M","E","T","E","M","M","?","M","R","B",null,"M","$","?","?","M","R","M","?","T","R","E","?","R","M","R","B",null],"character_chosen":"IRONCLAD","items_purchased":["Reaper","Inflame","BargainBundle","InkBottle","Iron Wave"],"campfire_rested":1,"item_purchase_floors":[3,5,36,36,36],"current_hp_per_floor":[80,80,80,80,80,80,80,78,78,78,78,64,65,74,74,80,86,83,73,82,65,65,49,45,64,64,86,81,65,86,86,86,58,86,86,86,65,65,32,32,26,26,26,51,64,64,64,86,86,86],"gold":652,"neow_bonus":"THREE_ENEMY_KILL","is_daily":false,"chose_seed":false,"campfire_upgraded":6,"win_rate":0.0,"timestamp":1608481770,"path_taken":["M","?","$","M","$","E","R","E","T","?","M","E","?","M","R","BOSS","M","?","M","M","?","E","M","E","T","E","M","M","?","?","R","BOSS","M","$","?","?","M","R","M","?","T","R","E","?","R","?","R","BOSS"],"items_purchased_type":["Card","Card","Relic","Relic","Card"],"build_version":"2020-12-13","purchased_purges":1,"victory":true,"max_hp_per_floor":[80,80,80,80,80,80,80,80,80,80,80,80,80,80,80,80,86,86,86,86,86,86,86,86,86,86,86,86,86,86,86,86,86,86,86,86,86,86,86,86,86,86,86,86,86,86,86,86,86,86],"card_choices":[{"not_picked":["Dropkick","Intimidate","ReplayReversal"],"picked":"SKIP","floor":1},{"not_picked":["Twin Strike","Abandon"],"picked":"Shrug It Off","floor":4},{"not_picked":["Burning Pact","Rage"],"picked":"Iron Wave","floor":6},{"not_picked":["Iron Wave","ReplayTheSpireMod:Strike From Hell"],"picked":"Twin Strike","floor":8},{"not_picked":["Battle Trance","Pommel Strike"],"picked":"Perfected Strike","floor":11},{"not_picked":["Demonic Infusion","True Grit"],"picked":"Whirlwind","floor":12},{"not_picked":["Flex","Dropkick","Intimidate"],"picked":"SKIP","floor":13},{"not_picked":["Flex","Headbutt","Run Through"],"picked":"SKIP","floor":14},{"not_picked":["Brutality","Reaper"],"picked":"Demonic Infusion","floor":16},{"not_picked":["Body Slam","Cleave"],"picked":"Sword Boomerang","floor":18},{"not_picked":["True Grit","Run Through","Clash"],"picked":"SKIP","floor":20},{"not_picked":["Shockwave","True Grit+1"],"picked":"ReplayTheSpireMod:Stacked","floor":21},{"not_picked":["Reaper+1","Disarm+1"],"picked":"Thunderclap+1","floor":23},{"not_picked":["Replay:Undeath\u0027s Touch+1","Clothesline"],"picked":"Iron Wave","floor":24},{"not_picked":["Anger","Spot Weakness+1"],"picked":"Perfected Strike+1","floor":25},{"not_picked":["ReplayTheSpireMod:LeadingStrike+1","Replay:Undeath\u0027s Touch","Carnage+1"],"picked":"SKIP","floor":27},{"not_picked":["Iron Wave","Massacre+1"],"picked":"Shrug It Off","floor":28},{"not_picked":["Replay:Undeath\u0027s Touch+1","Perfected Strike","Run Through"],"picked":"SKIP","floor":29},{"not_picked":["Infernal Blade+1","Flex","True Grit+1"],"picked":"SKIP","floor":31},{"not_picked":["Iron Wave+1","Rupture+1"],"picked":"Inflame+1","floor":35},{"not_picked":["Impatience+1","Deep Breath+1"],"picked":"Replay:Sssssssssshield+1","floor":38},{"not_picked":["Pommel Strike+1","Corruption+1"],"picked":"Armaments+1","floor":39},{"not_picked":["Iron Wave","Thunderclap+1"],"picked":"Pommel Strike","floor":41},{"not_picked":["Armaments+1","Body Slam"],"picked":"Impervious+1","floor":45},{"not_picked":["Intimidate+1","Clash","ReplayTheSpireMod:LeadingStrike+1"],"picked":"SKIP","floor":48}],"player_experience":210056,"relics_obtained":[{"floor":2,"key":"Ornamental Fan"},{"floor":6,"key":"Ancient Tea Set"},{"floor":8,"key":"Pen Nib"},{"floor":9,"key":"Darkstone Periapt"},{"floor":12,"key":"Counterbalance"},{"floor":23,"key":"MealTicket"},{"floor":25,"key":"MawBank"},{"floor":26,"key":"infinitespire:FocusingShard"},{"floor":27,"key":"Mirror"},{"floor":37,"key":"Toy Ornithopter"},{"floor":43,"key":"Gremlin Horn"},{"floor":45,"key":"Old Coin"}],"event_choices":[{"damage_healed":0,"gold_gain":0,"player_choice":"Bought 0 Potions","damage_taken":0,"max_hp_gain":0,"max_hp_loss":0,"event_name":"The Woman in Blue","floor":10,"gold_loss":0},{"damage_healed":21,"gold_gain":0,"player_choice":"Full Heal","damage_taken":0,"max_hp_gain":0,"max_hp_loss":0,"event_name":"Wheel of Change","floor":30,"gold_loss":0},{"damage_healed":0,"gold_gain":0,"player_choice":"Memory 1","damage_taken":0,"max_hp_gain":0,"max_hp_loss":0,"event_name":"SensoryStone","floor":38,"gold_loss":0},{"damage_healed":0,"gold_gain":0,"player_choice":"Got Potions","damage_taken":0,"max_hp_gain":0,"max_hp_loss":0,"event_name":"Lab","floor":46,"gold_loss":0}],"is_beta":false,"boss_relics":[{"not_picked":["infinitespire:Cupcake","Kintsugi"],"picked":"Replay:Grab Bag"},{"not_picked":["Mark of Pain","Replay:Fungal Core"],"picked":"Abe\u0027s Treasure"},{"not_picked":["ReplayTheSpireMod:Onyx Gauntlets","Replay:Wanted Poster"],"picked":"Sozu"},{"not_picked":["Ring of Chaos","Empty Cage"],"picked":"Runic Pyramid"},{"not_picked":["Black Blood","Replay:Drink Me"],"picked":"SlaversCollar"},{"not_picked":["Runic Dome","Electric Blood"],"picked":"Velvet Choker"}],"items_purged_floors":[36],"is_endless":false,"potions_floor_spawned":[4,8,12,13,14,18,20,25,29,33,45,48],"ascension_level":1}}