{"host":"hfvpa4llnnjpeawn","time":1608451671,"event":{"mods":["2.2 Compatiblity","AchievementEnabler","Act Like it!","Aspiration","Bard","BaseMod","Beaked The Cultist","Better Sensory Stone","Better Skull","Better Third Choice","BetterRewards","CapriCore","Conspire","Downfall","Elementarium","Energized Spire","Hermit","Hubris","Jorbs\u0027s Wanderer Trilogy","Koishi","Lobotomy","LobotomyExtend","Minty Spire (QoL Compilation)","Replay The Spire","Shade Mod","Spicy Shops","StSLib","The Bladedancer","The Factory","The Gatherer","The Jungle","Waifu the Spire","Wandering Minibosses"],"gold_per_floor":[278,244,257,269,285,310,310,310,310,310],"floor_reached":8,"playtime":805,"items_purged":[],"score":61,"play_id":"75b2b270-24c3-4ac7-b409-455757c18bb7","local_time":"20201220030751","is_ascension_mode":true,"metric_token":2129,"campfire_choices":[{"floor":7,"key":"REST"}],"circlet_count":0,"master_deck":["Gatherer:Strike_Gatherer","Gatherer:Strike_Gatherer","Gatherer:Strike_Gatherer","Gatherer:Strike_Gatherer","Gatherer:Strike_Gatherer","Gatherer:Defend_Gatherer","Gatherer:Defend_Gatherer","Gatherer:Defend_Gatherer","Gatherer:Defend_Gatherer","Gatherer:Defend_Gatherer","Gatherer:Centralize","Gatherer:FlowerWhip","SpiderBud","Gatherer:EnergyBasket","BeautyBeast","Gatherer:Convert","CrumblingArmor","Gatherer:GlowingPlant","Gatherer:Shadow","Gatherer:Light","Woodsman","Gatherer:VenomBarrier","MeatLantern","Gatherer:Enchant","Gatherer:PoisonMastery"],"relics":["Gatherer:AlchemyBag","CogitoBucket","LetterFromLob","betterThird:SlimedRelic","Dream Catcher"],"acts_visited":["Exordium"],"potions_floor_usage":[5,6],"damage_taken":[{"damage":2,"enemies":"Small Slimes","floor":1,"turns":3},{"damage":3,"enemies":"Jaw Worm","floor":3,"turns":6},{"damage":0,"enemies":"Cultist","floor":4,"turns":4},{"damage":21,"enemies":"Red Slaver","floor":5,"turns":4},{"damage":17,"enemies":"Lagavulin","floor":6,"turns":5},{"damage":48,"enemies":"3 Sentries","floor":8,"turns":2}],"seed_played":"-1075157376843971939","potions_obtained":[{"floor":3,"key":"LifebloodPotion"},{"floor":5,"key":"FearPotion"},{"floor":6,"key":"Milkshake"}],"is_trial":false,"path_per_floor":["M","?","M","M","M","E","R","E"],"character_chosen":"THE_GATHERER","items_purchased":[],"campfire_rested":1,"item_purchase_floors":[],"current_hp_per_floor":[70,59,56,56,35,24,45,0,0,0],"gold":310,"neow_bonus":"","is_daily":false,"chose_seed":false,"campfire_upgraded":0,"win_rate":0.0,"timestamp":1608451671,"path_taken":["M","?","M","M","M","E","R","E"],"items_purchased_type":[],"build_version":"2020-12-13","purchased_purges":0,"victory":false,"max_hp_per_floor":[72,72,72,72,72,72,72,72,72,72],"card_choices":[{"not_picked":["OldLady","HeroicMonk"],"picked":"SpiderBud","floor":1},{"not_picked":["Gatherer:OddSpoils","Gatherer:CollectorsShot"],"picked":"Gatherer:EnergyBasket","floor":1},{"not_picked":["FairyFestival","Murderer","BeautyBeast"],"picked":"Singing Bowl","floor":3},{"not_picked":["ShyLook","Murderer"],"picked":"BeautyBeast","floor":3},{"not_picked":["Gatherer:QuickSynthesis","Gatherer:FlowerPower"],"picked":"Gatherer:Convert","floor":3},{"not_picked":["Wellcheers","WallGazer"],"picked":"CrumblingArmor","floor":4},{"not_picked":["Gatherer:FruitForce","Gatherer:Frenzy"],"picked":"Gatherer:GlowingPlant","floor":4},{"not_picked":["OldLady","FairyFestival","ShyLook"],"picked":"Singing Bowl","floor":5},{"not_picked":["MHz","RedShoes"],"picked":"Woodsman","floor":5},{"not_picked":["Gatherer:UpgradeBag","Gatherer:Pollute"],"picked":"Gatherer:VenomBarrier","floor":5},{"not_picked":["PunishingBird","Wellcheers"],"picked":"MeatLantern","floor":6},{"not_picked":["Gatherer:TacticalStrike","Gatherer:TreeGrowth"],"picked":"Gatherer:Enchant","floor":6},{"not_picked":["Gatherer:AlchemyTrial","Gatherer:TacticalStrike"],"picked":"Gatherer:PoisonMastery","floor":7}],"player_experience":284202,"relics_obtained":[{"floor":1,"key":"LetterFromLob"},{"floor":6,"key":"Dream Catcher"}],"event_choices":[{"damage_healed":0,"gold_gain":0,"player_choice":"Slimed","damage_taken":11,"max_hp_gain":0,"max_hp_loss":0,"event_name":"betterThird:BetterGoop","floor":2,"gold_loss":34}],"is_beta":false,"boss_relics":[],"items_purged_floors":[],"is_endless":false,"potions_floor_spawned":[3,5,6],"killed_by":"3 Sentries","ascension_level":1}}