{"host":"eil9x6nly2al6731","time":1608453351,"event":{"mods":["Aspiration","BaseMod","Better Third Choice","Colored Powertips","Conspire","Energized Spire","Friendly Minions","Halation","Hubris","Infinite Spire","Minty Spire (QoL Compilation)","Random Character Button","Replay The Spire","Robot Space Explorer","Shop Mod","StSLib","The Druid","The Factory","The Jungle","The Mystic","The Servant 0.9.4","TheBandit"],"gold_per_floor":[110,110,126,126,141,169,169,180,256,406,426,131,145,145,145,223,223,234,207,207,207,207,207],"floor_reached":22,"playtime":574,"items_purged":["Doubt"],"score":372,"play_id":"45ca65c6-2df0-4d72-b59e-be7cd8a6fd1d","local_time":"20201220163551","is_ascension_mode":true,"campfire_choices":[{"floor":7,"key":"REST"},{"floor":15,"key":"REST"}],"circlet_count":0,"master_deck":["AscendersBane","Strike_B","Strike_B","Strike_B","Defend_B","Defend_B","Defend_B","Defend_B","Zap+1","Dualcast","Steam","Reinforced Body","Coolheaded","Cold Snap","Compile Driver","Cold Snap","Feed","Barrage","Sweeping Beam"],"relics":["Cracked Core","NeowsBlessing","Ginger","hubris:DisguiseKit","aspiration:EnhancedActuators","Black Star","hubris:Towel","Blood Vial"],"acts_visited":["Exordium","TheCity"],"potions_floor_usage":[6,16,16],"damage_taken":[{"damage":0,"enemies":"2 Louse","floor":1,"turns":1},{"damage":0,"enemies":"Cultist","floor":3,"turns":1},{"damage":0,"enemies":"Small Slimes","floor":5,"turns":1},{"damage":36,"enemies":"3 Sentries","floor":6,"turns":8},{"damage":18,"enemies":"Exordium Thugs","floor":8,"turns":5},{"damage":1,"enemies":"Red Slaver","floor":11,"turns":4},{"damage":0,"enemies":"2 Fungi Beasts","floor":13,"turns":4},{"damage":38,"enemies":"Slime Boss","floor":16,"turns":13},{"damage":10,"enemies":"Chosen","floor":18,"turns":5},{"damage":30,"enemies":"2 Thieves","floor":19,"turns":4},{"damage":20,"enemies":"Centurion and Healer","floor":22,"turns":7}],"seed_played":"4251625345411390505","potions_obtained":[{"floor":3,"key":"Strength Potion"},{"floor":4,"key":"LiquidBronze"},{"floor":8,"key":"PowerPotion"},{"floor":19,"key":"ColorlessPotion"}],"is_trial":false,"path_per_floor":["M","?","M","?","M","E","R","M","T","?","M","$","M","?","R","B",null,"M","M","?","T","M"],"character_chosen":"DEFECT","items_purchased":["aspiration:EnhancedActuators","Compile Driver"],"campfire_rested":2,"item_purchase_floors":[12,12],"current_hp_per_floor":[64,64,64,64,64,28,49,31,31,31,30,30,30,23,44,6,55,48,18,18,18,0,0],"gold":207,"neow_bonus":"THREE_ENEMY_KILL","is_daily":false,"chose_seed":false,"campfire_upgraded":0,"win_rate":0.0,"timestamp":1608453351,"path_taken":["M","?","M","?","?","E","R","M","T","?","M","?","M","?","R","BOSS","M","M","?","?","M"],"items_purchased_type":["Relic","Card"],"build_version":"2020-12-13","purchased_purges":1,"victory":false,"max_hp_per_floor":[71,71,71,71,71,71,71,71,71,71,71,71,71,71,71,71,71,74,74,74,74,74,74],"card_choices":[{"not_picked":["Rebound","Gash"],"picked":"Steam","floor":1},{"not_picked":["Barrage","Beam Cell"],"picked":"Reinforced Body","floor":3},{"not_picked":["Beam Cell","Streamline","Leap"],"picked":"SKIP","floor":5},{"not_picked":["Static Discharge","Fusion"],"picked":"Coolheaded","floor":6},{"not_picked":["Fusion","Skim","Streamline"],"picked":"SKIP","floor":8},{"not_picked":["Consume","conspire:SharedLibrary","Flex"],"picked":"Cold Snap","floor":11},{"not_picked":["Ball Lightning","Amplify","Clash"],"picked":"Cold Snap","floor":13},{"not_picked":["Mirror Shield","Hyperbeam","ReplayTheSpireMod:Fabricate Wheel"],"picked":"Feed","floor":16},{"not_picked":["BasicCrystalCard","Coolheaded","ReplayTheSpireMod:Strike From Hell"],"picked":"Barrage","floor":18},{"not_picked":["FTL","Rebound","Immolate"],"picked":"Sweeping Beam","floor":19}],"player_experience":1458992,"relics_obtained":[{"floor":6,"key":"Ginger"},{"floor":9,"key":"hubris:DisguiseKit"},{"floor":21,"key":"Blood Vial"}],"event_choices":[{"damage_healed":0,"gold_gain":0,"player_choice":"Got Potions","damage_taken":0,"max_hp_gain":0,"max_hp_loss":0,"event_name":"Lab","floor":4,"gold_loss":0},{"damage_healed":0,"gold_gain":150,"player_choice":"AGREE","damage_taken":256,"max_hp_gain":0,"max_hp_loss":0,"event_name":"betterThird:BetterSerpent","floor":10,"gold_loss":0},{"cards_removed":["Strike_B"],"damage_healed":0,"gold_gain":0,"player_choice":"Card Removal","damage_taken":7,"max_hp_gain":0,"max_hp_loss":0,"event_name":"Golden Wing","floor":14,"gold_loss":0}],"is_beta":false,"boss_relics":[{"not_picked":["aspiration:FutureDiary","Runic Pyramid"],"picked":"Black Star"}],"items_purged_floors":[12],"is_endless":false,"potions_floor_spawned":[3,8,11,19],"killed_by":"Centurion and Healer","ascension_level":20}}