{"host":"l4li6saph8sy2zni","time":1608462734,"event":{"mods":["AchievementEnabler","Aspiration","BaseMod","BetterRewards","CCEM","Colored Map","Colored Powertips","Conspire","Downfall","Energized Spire","GifTheSpireLib","Highlight Path","Hubris","Infinite Spire","Mimic Mod","Minty Spire (QoL Compilation)","Permanent Neow","Quick Restart","Relic Filter","Replay The Spire","Shop Mod","StSLib","Stuff the Spire","The Hierophant"],"gold_per_floor":[99,199,209,209,224,274,301,315,315,334,334,334,324,352,376,356,356],"floor_reached":16,"playtime":784,"items_purged":[],"score":100,"play_id":"b2c62383-949a-4c95-82cc-d8e811612e3d","local_time":"20201220111214","is_ascension_mode":false,"campfire_choices":[{"data":"hierophant:Anathema","floor":1,"key":"SMITH"},{"data":"hierophant:Blessing","floor":4,"key":"SMITH"},{"data":"hierophant:Punish","floor":9,"key":"SMITH"}],"circlet_count":0,"master_deck":["hierophant:Strike_Hierophant","hierophant:Strike_Hierophant","hierophant:Strike_Hierophant","hierophant:Strike_Hierophant","hierophant:Punish+1","hierophant:Defend_Hierophant","hierophant:Defend_Hierophant","hierophant:Defend_Hierophant","hierophant:Defend_Hierophant","hierophant:ChurchCoffers","hierophant:Anathema+1","hierophant:Blessing+1","hierophant:OrnateJavelin","Sickly","hierophant:Encroach","hierophant:Purify","Injury","hierophant:OrnateJavelin+1","Shame","hierophant:FaithHealing","hierophant:Blessing"],"relics":["hierophant:PropheticMaskRelic","Ring of Greed","MealTicket","Membership Card","Ring of Hypnosis","StuffTheSpire:GrapeVine","Pen Nib","Molten Egg 2","hubris:OldNail"],"acts_visited":["Exordium"],"potions_floor_usage":[16,16,16,16,16],"damage_taken":[{"damage":6,"enemies":"Jaw Worm","floor":3,"turns":3},{"damage":15,"enemies":"Cultist","floor":5,"turns":4},{"damage":2,"enemies":"Small Slimes","floor":8,"turns":3},{"damage":61,"enemies":"Lagavulin","floor":10,"turns":7},{"damage":4,"enemies":"2 Fungi Beasts","floor":13,"turns":7},{"damage":14,"enemies":"2 Fungi Beasts","floor":14,"turns":4},{"damage":20,"enemies":"Exordium Wildlife","floor":15,"turns":4},{"damage":32,"enemies":"downfall:Silent","floor":16,"turns":7}],"seed_played":"-8659690083440896027","potions_obtained":[{"floor":8,"key":"Dexterity Potion"},{"floor":15,"key":"EntropicBrew"}],"is_trial":false,"path_per_floor":["R","?","M","R","M","?","T","M","R","E","?","?","MIM","M","M","B"],"character_chosen":"HIEROPHANT","items_purchased":[],"campfire_rested":0,"item_purchase_floors":[],"current_hp_per_floor":[75,75,69,69,60,60,60,68,68,17,17,32,38,24,14,0,0],"gold":356,"neow_bonus":"ONE_RANDOM_RARE_CARD","is_daily":false,"chose_seed":false,"campfire_upgraded":3,"win_rate":0.0,"timestamp":1608462734,"path_taken":["R","?","?","R","M","?","T","M","R","E","?","?","?","?","M","BOSS"],"items_purchased_type":[],"build_version":"2020-12-13","purchased_purges":0,"victory":false,"max_hp_per_floor":[75,75,75,75,75,75,75,75,75,75,75,75,75,75,75,75,75],"card_choices":[{"not_picked":["hierophant:SealAway","hierophant:Remorse"],"picked":"hierophant:Blessing","floor":3},{"not_picked":["hierophant:Doubloon","hierophant:Upheaval"],"picked":"hierophant:OrnateJavelin","floor":5},{"not_picked":["hierophant:EyeForCoin","hierophant:Charity"],"picked":"hierophant:Encroach","floor":8},{"not_picked":["hierophant:Refuge","hierophant:EyeForCoin"],"picked":"hierophant:Purify","floor":10},{"not_picked":["hierophant:TollTheBells","hierophant:Prophecy"],"picked":"hierophant:OrnateJavelin+1","floor":13},{"not_picked":["hierophant:PristineSoul","hierophant:SealAway+1"],"picked":"hierophant:FaithHealing","floor":14},{"not_picked":["hierophant:Endure","hierophant:PassingBell+1"],"picked":"hierophant:Blessing","floor":15}],"player_experience":95346,"relics_obtained":[{"floor":6,"key":"Ring of Greed"},{"floor":6,"key":"MealTicket"},{"floor":6,"key":"Membership Card"},{"floor":6,"key":"Ring of Hypnosis"},{"floor":7,"key":"StuffTheSpire:GrapeVine"},{"floor":10,"key":"Pen Nib"},{"floor":13,"key":"hubris:OldNail"}],"event_choices":[],"is_beta":false,"boss_relics":[],"items_purged_floors":[],"is_endless":false,"potions_floor_spawned":[8,15],"killed_by":"downfall:Silent","ascension_level":0}}