{"host":"uv231blk40vjdojr","time":1608473809,"event":{"mods":["BaseMod","Minty Spire (QoL Compilation)","Relic Stats"],"gold_per_floor":[116,129,129,154,154,154,172,172,243,4,25,48,48,48,48,143,143,157,157,82,82,96,127,127,167,167,29,53,78,78,103,103,103,103],"floor_reached":33,"playtime":1666,"items_purged":["Defend_B"],"score":512,"play_id":"6d3907a3-9375-4a19-a2db-c16951623ff2","local_time":"20201220151649","is_ascension_mode":true,"campfire_choices":[{"data":"Zap","floor":6.0,"key":"SMITH"},{"data":"Glacier","floor":8.0,"key":"SMITH"},{"floor":15.0,"key":"REST"},{"floor":24.0,"key":"REST"},{"data":"Rainbow","floor":30,"key":"SMITH"},{"data":"Chaos","floor":32,"key":"SMITH"}],"circlet_count":0,"master_deck":["AscendersBane","Strike_B+1","Strike_B+1","Defend_B+1","Defend_B+1","Defend_B+1","Zap+1","Dualcast","Sweeping Beam","Cold Snap","Glacier+1","Chaos+1","Static Discharge","Rainbow+1","Chaos","All For One","Barrage","Doom and Gloom"],"relics":["Inserter","Golden Idol","Pen Nib","Matryoshka","Happy Flower","Snecko Eye","Anchor","Question Card","Ginger","Pear","MealTicket","Unceasing Top"],"acts_visited":["Exordium","TheCity"],"potions_floor_usage":[29],"damage_taken":[{"damage":2.0,"enemies":"Cultist","floor":1.0,"turns":4.0},{"damage":11.0,"enemies":"Jaw Worm","floor":2.0,"turns":4.0},{"damage":1.0,"enemies":"2 Louse","floor":4.0,"turns":3.0},{"damage":17.0,"enemies":"Exordium Wildlife","floor":7.0,"turns":6.0},{"damage":1.0,"enemies":"2 Fungi Beasts","floor":11.0,"turns":4.0},{"damage":0.0,"enemies":"Blue Slaver","floor":12.0,"turns":4.0},{"damage":29.0,"enemies":"Slime Boss","floor":16.0,"turns":15.0},{"damage":7.0,"enemies":"Chosen","floor":18.0,"turns":6.0},{"damage":0.0,"enemies":"Spheric Guardian","floor":22.0,"turns":4.0},{"damage":36.0,"enemies":"Slavers","floor":23.0,"turns":4.0},{"damage":18.0,"enemies":"Book of Stabbing","floor":25.0,"turns":7.0},{"damage":0.0,"enemies":"Snake Plant","floor":28.0,"turns":2.0},{"damage":14,"enemies":"Cultist and Chosen","floor":29,"turns":7},{"damage":6,"enemies":"3 Cultists","floor":31,"turns":3},{"damage":34,"enemies":"Automaton","floor":33,"turns":6}],"seed_played":"-896449284547068611","potions_obtained":[{"floor":7.0,"key":"SneckoOil"},{"floor":11.0,"key":"LiquidBronze"},{"floor":29,"key":"ColorlessPotion"},{"floor":31,"key":"Fire Potion"}],"is_trial":false,"path_per_floor":["M","M","?","M","?","R","M","R","T","$","M","M","?","$","R","B",null,"M","?","?","T","M","E","R","E","T","$","M","M","R","M","R","B"],"character_chosen":"DEFECT","items_purchased":["Happy Flower","Regen Potion","Weak Potion"],"campfire_rested":2,"item_purchase_floors":[10,27,27],"current_hp_per_floor":[62,51,51,50,39,39,22,22,22,22,21,21,14,14,33,4,49,42,42,42,42,42,6,25,17,17,32,32,33,33,27,27,0,0],"gold":103,"neow_bonus":"BOSS_RELIC","is_daily":false,"chose_seed":false,"campfire_upgraded":4,"win_rate":0.0,"timestamp":1608473809,"path_taken":["M","M","?","M","?","R","M","R","T","$","M","M","?","$","R","BOSS","M","?","?","?","?","E","R","E","T","?","M","M","R","?","R","BOSS"],"items_purchased_type":["Relic","Potion","Potion"],"build_version":"2020-12-13","purchased_purges":1,"victory":false,"max_hp_per_floor":[71,71,64,64,64,64,64,64,64,64,64,64,64,64,64,64,64,64,64,64,64,64,64,64,74,74,74,74,74,74,74,74,74,74],"relic_stats":{"Inserter":[38],"Happy Flower":[20],"counters":[15,79],"Golden Idol":72,"Snecko Eye":[63,70,60,60],"MealTicket":15,"Pen Nib":[9],"Ginger":[3],"Question Card":6,"obtain_stats":[{"Inserter":0,"Pear":25,"Happy Flower":10,"Golden Idol":3,"Pen Nib":5,"Ginger":23,"Question Card":21,"Anchor":21,"Matryoshka":9,"Snecko Eye":17,"MealTicket":26,"Cracked Core":0,"Unceasing Top":26},{"Inserter":0,"Pear":11,"Happy Flower":4,"Golden Idol":2,"Pen Nib":3,"Ginger":10,"Question Card":8,"Anchor":8,"Matryoshka":4,"Snecko Eye":7,"MealTicket":11,"Cracked Core":0,"Unceasing Top":11},{"Inserter":0,"Pear":61,"Happy Flower":17,"Golden Idol":8,"Pen Nib":11,"Ginger":54,"Question Card":46,"Anchor":46,"Matryoshka":17,"Snecko Eye":40,"MealTicket":61,"Cracked Core":0,"Unceasing Top":61}],"Unceasing Top":[0]},"card_choices":[{"not_picked":["Redo","Turbo","Hologram"],"picked":"SKIP","floor":1.0},{"not_picked":["Compile Driver","Stack"],"picked":"Sweeping Beam","floor":2.0},{"not_picked":["Stack","Melter"],"picked":"Cold Snap","floor":4.0},{"not_picked":["Gash","Redo"],"picked":"Glacier","floor":7.0},{"not_picked":["Conserve Battery","Chill"],"picked":"Chaos","floor":11.0},{"not_picked":["White Noise","Fission"],"picked":"Static Discharge","floor":12.0},{"not_picked":["Reboot","Multi-Cast"],"picked":"Rainbow","floor":16.0},{"not_picked":["Streamline","Ball Lightning+1"],"picked":"Chaos","floor":18.0},{"not_picked":["Leap","Reprogram","Gash+1","Turbo"],"picked":"SKIP","floor":22.0},{"not_picked":["Compile Driver","Beam Cell","Reprogram"],"picked":"All For One","floor":23.0},{"not_picked":["Tempest","Leap","Rebound"],"picked":"Barrage","floor":25.0},{"not_picked":["Rebound","Sweeping Beam","Redo","Hologram"],"picked":"SKIP","floor":28.0},{"not_picked":["Barrage","Leap+1","Beam Cell"],"picked":"Doom and Gloom","floor":29},{"not_picked":["Steam+1","Lockon","Gash+1","Ball Lightning"],"picked":"SKIP","floor":31}],"player_experience":501910,"relics_obtained":[{"floor":9.0,"key":"Matryoshka"},{"floor":21.0,"key":"Anchor"},{"floor":21.0,"key":"Question Card"},{"floor":23.0,"key":"Ginger"},{"floor":25.0,"key":"Pear"},{"floor":26.0,"key":"MealTicket"},{"floor":26.0,"key":"Unceasing Top"}],"event_choices":[{"damage_healed":0.0,"max_hp_gain":0.0,"max_hp_loss":7.0,"gold_gain":0.0,"event_name":"Golden Idol","player_choice":"Lose Max HP","floor":3.0,"gold_loss":0.0,"damage_taken":0.0,"relics_obtained":["Golden Idol"]},{"damage_healed":0.0,"max_hp_gain":0.0,"max_hp_loss":0.0,"gold_gain":0.0,"event_name":"Scrap Ooze","player_choice":"Success","floor":5.0,"gold_loss":0.0,"damage_taken":11.0,"relics_obtained":["Pen Nib"]},{"cards_removed":["Strike_B"],"damage_healed":0.0,"max_hp_gain":0.0,"max_hp_loss":0.0,"gold_gain":0.0,"event_name":"Golden Wing","player_choice":"Card Removal","floor":13.0,"gold_loss":0.0,"damage_taken":7.0},{"damage_healed":0.0,"max_hp_gain":0.0,"max_hp_loss":0.0,"gold_gain":0.0,"event_name":"Back to Basics","player_choice":"Simplicity","floor":19.0,"gold_loss":0.0,"damage_taken":0.0,"cards_upgraded":["Strike_B","Strike_B","Strike_B","Defend_B","Defend_B","Defend_B"]},{"cards_removed":["Strike_B"],"damage_healed":0.0,"max_hp_gain":0.0,"max_hp_loss":0.0,"gold_gain":0.0,"event_name":"Beggar","player_choice":"Gave Gold","floor":20.0,"gold_loss":75.0,"damage_taken":0.0}],"is_beta":false,"boss_relics":[{"not_picked":["Coffee Dripper","Astrolabe"],"picked":"Snecko Eye"}],"items_purged_floors":[10],"is_endless":false,"potions_floor_spawned":[7,11,29,31],"killed_by":"Automaton","ascension_level":17}}