{"host":"wl1tbx6tghg66ijw","time":1608437598,"event":{"mods":["BaseMod","BetterRewards","Colored Map","Dota2Spire","Minty Spire (QoL Compilation)","Replay The Spire","Robot Space Explorer","Spicy Shops","StSLib","The Dragon Tamer","The Servant 0.9.4","【东方二次创作】八云紫mod"],"gold_per_floor":[111,131,306,57,57,83,83,102,102,117,131,131,165,180,180,276,276,292,292,308,327,252,282,26,26,52,62,62,76,104,104,104,202,202,214,214,214,214,214],"floor_reached":38,"playtime":2831,"items_purged":["Doubt","RobotSpaceExplorer:Defend","RobotSpaceExplorer:Strike"],"score":449,"play_id":"75cfa6eb-bee5-49d3-825d-0955876bb764","local_time":"20201220121318","is_ascension_mode":false,"campfire_choices":[{"data":"RobotSpaceExplorer:Counterblock","floor":7.0,"key":"SMITH"},{"data":"RobotSpaceExplorer:SurgingStrike","floor":12.0,"key":"SMITH"},{"data":"RobotSpaceExplorer:TurboDodge","floor":15.0,"key":"SMITH"},{"data":"RobotSpaceExplorer:Multitool","floor":25.0,"key":"SMITH"},{"data":"RobotSpaceExplorer:StarLightning","floor":28.0,"key":"SMITH"},{"floor":32.0,"key":"DIG"}],"circlet_count":0,"master_deck":["RobotSpaceExplorer:Strike","RobotSpaceExplorer:Strike","RobotSpaceExplorer:Defend","RobotSpaceExplorer:Defend","RobotSpaceExplorer:Scan","RobotSpaceExplorer:MiniLasers+1","RobotSpaceExplorer:StunGrenade","RobotSpaceExplorer:SurgingStrike+1","RobotSpaceExplorer:Counterblock+1","RobotSpaceExplorer:SurgingShield+1","RobotSpaceExplorer:TurboDodge+1","RobotSpaceExplorer:Multitool+1","CurseOfTheBell","RobotSpaceExplorer:ScrapMissile+1","RobotSpaceExplorer:PlasmaMissile","RobotSpaceExplorer:Reload+1","RobotSpaceExplorer:StarLightning+1","RobotSpaceExplorer:StarLightning","RobotSpaceExplorer:Arsenal"],"relics":["RobotSpaceExplorer:RoboCore","Dota2Spire:MaskOfMadness","RobotSpaceExplorer:ClockworkSextant","Bottled Lightning","Nunchaku","Blue Doll","Calling Bell","ReplayTheSpireMod:Lightbulb","Eternal Feather","RobotSpaceExplorer:RingOfTheNewt","MutagenicStrength","War Paint","Dota2Spire:AssaultCuirass","Strawberry","Dota2Spire:LinkenSphere","Dota2Spire:BladeMail","Dota2Spire:RefresherOrb"],"acts_visited":["Exordium","TheCity","TheBeyond"],"potions_floor_usage":[38],"damage_taken":[{"damage":2.0,"enemies":"2 Louse","floor":1.0,"turns":3.0},{"damage":1.0,"enemies":"Jaw Worm","floor":2.0,"turns":6.0},{"damage":32.0,"enemies":"Lagavulin","floor":6.0,"turns":6.0},{"damage":0.0,"enemies":"Small Slimes","floor":8.0,"turns":2.0},{"damage":5.0,"enemies":"Blue Slaver","floor":10.0,"turns":3.0},{"damage":9.0,"enemies":"2 Fungi Beasts","floor":11.0,"turns":3.0},{"damage":9.0,"enemies":"3 Sentries","floor":13.0,"turns":6.0},{"damage":2.0,"enemies":"Exordium Wildlife","floor":14.0,"turns":3.0},{"damage":29.0,"enemies":"The Guardian","floor":16.0,"turns":7.0},{"damage":14.0,"enemies":"Shell Parasite","floor":18.0,"turns":5.0},{"damage":0.0,"enemies":"Chosen","floor":20.0,"turns":6.0},{"damage":8.0,"enemies":"3 Cultists","floor":21.0,"turns":5.0},{"damage":6.0,"enemies":"Replay:Snechameleon","floor":23.0,"turns":6.0},{"damage":14.0,"enemies":"Snake Plant","floor":27.0,"turns":4.0},{"damage":0.0,"enemies":"Cultist and Chosen","floor":29.0,"turns":7.0},{"damage":0.0,"enemies":"Slavers","floor":30.0,"turns":4.0},{"damage":33.0,"enemies":"Champ","floor":33.0,"turns":11.0},{"damage":0.0,"enemies":"Orb Walker","floor":35.0,"turns":2.0},{"damage":86,"enemies":"Orb Walker","floor":38,"turns":12}],"seed_played":"231881524932425924","potions_obtained":[{"floor":6.0,"key":"Energy Potion"},{"floor":10.0,"key":"RobotSpaceExplorer:LiquidFusion"},{"floor":11.0,"key":"Fire Potion"},{"floor":14.0,"key":"PowerPotion"},{"floor":18.0,"key":"RobotSpaceExplorer:LiquidFusion"},{"floor":27.0,"key":"Energy Potion"},{"floor":33.0,"key":"Dexterity Potion"}],"is_trial":false,"path_per_floor":["M","M","?","$","?","E","R","M","T","M","M","R","E","M","R","B",null,"M","?","M","M","?","E","$","R","T","M","R","M","E","?","R_BF","B",null,"M","?","?","?"],"character_chosen":"RobotSpaceExplorer","items_purchased":["Dota2Spire:MaskOfMadness","Dota2Spire:AssaultCuirass","RobotSpaceExplorer:StarLightning"],"campfire_rested":0,"item_purchase_floors":[4,24,24],"current_hp_per_floor":[73,72,72,72,72,44,44,44,44,43,34,34,29,27,27,7,75,61,61,61,53,53,53,53,62,69,55,64,64,64,48,57,24,87,87,87,87,0,0],"gold":214,"neow_bonus":"","is_daily":false,"chose_seed":false,"campfire_upgraded":5,"win_rate":0.0,"timestamp":1608437598,"path_taken":["M","M","?","$","?","E","R","M","T","M","M","R","E","M","R","BOSS","M","?","M","M","?","E","$","R","T","M","R","M","E","?","R_BF","BOSS","M","?","?","?"],"items_purchased_type":["Relic","Relic","Card"],"build_version":"2020-12-13","purchased_purges":3,"victory":false,"max_hp_per_floor":[75,75,75,75,75,75,75,75,75,75,75,75,75,75,75,75,75,75,75,75,75,75,75,75,75,82,82,82,82,82,87,87,87,87,87,87,87,87,87],"card_choices":[{"not_picked":["RobotSpaceExplorer:MetalStrike","RobotSpaceExplorer:ShovelStrike"],"picked":"RobotSpaceExplorer:StunGrenade","floor":1.0},{"not_picked":["RobotSpaceExplorer:ScrapMissile","RobotSpaceExplorer:Blitz"],"picked":"RobotSpaceExplorer:SurgingStrike","floor":2.0},{"not_picked":["RobotSpaceExplorer:Probe","RobotSpaceExplorer:ShovelStrike"],"picked":"RobotSpaceExplorer:Counterblock","floor":6.0},{"not_picked":["RobotSpaceExplorer:FranticSearch","RobotSpaceExplorer:SlimeMissile","RobotSpaceExplorer:DoubleFind"],"picked":"SKIP","floor":8.0},{"not_picked":["RobotSpaceExplorer:DoubleBlock","RobotSpaceExplorer:StunGrenade"],"picked":"RobotSpaceExplorer:Exploration","floor":10.0},{"not_picked":["RobotSpaceExplorer:ShockKick","RobotSpaceExplorer:GlueShot"],"picked":"RobotSpaceExplorer:SurgingShield","floor":11.0},{"not_picked":["RobotSpaceExplorer:ShockKick","RobotSpaceExplorer:Blitz"],"picked":"RobotSpaceExplorer:TurboDodge","floor":13.0},{"not_picked":["RobotSpaceExplorer:SlimeMissile","RobotSpaceExplorer:DualCore","RobotSpaceExplorer:MetalStrike"],"picked":"SKIP","floor":14.0},{"not_picked":["RobotSpaceExplorer:HighVoltage","RobotSpaceExplorer:Comet"],"picked":"RobotSpaceExplorer:Multitool","floor":16.0},{"not_picked":["RobotSpaceExplorer:Ammunition+1","RobotSpaceExplorer:SurgingShield"],"picked":"RobotSpaceExplorer:ScrapMissile+1","floor":18.0},{"not_picked":["RobotSpaceExplorer:ScrapMissile+1","RobotSpaceExplorer:ShovelStrike"],"picked":"RobotSpaceExplorer:PlasmaMissile","floor":20.0},{"not_picked":["RobotSpaceExplorer:FrostMissile","RobotSpaceExplorer:ShockKick"],"picked":"RobotSpaceExplorer:Reload","floor":21.0},{"not_picked":["RobotSpaceExplorer:MiniBoosters","RobotSpaceExplorer:FranticSearch","RobotSpaceExplorer:PlasmaMissile"],"picked":"SKIP","floor":23.0},{"not_picked":["RobotSpaceExplorer:GlueShot+1","RobotSpaceExplorer:FrostMissile","RobotSpaceExplorer:PlasmaMissile+1"],"picked":"SKIP","floor":27.0},{"not_picked":["RobotSpaceExplorer:MiniDrones","RobotSpaceExplorer:Probe","RobotSpaceExplorer:ScrapMissile+1"],"picked":"SKIP","floor":29.0},{"not_picked":["RobotSpaceExplorer:MakeshiftVolley","RobotSpaceExplorer:PowerGlove","RobotSpaceExplorer:Counterblock"],"picked":"SKIP","floor":30.0},{"not_picked":["RobotSpaceExplorer:HighVoltage","RobotSpaceExplorer:ShockMissile"],"picked":"RobotSpaceExplorer:Arsenal","floor":33.0},{"not_picked":["RobotSpaceExplorer:SwiftStep","RobotSpaceExplorer:SurgingStrike","RobotSpaceExplorer:LuckyStrike"],"picked":"SKIP","floor":35.0}],"player_experience":0,"relics_obtained":[{"floor":6.0,"key":"RobotSpaceExplorer:ClockworkSextant"},{"floor":9.0,"key":"Bottled Lightning"},{"floor":11.0,"key":"Nunchaku"},{"floor":13.0,"key":"Blue Doll"},{"floor":17.0,"key":"ReplayTheSpireMod:Lightbulb"},{"floor":17.0,"key":"Eternal Feather"},{"floor":17.0,"key":"RobotSpaceExplorer:RingOfTheNewt"},{"floor":23.0,"key":"War Paint"},{"floor":26.0,"key":"Strawberry"},{"floor":30.0,"key":"Dota2Spire:LinkenSphere"},{"floor":32.0,"key":"Dota2Spire:BladeMail"}],"event_choices":[{"damage_healed":0.0,"max_hp_gain":0.0,"max_hp_loss":0.0,"gold_gain":175.0,"event_name":"Liars Game","player_choice":"AGREE","floor":3.0,"gold_loss":0.0,"damage_taken":0.0,"cards_obtained":["Doubt"]},{"damage_healed":0.0,"max_hp_gain":0.0,"max_hp_loss":0.0,"gold_gain":0.0,"event_name":"Living Wall","player_choice":"Grow","floor":5.0,"gold_loss":0.0,"damage_taken":0.0,"cards_upgraded":["RobotSpaceExplorer:MiniLasers"]},{"damage_healed":0.0,"max_hp_gain":0.0,"max_hp_loss":0.0,"gold_gain":0.0,"event_name":"Drug Dealer","player_choice":"Inject Mutagens","floor":19.0,"gold_loss":0.0,"damage_taken":0.0,"relics_obtained":["MutagenicStrength"]},{"cards_removed":["RobotSpaceExplorer:Defend"],"damage_healed":0.0,"max_hp_gain":0.0,"max_hp_loss":0.0,"gold_gain":0.0,"event_name":"Beggar","player_choice":"Gave Gold","floor":22.0,"gold_loss":75.0,"damage_taken":0.0},{"damage_healed":0.0,"max_hp_gain":5.0,"max_hp_loss":0.0,"gold_gain":0.0,"event_name":"Forgotten Altar","player_choice":"Shed Blood","floor":31.0,"gold_loss":0.0,"damage_taken":21.0},{"cards_removed":["RobotSpaceExplorer:Strike"],"damage_healed":0,"gold_gain":0,"player_choice":"Removed Attack","damage_taken":0,"max_hp_gain":0,"max_hp_loss":0,"event_name":"Falling","floor":37,"gold_loss":0}],"is_beta":false,"boss_relics":[{"not_picked":["Runic Pyramid","Ectoplasm"],"picked":"Calling Bell"},{"not_picked":["RobotSpaceExplorer:Reprocessor","Runic Dome"],"picked":"Dota2Spire:RefresherOrb"}],"items_purged_floors":[4,4,24],"is_endless":false,"potions_floor_spawned":[6,10,11,14,18,27,33],"killed_by":"Orb Walker","ascension_level":0}}