{"host":"95i1gxnztdrdyvhi","time":1608501590,"event":{"mods":["AchievementEnabler","Act Like it!","BaseMod","Minty Spire (QoL Compilation)","Quick Restart","StSLib","The Marked"],"gold_per_floor":[116,291,291,291,60,90,101,117,168,196,196,196,211,225,225,322,322,337,351,351,135,135,160,160,160,160],"floor_reached":25,"playtime":1038,"items_purged":["Doubt","Writhe"],"score":279,"play_id":"b6f62be7-b33a-4212-a9ee-b6d466f0e2b9","local_time":"20201220215950","is_ascension_mode":false,"campfire_choices":[{"data":"theMarked:HeritageOfTheMarked","floor":11,"key":"SMITH"},{"data":"theMarked:Seal","floor":15,"key":"SMITH"},{"data":"theMarked:Seal","floor":24,"key":"SMITH"}],"circlet_count":0,"master_deck":["theMarked:Strike","theMarked:Strike","theMarked:Strike","theMarked:Strike","theMarked:Strike","theMarked:Defend","theMarked:Defend","theMarked:Defend","theMarked:Defend","theMarked:SoldierOfQuellstein","theMarked:StartUp","theMarked:HeritageOfTheMarked+1","theMarked:Improvise","theMarked:EmpowerWeapon","theMarked:ParalyzingBlade","theMarked:ChannelForce","theMarked:Seal+1","theMarked:TurnInvisible","theMarked:BanishingWave+1","theMarked:Seal+1","theMarked:DeterminationOfTheMarked"],"relics":["theMarked:ArtifactOfAir","MealTicket","Medical Kit","Nunchaku","Bag of Marbles","Molten Egg 2","theMarked:DemonDagger","Coffee Dripper","theMarked:KettuFlask","Art of War"],"acts_visited":["Exordium","TheCity"],"potions_floor_usage":[10,16],"damage_taken":[{"damage":0,"enemies":"Cultist","floor":1,"turns":3},{"damage":15,"enemies":"Lagavulin","floor":6,"turns":8},{"damage":0,"enemies":"Small Slimes","floor":7,"turns":3},{"damage":10,"enemies":"Jaw Worm","floor":8,"turns":4},{"damage":28,"enemies":"3 Sentries","floor":10,"turns":7},{"damage":10,"enemies":"Looter","floor":13,"turns":2},{"damage":5,"enemies":"Lots of Slimes","floor":14,"turns":5},{"damage":0,"enemies":"Slime Boss","floor":16,"turns":6},{"damage":30,"enemies":"3 Byrds","floor":18,"turns":5},{"damage":4,"enemies":"Shell Parasite","floor":19,"turns":5},{"damage":24,"enemies":"Gremlin Leader","floor":23,"turns":6},{"damage":9,"enemies":"Slavers","floor":25,"turns":3}],"seed_played":"3956895098048228406","potions_obtained":[{"floor":1,"key":"GamblersBrew"},{"floor":7,"key":"LiquidBronze"},{"floor":14,"key":"DuplicationPotion"},{"floor":18,"key":"PowerPotion"}],"is_trial":false,"path_per_floor":["M","?","?","?","$","E","M","M","T","E","R","?","M","M","R","B",null,"M","M","?","$","?","E","R","E"],"character_chosen":"THE_DEFAULT","items_purchased":["Medical Kit","theMarked:Seal","theMarked:DeterminationOfTheMarked"],"campfire_rested":0,"item_purchase_floors":[5,21,21],"current_hp_per_floor":[70,70,75,68,75,60,60,50,50,22,22,22,12,7,7,7,75,45,41,41,56,42,18,18,9,9],"gold":160,"neow_bonus":"THREE_CARDS","is_daily":false,"chose_seed":false,"campfire_upgraded":3,"win_rate":0.0,"timestamp":1608501590,"path_taken":["M","?","?","?","$","E","M","M","T","E","R","?","M","?","R","BOSS","M","M","?","$","?","E","R","E"],"items_purchased_type":["Relic","Card","Card"],"build_version":"2020-12-13","purchased_purges":2,"victory":false,"max_hp_per_floor":[70,70,75,75,75,75,75,75,75,75,75,75,75,75,75,75,75,75,75,75,75,80,80,80,80,80],"card_choices":[{"not_picked":["theMarked:Aftermath","theMarked:TwofoldDefense"],"picked":"theMarked:StartUp","floor":0},{"not_picked":["theMarked:ChainLightning","theMarked:Frustration"],"picked":"theMarked:HeritageOfTheMarked","floor":1},{"not_picked":["theMarked:WastefulAttack","theMarked:Static"],"picked":"theMarked:Improvise","floor":6},{"not_picked":["theMarked:Improvise","theMarked:Overcharge"],"picked":"theMarked:EmpowerWeapon","floor":7},{"not_picked":["theMarked:Panic","theMarked:HeightenedSenses"],"picked":"theMarked:ParalyzingBlade","floor":8},{"not_picked":["theMarked:ResourceFulStrike+1","theMarked:ReduceFriction"],"picked":"theMarked:ChannelForce","floor":10},{"not_picked":["theMarked:TakeCover","theMarked:CreepingChasm"],"picked":"theMarked:Seal","floor":13},{"not_picked":["theMarked:EnhancedHearing","theMarked:ShockingTouch+1","theMarked:HeritageOfTheMarked"],"picked":"SKIP","floor":14},{"not_picked":["theMarked:SoldierForm","theMarked:DispelDoubt+1"],"picked":"theMarked:TurnInvisible","floor":16},{"not_picked":["theMarked:Panic","theMarked:EnhancedHearing","theMarked:TunnelVision+1"],"picked":"SKIP","floor":18},{"not_picked":["theMarked:Improvise","theMarked:TwofoldDefense"],"picked":"theMarked:BanishingWave+1","floor":19},{"not_picked":["theMarked:TunnelVision+1","theMarked:Generate","theMarked:SwordAndMagic+1"],"picked":"SKIP","floor":23}],"player_experience":653228,"relics_obtained":[{"floor":6,"key":"Nunchaku"},{"floor":9,"key":"Bag of Marbles"},{"floor":10,"key":"Molten Egg 2"},{"floor":23,"key":"Art of War"}],"event_choices":[{"damage_healed":0,"gold_gain":175,"player_choice":"AGREE","damage_taken":0,"max_hp_gain":0,"max_hp_loss":0,"event_name":"Liars Game","floor":2,"gold_loss":0,"cards_obtained":["Doubt"]},{"damage_healed":0,"gold_gain":0,"player_choice":"Donut","damage_taken":0,"max_hp_gain":5,"max_hp_loss":0,"event_name":"Big Fish","floor":3,"gold_loss":0},{"damage_healed":0,"gold_gain":0,"player_choice":"Success","damage_taken":7,"relics_obtained":["MealTicket"],"max_hp_gain":0,"max_hp_loss":0,"event_name":"Scrap Ooze","floor":4,"gold_loss":0},{"damage_healed":0,"gold_gain":0,"player_choice":"Gave Potion","damage_taken":0,"relics_obtained":["theMarked:DemonDagger"],"max_hp_gain":0,"max_hp_loss":0,"event_name":"WeMeetAgain","floor":12,"gold_loss":0},{"damage_healed":0,"gold_gain":0,"player_choice":"Opened","damage_taken":0,"relics_obtained":["theMarked:KettuFlask"],"max_hp_gain":0,"max_hp_loss":0,"event_name":"The Mausoleum","floor":20,"gold_loss":0,"cards_obtained":["Writhe"]},{"damage_healed":0,"gold_gain":0,"player_choice":"Shed Blood","damage_taken":19,"max_hp_gain":5,"max_hp_loss":0,"event_name":"Forgotten Altar","floor":22,"gold_loss":0}],"is_beta":false,"boss_relics":[{"not_picked":["Snecko Eye","Astrolabe"],"picked":"Coffee Dripper"}],"items_purged_floors":[5,21],"is_endless":false,"potions_floor_spawned":[1,7,14,18],"killed_by":"Slavers","ascension_level":0}}