{"host":"5gc11emcm5chfr5t","time":1608494960,"event":{"mods":["2.2 Compatiblity","AchievementEnabler","BaseMod","Bestiary","Better Note","Colored Map","Colored Powertips","Downfall","Googly Eyes","Minty Spire (QoL Compilation)","Rare Cards Sparkle","StSLib"],"gold_per_floor":[105,169,232,15,31,31,31,31],"floor_reached":7,"playtime":237,"items_purged":[],"score":78,"play_id":"72eda021-e447-407d-8555-4e962495e27e","local_time":"20201220150920","is_ascension_mode":true,"campfire_choices":[],"circlet_count":0,"master_deck":["AscendersBane","sneckomod:TailWhip","sneckomod:SnekBite","sneckomod:Unknown","sneckomod:Unknown","sneckomod:DiceBoulder","sneckomod:SoulCleanse","sneckomod:UnknownEthereal","sneckomod:GlitteringGambit","sneckomod:UnknownDexterity","sneckomod:Unknown2Cost","sneckomod:MasterEye","sneckomod:SoulDraw","Metamorphosis","sneckomod:PureSnecko"],"relics":["Pandora\u0027s Box"],"acts_visited":["Exordium"],"potions_floor_usage":[3,7],"damage_taken":[{"damage":6,"enemies":"2 Louse","floor":1,"turns":2},{"damage":14,"enemies":"Small Slimes","floor":3,"turns":3},{"damage":0,"enemies":"Cultist","floor":5,"turns":2},{"damage":68,"enemies":"3 Sentries","floor":7,"turns":6}],"seed_played":"2086891332965494731","potions_obtained":[{"floor":1,"key":"Explosive Potion"},{"floor":3,"key":"Dexterity Potion"}],"is_trial":false,"path_per_floor":["M","?","M","$","M","?","E"],"character_chosen":"THE_SNECKO","items_purchased":["Metamorphosis"],"campfire_rested":0,"item_purchase_floors":[4],"current_hp_per_floor":[69,69,55,55,55,60,0,0],"gold":31,"neow_bonus":"BOSS_RELIC","is_daily":false,"chose_seed":false,"campfire_upgraded":0,"win_rate":0.0,"timestamp":1608494960,"path_taken":["M","?","M","$","M","?","E"],"items_purchased_type":["Card"],"build_version":"2020-12-13","purchased_purges":0,"victory":false,"max_hp_per_floor":[83,83,83,83,83,88,88,88],"card_choices":[{"not_picked":["sneckomod:RainOfDice","sneckomod:UnknownVulnerable"],"picked":"sneckomod:MasterEye","floor":1},{"not_picked":["sneckomod:UnknownClassSLIMEBOUND","sneckomod:UnknownBlock"],"picked":"sneckomod:SoulDraw","floor":3},{"not_picked":["sneckomod:Unknown2Cost","sneckomod:MasterEye"],"picked":"sneckomod:PureSnecko","floor":5}],"player_experience":452330,"relics_obtained":[],"event_choices":[{"damage_healed":0,"gold_gain":64,"player_choice":"Gained Gold","damage_taken":0,"max_hp_gain":0,"max_hp_loss":0,"event_name":"Golden Wing","floor":2,"gold_loss":0},{"damage_healed":0,"gold_gain":0,"player_choice":"Donut","damage_taken":0,"max_hp_gain":5,"max_hp_loss":0,"event_name":"Big Fish","floor":6,"gold_loss":0}],"is_beta":false,"boss_relics":[],"items_purged_floors":[],"is_endless":false,"potions_floor_spawned":[1,3],"killed_by":"3 Sentries","ascension_level":18}}