{"host":"sst22apzgpn07t8v","time":1608458813,"event":{"mods":["Act Like it!","BaseMod","Downfall","Hallownest","HololiveMod","Lobotomy","LobotomyExtend","Minty Spire (QoL Compilation)","Prisma Mod","Quick Restart","Replay The Spire","Shop Mod","StSLib","[IsaacMod]à»éTêÎìÉ"],"gold_per_floor":[100,100,128,128,147,147,173,206,219,244,254,254,107,107,124,222,222,222,249,281,281,306,306,306,231,248,273,314,349,349,349,379,456,456,456,456,482,516,541,570,570,601,586,612,661,694,439,364,397,445,445,445,494,521,533,577,589,601,532,561,578,610,610,610],"floor_reached":52,"playtime":4445,"items_purged":["Shame"],"score":2854,"play_id":"edc47864-ca5b-41aa-8318-c82735740ff0","local_time":"20201220180653","is_ascension_mode":true,"campfire_choices":[],"circlet_count":0,"master_deck":["BlueStar","CENSORED","DespairKnight","WhiteNight","BodiesMountain","Woodsman","BigBird","ApocalypseBird","PunishingBird","LongBird","SpecialBullet","SpecialBullet","SpecialBullet","SpecialBullet","SpecialBullet","SpecialBullet","SpecialBullet","SpecialBullet","BloodyBrimstone+1","ExtractionCode","RecordCode","SecurityCode","Logging+1","SomewhereSpear","Spore","Galaxy","ShedSkin+1","Tough+1","HereticApostle","Wingbeat+1","Spore+1","Wingbeat+1","Scorched","Wingbeat+1","WristCuter+1","Spore+1","SingingMachine","BearPaw+1","SomewhereSpear+1","SomewhereSpear+1","Adoration+1","RedShoes","CENSORED_ego+1","Adoration+1","Pinks+1","Tough+1","GoldRush+1","GrinderMk4+1","Wingbeat+1","Hornet+1","OldLady","Logging+1","WristCuter+1","SoundOfStar+1","Justitia+1","GrinderMk4+1","Tough+1","Moonlight+1","RapturousDream+1","SomewhereSpear+1","InTheNameOfLoveAndHate+1","Wingbeat+1","InformationCode","ShyLook","Diffraction+1","Adoration+1","WristCuter+1","Adoration+1","GoldRush+1","Adoration+1","SomewhereSpear+1","Gaze+1","Reverberation+1","WristCuter+1","Tough+1","BearPaw+1","InTheNameOfLoveAndHate+1","DaCapo+1","WristCuter+1","ScreamingWedge+1","Freischutz","Tough+1","BigBadWolf","Logging+1","Spore+1","Diffraction+1","Diffraction+1","Spore+1","DisciplinaryCode","Reverberation+1","Gaze+1","Tough+1","Galaxy+1","Lamp+1","Adoration+1","SomewhereSpear+1","Logging+1","expansioncontent:AwakenDeath+1","Lamp+1","ControlCode","RapturousDream+1","Ecstasy+1","Yin","CENSORED_ego+1","WristCuter+1","TT2Protocol","SolemnVow+1","Ecstasy+1"],"relics":["CogitoBucket","HushsDoor","downfall:HeartsMalice","Leech","LetterFromLob","Replay:Rubber Ducky","Ancient Tea Set","Lantern","Kunai","Justitia_r","ReplayTheSpireMod:CursedCoin","MealTicket","Ring of Searing","Ring of Hypnosis","LuminousBracelet","ChampionBelt","Mango","Boot","GnawedLeaf","downfall:HeartBlessingBlue","TreeSap","Juzu Bracelet","Ginger","Twilight","Replay:Wax Seal","MagicMushroom","WantedRequest","Lamp_r","Whetstone","Bottled Flame","Strawberry","SatanicBible","Replay:Bottled Flurry","Pocketwatch","GuppysHead","InkBottle","Logging_r","ReplayFunnel","Pet Ghost","downfall:HeartBlessingGreen","TheSmile_r","Replay:Ringing Soul","DeathAngel","Pantograph","MawBank","Girya","SwordSharpenedByTears_r","BloodDonationMachine","CENSORED_r","Yang_Lob","SoundOfStar_r"],"acts_visited":["Exordium","TheCity","TheBeyond"],"potions_floor_usage":[52,52],"damage_taken":[{"damage":0.0,"enemies":"Cultist","floor":2.0,"turns":1.0},{"damage":0.0,"enemies":"3 Sentries","floor":3.0,"turns":1.0},{"damage":0.0,"enemies":"3 Sentries","floor":4.0,"turns":1.0},{"damage":13.0,"enemies":"Jaw Worm","floor":5.0,"turns":3.0},{"damage":0.0,"enemies":"Gremlin Nob","floor":8.0,"turns":3.0},{"damage":19.0,"enemies":"Small Slimes","floor":9.0,"turns":3.0},{"damage":20.0,"enemies":"Lagavulin","floor":10.0,"turns":4.0},{"damage":12.0,"enemies":"Blue Slaver","floor":11.0,"turns":2.0},{"damage":14.0,"enemies":"downfall:FleeingMerchant","floor":13.0,"turns":5.0},{"damage":9.0,"enemies":"Large Slime","floor":15.0,"turns":3.0},{"damage":15.0,"enemies":"downfall:Watcher","floor":16.0,"turns":4.0},{"damage":42.0,"enemies":"Book of Stabbing","floor":19.0,"turns":3.0},{"damage":33.0,"enemies":"Slavers","floor":20.0,"turns":3.0},{"damage":24.0,"enemies":"Gremlin Leader","floor":22.0,"turns":3.0},{"damage":16.0,"enemies":"3 Byrds","floor":26.0,"turns":3.0},{"damage":32.0,"enemies":"Replay:Snechameleon","floor":27.0,"turns":3.0},{"damage":18.0,"enemies":"Book of Stabbing","floor":29.0,"turns":3.0},{"damage":81.0,"enemies":"Gremlin Leader","floor":30.0,"turns":8.0},{"damage":18.0,"enemies":"Gremlin Leader","floor":32.0,"turns":3.0},{"damage":12.0,"enemies":"downfall:Ironclad","floor":33.0,"turns":3.0},{"damage":38.0,"enemies":"Giant Head","floor":37.0,"turns":6.0},{"damage":0.0,"enemies":"Reptomancer","floor":38.0,"turns":1.0},{"damage":5.0,"enemies":"Giant Head","floor":39.0,"turns":2.0},{"damage":23.0,"enemies":"Reptomancer","floor":40.0,"turns":2.0},{"damage":2.0,"enemies":"Giant Head","floor":42.0,"turns":3.0},{"damage":5.0,"enemies":"downfall:FleeingMerchant","floor":43.0,"turns":2.0},{"damage":0.0,"enemies":"Reptomancer","floor":44.0,"turns":1.0},{"damage":12,"enemies":"2 Orb Walkers","floor":45,"turns":2},{"damage":14,"enemies":"Giant Head","floor":46,"turns":2},{"damage":5,"enemies":"Nemesis","floor":36,"turns":2},{"damage":28,"enemies":"Orb Walker","floor":39,"turns":3},{"damage":14,"enemies":"Reptomancer","floor":43,"turns":3},{"damage":7,"enemies":"Giant Head","floor":47,"turns":3},{"damage":114,"enemies":"Orb Walker","floor":48,"turns":3},{"damage":0,"enemies":"Nemesis","floor":49,"turns":1},{"damage":115,"enemies":"Replay:Hell Engine","floor":50,"turns":2},{"damage":0,"enemies":"Malkuth","floor":52,"turns":1},{"damage":4,"enemies":"Netzach","floor":52,"turns":1},{"damage":96,"enemies":"Tiphereth","floor":52,"turns":6},{"damage":12,"enemies":"Hokma","floor":52,"turns":3},{"damage":244,"enemies":"Angela","floor":52,"turns":3}],"seed_played":"-8980875555893707876","potions_obtained":[{"floor":11.0,"key":"FearPotion"},{"floor":33.0,"key":"ColorlessPotion"},{"floor":40,"key":"Explosive Potion"},{"floor":48,"key":"FearPotion"}],"is_trial":false,"path_per_floor":["R","M","E","?","M","R","T","E","M","E","M","?","$","?","M","B",null,"R","E","M","R","M","R","T","R","M","E","?","M","M","?","M","B",null,"R","M","R","M","M","E","T","E","?","E","?","M","$","R","M","?","R","M","?","T","R","E","R","?","$","M","M","M","B",null,null],"character_chosen":"Angela","items_purchased":["SomewhereSpear+1","ReplayTheSpireMod:CursedCoin","MealTicket","Adoration+1","GuppysHead","Pet Ghost","Spore+1","Lamp+1"],"campfire_rested":0,"item_purchase_floors":[13,13,13,34,43,47,47,46],"current_hp_per_floor":[70,70,70,70,67,67,67,73,63,54,51,51,49,49,66,68,79,79,58,53,53,70,70,70,70,79,71,56,62,63,63,77,76,76,76,76,93,97,97,120,120,172,197,209,213,205,205,205,205,190,190,206,206,206,206,212,212,212,212,225,135,153,66,66],"gold":610,"neow_bonus":"THREE_ENEMY_KILL","is_daily":false,"chose_seed":false,"campfire_upgraded":0,"win_rate":0.0,"timestamp":1608458813,"path_taken":["R","?","E","?","M","R","T","E","M","E","M","?","$","?","M","BOSS","R","E","M","R","M","R","T","R","M","E","?","M","M","?","M","BOSS","R","M","R","M","M","E","T","E","?","E","?","M","$","R","M","?","R","M","?","T","R","E","R","?","$","M","M","M","BOSS"],"items_purchased_type":["Card","Relic","Relic","Card","Relic","Relic","Card","Card"],"build_version":"2020-12-13","purchased_purges":1,"victory":true,"max_hp_per_floor":[70,70,70,73,73,73,73,73,73,70,70,70,70,70,85,82,82,82,96,93,93,90,90,90,100,100,100,100,97,97,97,97,97,100,100,100,97,97,201,201,201,205,209,213,213,210,210,210,210,210,210,213,216,216,216,219,219,222,225,228,235,238,238,238],"card_choices":[{"not_picked":[],"picked":"BloodyBrimstone","floor":0.0},{"not_picked":["Tough","FrostShard"],"picked":"Logging","floor":2.0},{"not_picked":["QueenBee","UniverseFragment"],"picked":"PunishingBird","floor":3.0},{"not_picked":["Soda","RapturousDream"],"picked":"SomewhereSpear","floor":3.0},{"not_picked":["RedEyes","CherryBlossom"],"picked":"Spore","floor":5.0},{"not_picked":["MHz","QueenBee","Porccubus"],"picked":"Singing Bowl","floor":5.0},{"not_picked":["Logging","FourthMatchFlame"],"picked":"Galaxy","floor":5.0},{"not_picked":["FourthMatchFlame+1","Horn+1"],"picked":"ShedSkin+1","floor":8.0},{"not_picked":["OldLady","Scorched"],"picked":"LongBird","floor":8.0},{"not_picked":["Lantern+1","Pleasure+1"],"picked":"Tough+1","floor":8.0},{"not_picked":["Hypocrisy+1","Pleasure+1"],"picked":"Heaven+1","floor":9.0},{"not_picked":["Yin","OldLady","Variant"],"picked":"Singing Bowl","floor":9.0},{"not_picked":["Beak+1","FeatherOfHonor+1"],"picked":"Wingbeat+1","floor":9.0},{"not_picked":["Regret_ego+1","MagicBullet+1"],"picked":"Spore+1","floor":10.0},{"not_picked":["CherryBlossoms","Bloodbath","UniverseFragment"],"picked":"Singing Bowl","floor":10.0},{"not_picked":["OSAHOGD","UniverseFragment"],"picked":"SingingMachine","floor":10.0},{"not_picked":["Christmas+1","Horn+1"],"picked":"Wingbeat+1","floor":10.0},{"not_picked":["BeautyBeast","UniverseFragment","FieryBird"],"picked":"Singing Bowl","floor":11.0},{"not_picked":["CherryBlossoms","BigBird"],"picked":"Scorched","floor":11.0},{"not_picked":["Lantern+1","BlackSwan_ego+1"],"picked":"Wingbeat+1","floor":11.0},{"not_picked":["Mimicry+1","Tough+1"],"picked":"Spore+1","floor":13.0},{"not_picked":["BigBird","QueenOfHatred","MHz"],"picked":"Singing Bowl","floor":13.0},{"not_picked":["LaLuna","QueenOfHatred"],"picked":"SingingMachine","floor":13.0},{"not_picked":["FrostShard+1","RedEyes+1"],"picked":"BearPaw+1","floor":13.0},{"not_picked":["MHz","BeautyBeast","ShyLook"],"picked":"Singing Bowl","floor":15.0},{"not_picked":["Lantern+1","Horn+1"],"picked":"SomewhereSpear+1","floor":15.0},{"not_picked":["Penitence+1","Beak+1","Noise+1"],"picked":"SKIP","floor":15.0},{"not_picked":["Twilight+1","TheSmile+1"],"picked":"Adoration+1","floor":16.0},{"not_picked":["OSAHOGD","Variant","CherryBlossoms"],"picked":"Singing Bowl","floor":16.0},{"not_picked":["OSAHOGD","VoidDream"],"picked":"RedShoes","floor":16.0},{"not_picked":["Adoration+1","TheSmile+1"],"picked":"CENSORED_ego+1","floor":16.0},{"not_picked":["Twilight+1","Mimicry+1"],"picked":"Adoration+1","floor":16.0},{"not_picked":["ScreamingWedge+1","Horn+1"],"picked":"Pinks+1","floor":19.0},{"not_picked":["WallGazer","BigBird"],"picked":"WhiteNight","floor":19.0},{"not_picked":["RapturousDream+1","FrostShard+1"],"picked":"Tough+1","floor":19.0},{"not_picked":["Penitence+1","Pleasure+1"],"picked":"GoldRush+1","floor":19.0},{"not_picked":["HeroicMonk","VoidDream","WallGazer"],"picked":"Singing Bowl","floor":20.0},{"not_picked":["FourthMatchFlame+1","Pleasure+1"],"picked":"GrinderMk4+1","floor":20.0},{"not_picked":["Beak+1","Tough+1"],"picked":"Wingbeat+1","floor":20.0},{"not_picked":["BlackSwan","WhitesApple"],"picked":"CENSORED","floor":22.0},{"not_picked":["FourthMatchFlame+1","Pleasure+1"],"picked":"Hornet+1","floor":22.0},{"not_picked":["ScreamingWedge+1","TheSmile+1","MagicBullet+1"],"picked":"SKIP","floor":22.0},{"not_picked":["DreamingCurrent","Bloodbath"],"picked":"OldLady","floor":26.0},{"not_picked":["Wingbeat+1","RedEyes+1"],"picked":"Logging+1","floor":26.0},{"not_picked":["Heaven+1","Soda+1"],"picked":"WristCuter+1","floor":26.0},{"not_picked":["ShedSkin+1","Regret_ego+1"],"picked":"SoundOfStar+1","floor":27.0},{"not_picked":["WallGazer","QueenOfHatred","GreedKing"],"picked":"Singing Bowl","floor":27.0},{"not_picked":["RedEyes+1","CUTE+1"],"picked":"Justitia+1","floor":27.0},{"not_picked":["ShedSkin+1","BearPaw+1"],"picked":"GrinderMk4+1","floor":27.0},{"not_picked":["Spore+1","TodaysExpression+1"],"picked":"Tough+1","floor":29.0},{"not_picked":["GreenStem+1","Penitence+1"],"picked":"Moonlight+1","floor":29.0},{"not_picked":["ShedSkin+1","TheSmile+1"],"picked":"RapturousDream+1","floor":29.0},{"not_picked":["RedEyes+1","Heaven+1"],"picked":"SomewhereSpear+1","floor":29.0},{"not_picked":["LittlePrince","DespairKnight"],"picked":"BigBird","floor":29.0},{"not_picked":["Harmony+1","FrostShard+1"],"picked":"InTheNameOfLoveAndHate+1","floor":29.0},{"not_picked":["BlueScar+1","Soda+1"],"picked":"Wingbeat+1","floor":29.0},{"not_picked":["NakedNest","MHz","BeautyBeast"],"picked":"Singing Bowl","floor":30.0},{"not_picked":["CherryBlossoms","FairyFestival"],"picked":"ShyLook","floor":30.0},{"not_picked":["Wingbeat+1","Beak+1"],"picked":"Diffraction+1","floor":30.0},{"not_picked":["Variant","GreedKing","Funeral"],"picked":"Singing Bowl","floor":32.0},{"not_picked":["DreamingCurrent","SpiderBud"],"picked":"Mercenary","floor":32.0},{"not_picked":["ScreamingWedge+1","RedEyes+1"],"picked":"WristCuter+1","floor":32.0},{"not_picked":["ScreamingWedge+1","CUTE+1","Noise+1"],"picked":"SKIP","floor":32.0},{"not_picked":["MHz","FieryBird","QueenBee"],"picked":"Singing Bowl","floor":33.0},{"not_picked":["Wellcheers","FieryBird"],"picked":"DespairKnight","floor":33.0},{"not_picked":["Twilight+1","CENSORED_ego+1"],"picked":"Adoration+1","floor":33.0},{"not_picked":["Twilight+1","CENSORED_ego+1"],"picked":"GoldRush+1","floor":33.0},{"not_picked":["DreamingCurrent","Bloodbath","HeroicMonk"],"picked":"Singing Bowl","floor":37.0},{"not_picked":["Amita+1","SwordSharpenedByTears+1","Beak+1"],"picked":"SKIP","floor":37.0},{"not_picked":["TodaysExpression+1","ScreamingWedge+1","Beak+1"],"picked":"SKIP","floor":37.0},{"not_picked":["Rudolta","UniverseFragment"],"picked":"BlueStar","floor":38.0},{"not_picked":["FourthMatchFlame+1","Mimicry+1"],"picked":"SomewhereSpear+1","floor":38.0},{"not_picked":["FrostShard+1","CUTE+1"],"picked":"Gaze+1","floor":38.0},{"not_picked":["MHz","MeatLantern","LittleHelper"],"picked":"Singing Bowl","floor":39.0},{"not_picked":["Harvest+1","RedEyes+1"],"picked":"Reverberation+1","floor":39.0},{"not_picked":["Hornet+1","ScreamingWedge+1"],"picked":"WristCuter+1","floor":39.0},{"not_picked":["Wingbeat+1","Horn+1"],"picked":"Tough+1","floor":40.0},{"not_picked":["SwordSharpenedByTears+1","Noise+1"],"picked":"BearPaw+1","floor":40.0},{"not_picked":["Bloodbath","HappyTeddy","GreedKing"],"picked":"Singing Bowl","floor":40.0},{"not_picked":["BlackSwan","LittlePrince"],"picked":"Woodsman","floor":40.0},{"not_picked":["FourthMatchFlame+1","Penitence+1"],"picked":"InTheNameOfLoveAndHate+1","floor":40.0},{"not_picked":["Logging+1","Noise+1"],"picked":"DaCapo+1","floor":40.0},{"not_picked":["DreamingCurrent","Funeral"],"picked":"BodiesMountain","floor":42.0},{"not_picked":["RapturousDream+1","SomewhereSpear+1"],"picked":"WristCuter+1","floor":42.0},{"not_picked":["Christmas+1","CUTE+1"],"picked":"ScreamingWedge+1","floor":42.0},{"not_picked":["DreamingCurrent","QueenBee","Yin"],"picked":"Singing Bowl","floor":43.0},{"not_picked":["Porccubus","HeroicMonk"],"picked":"Freischutz","floor":43.0},{"not_picked":["Christmas+1","Ecstasy+1"],"picked":"Tough+1","floor":43.0},{"not_picked":["Mimicry+1","CUTE+1","Noise+1"],"picked":"SKIP","floor":43.0},{"not_picked":["DreamingCurrent","GreedKing","LittlePrince"],"picked":"Singing Bowl","floor":44.0},{"not_picked":["GreedKing","UniverseFragment"],"picked":"BigBadWolf","floor":44.0},{"not_picked":["Hypocrisy+1","Wingbeat+1"],"picked":"Logging+1","floor":44.0},{"not_picked":["Beak+1","TodaysExpression+1","LifeForTheDareDevil+1"],"picked":"SKIP","floor":44.0},{"not_picked":["CherryBlossoms","OSAHOGD","MeltingLove"],"picked":"Singing Bowl","floor":45},{"not_picked":["CrimsonScar+1","Ecstasy+1"],"picked":"Spore+1","floor":45},{"not_picked":["Wingbeat+1","TodaysExpression+1"],"picked":"Diffraction+1","floor":45},{"not_picked":["Alriune","FieryBird","CrumblingArmor"],"picked":"Singing Bowl","floor":46},{"not_picked":["Christmas+1","TheSmile+1"],"picked":"Diffraction+1","floor":46},{"not_picked":["CherryBlossom+1","Beak+1","Wingbeat+1"],"picked":"SKIP","floor":46},{"not_picked":["MHz","Alriune","FairyFestival"],"picked":"Singing Bowl","floor":36},{"not_picked":["ScreamingWedge+1","ParadiseLost+1"],"picked":"Reverberation+1","floor":36},{"not_picked":["Laetitia_ego+1","Reverberation+1"],"picked":"Gaze+1","floor":36},{"not_picked":["FourthMatchFlame+1","CrimsonScar+1"],"picked":"Tough+1","floor":39},{"not_picked":["Soda+1","Horn+1"],"picked":"Galaxy+1","floor":39},{"not_picked":["InTheNameOfLoveAndHate+1","FourthMatchFlame+1"],"picked":"Lamp+1","floor":40},{"not_picked":["FourthMatchFlame+1","ShedSkin+1"],"picked":"Adoration+1","floor":40},{"not_picked":["DreamingCurrent","Funeral","SnowQueen"],"picked":"Singing Bowl","floor":43},{"not_picked":["Regret_ego+1","Spore+1"],"picked":"SomewhereSpear+1","floor":43},{"not_picked":["CherryBlossom+1","Tough+1"],"picked":"Logging+1","floor":43},{"not_picked":["expansioncontent:DonusPower+1","expansioncontent:HyperBeam+1"],"picked":"expansioncontent:AwakenDeath+1","floor":45},{"not_picked":["Rudolta","BlackSwan","LittleHelper"],"picked":"Singing Bowl","floor":47},{"not_picked":["CUTE+1","Noise+1"],"picked":"RapturousDream+1","floor":47},{"not_picked":["Moonlight+1","CherryBlossom+1"],"picked":"Ecstasy+1","floor":47},{"not_picked":["LaLuna","QueenBee","MeltingLove"],"picked":"Singing Bowl","floor":48},{"not_picked":["WhitesApple","SnowQueen"],"picked":"Yin","floor":48},{"not_picked":["Loneliness+1","TodaysExpression+1"],"picked":"CENSORED_ego+1","floor":48},{"not_picked":["Lantern+1","Penitence+1"],"picked":"WristCuter+1","floor":48},{"not_picked":["CUTE+1","Pleasure+1"],"picked":"SolemnVow+1","floor":49},{"not_picked":["Regret_ego+1","Amita+1"],"picked":"Ecstasy+1","floor":49}],"player_experience":185618,"relics_obtained":[{"floor":2.0,"key":"LetterFromLob"},{"floor":3.0,"key":"Replay:Rubber Ducky"},{"floor":7.0,"key":"Ancient Tea Set"},{"floor":8.0,"key":"Lantern"},{"floor":10.0,"key":"Kunai"},{"floor":14.0,"key":"Ring of Searing"},{"floor":14.0,"key":"Ring of Hypnosis"},{"floor":19.0,"key":"Mango"},{"floor":20.0,"key":"Boot"},{"floor":22.0,"key":"GnawedLeaf"},{"floor":27.0,"key":"Juzu Bracelet"},{"floor":29.0,"key":"Ginger"},{"floor":30.0,"key":"Twilight"},{"floor":32.0,"key":"Replay:Wax Seal"},{"floor":37.0,"key":"Whetstone"},{"floor":38.0,"key":"Bottled Flame"},{"floor":39.0,"key":"Strawberry"},{"floor":40.0,"key":"SatanicBible"},{"floor":41.0,"key":"Replay:Bottled Flurry"},{"floor":42.0,"key":"Pocketwatch"},{"floor":44.0,"key":"InkBottle"},{"floor":45,"key":"ForgetMeNow"},{"floor":46,"key":"ReplayFunnel"},{"floor":36,"key":"Replay:Ringing Soul"},{"floor":39,"key":"DeathAngel"},{"floor":40,"key":"Pantograph"},{"floor":41,"key":"MawBank"},{"floor":47,"key":"Girya"},{"floor":49,"key":"BloodDonationMachine"}],"event_choices":[{"damage_healed":0.0,"max_hp_gain":0.0,"max_hp_loss":0.0,"gold_gain":0.0,"event_name":"The Library","player_choice":"Read","floor":31.0,"gold_loss":0.0,"damage_taken":0.0,"cards_obtained":["Adoration"]},{"damage_healed":0,"gold_gain":0,"player_choice":"Fight","damage_taken":0,"max_hp_gain":0,"max_hp_loss":0,"event_name":"Mysterious Sphere","floor":45,"gold_loss":0}],"is_beta":false,"boss_relics":[{"not_picked":["Astrolabe","Fusion Hammer"],"picked":"ChampionBelt"},{"not_picked":[]},{"not_picked":["Replay:Drink Me","Replay:Bronze Core"],"picked":"MagicMushroom"},{"not_picked":[]}],"items_purged_floors":[13],"is_endless":false,"potions_floor_spawned":[4,11,33,48],"ascension_level":20}}