{"host":"yoibuf8dtscl5joe","time":1608500087,"event":{"mods":["BaseMod","Marisa????????","Minty Spire (QoL Compilation)","Replay The Spire","StSLib","The Construct","The Cursed","The Servant 0.9.4"],"gold_per_floor":[116,134,84,101,101,130,142,67,90,90,90,90,90,104,129,148,148,260,260,287,287,319,67,67,67,95,95,121,145,181,204,114,145,145,163,163],"floor_reached":35,"playtime":2506,"items_purged":["Strike_G"],"score":259,"play_id":"9158e293-3aba-42b9-8af8-5151cc78cc93","local_time":"20201220233447","is_ascension_mode":false,"campfire_choices":[{"floor":11,"key":"REST"},{"floor":17,"key":"REST"},{"data":"Envenom","floor":25,"key":"SMITH"},{"data":"Prepared","floor":27,"key":"SMITH"}],"circlet_count":0,"master_deck":["Strike_G+1","Strike_G+1","Defend_G+1","Defend_G+1","Defend_G+1","Defend_G+1","Defend_G+1","Survivor","Neutralize+1","Backflip","Prepared+1","Poisoned Stab+1","Poisoned Stab","Envenom+1","ReplayTheSpireMod:Scrap Shanks","Toxin Wave+1","Acrobatics"],"relics":["Ring of the Snake","Lantern","Blue Doll","Replay:Bandana","Philosopher\u0027s Stone","Nloth\u0027s Gift","Gremlin Horn","Blood Vial"],"acts_visited":["Exordium","TheCity"],"potions_floor_usage":[6,7,16,35,35],"damage_taken":[{"damage":0,"enemies":"2 Louse","floor":1,"turns":4},{"damage":4,"enemies":"Jaw Worm","floor":2,"turns":6},{"damage":0,"enemies":"Small Slimes","floor":4,"turns":3},{"damage":31,"enemies":"Gremlin Nob","floor":6,"turns":6},{"damage":2,"enemies":"Looter","floor":7,"turns":3},{"damage":0,"enemies":"Exordium Thugs","floor":14,"turns":4},{"damage":5,"enemies":"Red Slaver","floor":16,"turns":5},{"damage":33,"enemies":"The Guardian","floor":18,"turns":11},{"damage":26,"enemies":"2 Thieves","floor":20,"turns":5},{"damage":3,"enemies":"Chosen","floor":22,"turns":5},{"damage":15,"enemies":"Snake Plant","floor":26,"turns":5},{"damage":8,"enemies":"Chosen and Byrds","floor":30,"turns":4},{"damage":7,"enemies":"Snecko","floor":31,"turns":4},{"damage":0,"enemies":"Snake Plant","floor":33,"turns":4},{"damage":24,"enemies":"Automaton","floor":35,"turns":4}],"seed_played":"2072457676315662189","potions_obtained":[{"floor":2,"key":"EssenceOfSteel"},{"floor":6,"key":"ColorlessPotion"},{"floor":14,"key":"Weak Potion"},{"floor":26,"key":"DuplicationPotion"},{"floor":31,"key":"AttackPotion"},{"floor":33,"key":"Adrenaline Potion"}],"is_trial":false,"path_per_floor":["M","M","?","M","?","E","M","$","T","?","R","PTL","PTL","M","T","M","R","B",null,"M","?","M","$","?","R","M","R","T","T","M","M","?","M","R","B"],"character_chosen":"THE_SILENT","items_purchased":["Gremlin Horn"],"campfire_rested":2,"item_purchase_floors":[23],"current_hp_per_floor":[70,66,66,66,52,21,19,19,19,19,40,40,40,40,40,35,56,23,70,44,44,41,41,41,41,26,26,26,26,20,15,15,17,17,0,0],"gold":163,"neow_bonus":"UPGRADE_CARD","is_daily":false,"chose_seed":false,"campfire_upgraded":2,"win_rate":0.0,"timestamp":1608500087,"path_taken":["M","M","?","M","?","E","M","$","T","?","R","PTL","PTL","M","?","?","R","BOSS","M","?","?","$","?","R","M","R","T","?","M","M","?","M","R","BOSS"],"items_purchased_type":["Relic"],"build_version":"2020-12-13","purchased_purges":1,"victory":false,"max_hp_per_floor":[70,70,70,70,70,70,70,70,70,70,70,70,70,70,70,70,70,70,70,70,70,70,70,70,70,70,70,70,70,70,70,70,70,70,70,70],"card_choices":[{"not_picked":["Dagger Spray","Flying Knee","Quick Slash"],"picked":"SKIP","floor":1},{"not_picked":["PiercingWail","Hidden Blade"],"picked":"Backflip","floor":2},{"not_picked":["Bane","PiercingWail"],"picked":"Prepared","floor":4},{"not_picked":["Doppelganger","Sucker Punch"],"picked":"Poisoned Stab","floor":6},{"not_picked":["Blur","Sneak Up","Reflex"],"picked":"SKIP","floor":7},{"not_picked":["Dagger Throw","Cloak And Dagger"],"picked":"Poisoned Stab","floor":14},{"not_picked":["Accuracy","Night Terror","PiercingWail"],"picked":"SKIP","floor":16},{"not_picked":["Venomology","Burst"],"picked":"Envenom","floor":18},{"not_picked":["Calculated Gamble","Well Laid Plans+1"],"picked":"ReplayTheSpireMod:Scrap Shanks","floor":20},{"not_picked":["Dodge and Roll","Unload","Toxin Wave"],"picked":"SKIP","floor":22},{"not_picked":["Deadly Poison","Dagger Spray+1"],"picked":"Toxin Wave+1","floor":26},{"not_picked":["Hidden Blade+1","ReplayTheSpireMod:Shiv Toss","Flying Knee"],"picked":"SKIP","floor":30},{"not_picked":["Dagger Spray","Sucker Punch","Dodge and Roll"],"picked":"SKIP","floor":31},{"not_picked":["Atom Bomb","Dodge and Roll","Venomology"],"picked":"SKIP","floor":33}],"player_experience":363586,"relics_obtained":[{"floor":6,"key":"Lantern"},{"floor":9,"key":"Omamori"},{"floor":15,"key":"Replay:Bandana"},{"floor":28,"key":"Blood Vial"}],"event_choices":[{"cards_removed":["Strike_G"],"damage_healed":0,"gold_gain":0,"player_choice":"Card Removal","damage_taken":0,"max_hp_gain":0,"max_hp_loss":0,"event_name":"The Cleric","floor":3,"gold_loss":50},{"damage_healed":0,"gold_gain":0,"player_choice":"Entered Light","damage_taken":14,"max_hp_gain":0,"max_hp_loss":0,"event_name":"Shining Light","floor":5,"gold_loss":0,"cards_upgraded":["Strike_G","Defend_G"]},{"damage_healed":0,"gold_gain":0,"player_choice":"Box","damage_taken":0,"relics_obtained":["Blue Doll"],"max_hp_gain":0,"max_hp_loss":0,"event_name":"Big Fish","floor":10,"gold_loss":0,"cards_obtained":["Regret"]},{"damage_healed":0,"gold_gain":0,"player_choice":"Traded Relic","damage_taken":0,"relics_obtained":["Nloth\u0027s Gift"],"max_hp_gain":0,"max_hp_loss":0,"event_name":"N\u0027loth","floor":21,"relics_lost":["Omamori"],"gold_loss":0},{"damage_healed":0,"gold_gain":0,"player_choice":"Simplicity","damage_taken":0,"max_hp_gain":0,"max_hp_loss":0,"event_name":"Back to Basics","floor":24,"gold_loss":0,"cards_upgraded":["Strike_G","Strike_G","Defend_G","Defend_G","Defend_G","Defend_G"]},{"cards_removed":["Strike_G"],"damage_healed":0,"gold_gain":0,"player_choice":"Upgrade and Remove","damage_taken":0,"max_hp_gain":0,"max_hp_loss":0,"event_name":"Designer","floor":32,"gold_loss":90,"cards_upgraded":["Poisoned Stab"]},{"damage_healed":0,"gold_gain":0,"player_choice":"1 cards matched","damage_taken":0,"max_hp_gain":0,"max_hp_loss":0,"event_name":"Match and Keep!","floor":34,"gold_loss":0,"cards_obtained":["Acrobatics"]}],"is_beta":false,"boss_relics":[{"not_picked":["Snecko Scales","ReplayTheSpireMod:DimensionalGlitch"],"picked":"Philosopher\u0027s Stone"}],"items_purged_floors":[8],"is_endless":false,"potions_floor_spawned":[2,6,14,26,31,33],"killed_by":"Automaton","ascension_level":0}}