{"host":"tmw6oi484o2emew9","time":1608424267,"event":{"mods":["AchievementEnabler","Ascension Reborn","Aspiration","BaseMod","Bestiary","BetterRewards","Colored Map","DeckTracker","Downfall","Friendly Minions","Halation","Hermit","Hubris","Infinite Spire","Marisa????????","Minty Spire (QoL Compilation)","Permanent Neow","Replay The Spire","StSLib","The Animator","The Bug Knight"],"gold_per_floor":[114,114,114,189,37,78,78,99,99,99,124,147,187,208,208,327,327,346,346,356,356,368,368,396,416,416,416,429,1059,1059,1085,1085,1085,1085],"floor_reached":33,"playtime":2438,"items_purged":[],"score":320,"play_id":"1c64e61e-f09e-4f2a-b9d4-85e509f95b86","local_time":"20201220003107","is_ascension_mode":true,"campfire_choices":[{"floor":10,"key":"DIG"},{"floor":15,"key":"REST"},{"floor":23,"key":"DIG"}],"circlet_count":0,"master_deck":["Strike_MRS","Strike_MRS","Strike_MRS","Strike_MRS","Defend_MRS","Defend_MRS","Defend_MRS","Defend_MRS","MasterSpark","Replay:SS_hec_2","UnstableBomb","Replay:Light Bash","EnergyFlow","AsteroidBelt","PulseMagic","MillisecondPulsars","GalacticHalo+1","MilkyWay+1","Delirium"],"relics":["MiniHakkero","Bloody Idol","Membership Card","Replay:Multitool","AmplifyWand","Bottled Flame","Replay:Mystery Machine","hubris:ScarierMask","ReplayTheSpireMod:Ring of Exchange","Blue Doll","Oddly Smooth Stone","Replay:Bottled Flurry","MutagenicStrength","Bag of Preparation"],"acts_visited":["Exordium","TheCity"],"potions_floor_usage":[12,13,31,31],"damage_taken":[{"damage":0,"enemies":"2 Louse","floor":1,"turns":3},{"damage":3,"enemies":"HollowMod:MossKnight","floor":6,"turns":10},{"damage":0,"enemies":"Small Slimes","floor":8,"turns":4},{"damage":0,"enemies":"Jaw Worm","floor":11,"turns":4},{"damage":4,"enemies":"Gremlin Gang","floor":12,"turns":6},{"damage":14,"enemies":"Lagavulin","floor":13,"turns":6},{"damage":0,"enemies":"Large Slime","floor":14,"turns":5},{"damage":14,"enemies":"Hexaghost","floor":16,"turns":16},{"damage":6,"enemies":"3 Byrds","floor":18,"turns":6},{"damage":10,"enemies":"Shell Parasite","floor":20,"turns":7},{"damage":6,"enemies":"Shelled Parasite and Fungi","floor":22,"turns":8},{"damage":25,"enemies":"Nightmare","floor":24,"turns":13},{"damage":0,"enemies":"Snecko","floor":25,"turns":7},{"damage":0,"enemies":"Sentry and Sphere","floor":28,"turns":5},{"damage":8,"enemies":"Book of Stabbing","floor":31,"turns":9},{"damage":92,"enemies":"Collector","floor":33,"turns":7}],"seed_played":"-8812257159129678443","potions_obtained":[{"floor":11,"key":"Strength Potion"},{"floor":12,"key":"Adrenaline Potion"},{"floor":13,"key":"ShroomBrew"},{"floor":16,"key":"PowerPotion"},{"floor":24,"key":"BottledSpark"},{"floor":31,"key":"GamblersBrew"}],"is_trial":false,"path_per_floor":["M","?","?","?","$","E","?","M","T","R","M","M","E","M","R","B",null,"M","?","M","?","M","R","NM","M","T","?","M","?","R","E","R_BF","B"],"character_chosen":"MARISA","items_purchased":["Membership Card"],"campfire_rested":1,"item_purchase_floors":[5],"current_hp_per_floor":[75,75,57,46,46,43,43,43,43,43,43,39,25,25,47,33,75,69,69,64,64,63,63,43,48,48,48,53,19,41,38,60,0,0],"gold":1085,"neow_bonus":"RANDOM_COLORLESS","is_daily":false,"chose_seed":false,"campfire_upgraded":0,"win_rate":0.0,"timestamp":1608424267,"path_taken":["M","?","?","?","?","E","?","M","T","R","M","M","E","M","R","BOSS","M","?","M","?","?","R","NM","M","T","?","M","?","R","E","R_BF","BOSS"],"items_purchased_type":["Relic"],"build_version":"2020-12-13","purchased_purges":0,"victory":false,"max_hp_per_floor":[75,75,75,75,75,75,75,75,75,75,75,75,75,75,75,75,75,75,75,75,75,75,75,75,75,75,75,75,75,75,75,75,75,75],"card_choices":[{"not_picked":["Enlightenment","ReplayTheSpireMod:Uncanny Aura"],"picked":"Replay:SS_hec_2","floor":0},{"not_picked":["6A","WitchOfGreed"],"picked":"UnstableBomb","floor":1},{"not_picked":["SuperPerseids","StarlightTyphoon","ChargeUpSpray"],"picked":"SKIP","floor":6},{"not_picked":["WitchLeyline","DoubleSpark"],"picked":"EnergyFlow","floor":8},{"not_picked":["ShootingEcho","EscapeVelocity","IllusionStar"],"picked":"SKIP","floor":11},{"not_picked":["DC","DarkSpark"],"picked":"AsteroidBelt","floor":12},{"not_picked":["UnstableBomb","StarBarrage","MagicAbsorber"],"picked":"SKIP","floor":13},{"not_picked":["GrandCross","GalacticHalo"],"picked":"PulseMagic","floor":14},{"not_picked":["ManaRampage","SatelliteIllusion"],"picked":"MillisecondPulsars","floor":16},{"not_picked":["NonDirectionalLaser","FairyDestructionRay"],"picked":"GalacticHalo","floor":18},{"not_picked":["WitchLeyline","GravityBeat"],"picked":"MilkyWay","floor":20},{"not_picked":["SporeBomb","IllusionStar+1","PowerUp"],"picked":"SKIP","floor":22},{"not_picked":["LuminesStrike","GravityBeat+1","OneTimeOff"],"picked":"SKIP","floor":24},{"not_picked":["LuminesStrike","GravityBeat+1","OneTimeOff"],"picked":"SKIP","floor":24},{"not_picked":["DoubleSpark","OneTimeOff+1","ShootingEcho"],"picked":"SKIP","floor":25},{"not_picked":["ManaConvection","OrrerysSun","AbsoluteMagnitude"],"picked":"SKIP","floor":28},{"not_picked":["WitchLeyline","NonDirectionalLaser+1","Robbery+1"],"picked":"SKIP","floor":31}],"player_experience":216711,"relics_obtained":[{"floor":6,"key":"Replay:Multitool"},{"floor":9,"key":"AmplifyWand"},{"floor":10,"key":"Bottled Flame"},{"floor":13,"key":"Replay:Mystery Machine"},{"floor":21,"key":"ReplayTheSpireMod:Ring of Exchange"},{"floor":23,"key":"Blue Doll"},{"floor":24,"key":"Oddly Smooth Stone"},{"floor":26,"key":"Replay:Bottled Flurry"},{"floor":31,"key":"Bag of Preparation"}],"event_choices":[{"damage_healed":0,"gold_gain":0,"player_choice":"Take Damage","damage_taken":18,"relics_obtained":["Golden Idol"],"max_hp_gain":0,"max_hp_loss":0,"event_name":"Golden Idol","floor":3,"gold_loss":0},{"damage_healed":0,"gold_gain":75,"player_choice":"Gather Gold","damage_taken":11,"max_hp_gain":0,"max_hp_loss":0,"event_name":"World of Goop","floor":4,"gold_loss":0},{"damage_healed":0,"gold_gain":0,"player_choice":"Ignored","damage_taken":0,"max_hp_gain":0,"max_hp_loss":0,"event_name":"Shining Light","floor":7,"gold_loss":0},{"damage_healed":0,"gold_gain":0,"player_choice":"Gave Idol","damage_taken":0,"relics_obtained":["Bloody Idol"],"max_hp_gain":0,"max_hp_loss":0,"event_name":"Forgotten Altar","floor":19,"relics_lost":["Golden Idol"],"gold_loss":0},{"damage_healed":0,"gold_gain":0,"player_choice":"Inject Mutagens","damage_taken":0,"relics_obtained":["MutagenicStrength"],"max_hp_gain":0,"max_hp_loss":0,"event_name":"Drug Dealer","floor":27,"gold_loss":0},{"damage_healed":0,"gold_gain":630,"player_choice":"GOLD GOLD GOLD GOLD GOLD GOLD GOLD ","damage_taken":69,"max_hp_gain":0,"max_hp_loss":0,"event_name":"Knowing Skull","floor":29,"potions_obtained":[],"gold_loss":0,"cards_obtained":[]}],"is_beta":false,"boss_relics":[{"not_picked":["Replay:Bronze Core","hubris:TerracottaHorce"],"picked":"hubris:ScarierMask"}],"items_purged_floors":[],"is_endless":true,"potions_floor_spawned":[11,12,13,16,18,22,24,31],"killed_by":"Collector","ascension_level":0}}