{"host":"a9gsz7kv8aebwp1f","time":1608428323,"event":{"mods":["AchievementEnabler","BaseMod","Minty Spire (QoL Compilation)"],"gold_per_floor":[111,122,122,122,135,135,153,166,191,191,205,3,29,50,50,152,152,163,177,177,92,92,92,103,103,103],"floor_reached":25,"playtime":815,"items_purged":[],"score":258,"play_id":"286cd496-7ea2-4b52-9d7c-d89e4d58f520","local_time":"20201220103843","is_ascension_mode":true,"campfire_choices":[{"data":"Eruption","floor":6,"key":"SMITH"},{"floor":10,"key":"REST"},{"floor":15,"key":"REST"},{"floor":23,"key":"REST"}],"circlet_count":0,"master_deck":["Strike_P","Strike_P","Strike_P","Strike_P","Defend_P","Defend_P","Defend_P","Eruption+1","Vigilance","Fasting2","FollowUp","TalkToTheHand","Consecrate","FlyingSleeves","FlyingSleeves","EmptyBody","FlyingSleeves","Alpha","Consecrate","CutThroughFate","Protect","CutThroughFate","DeceiveReality","FlyingSleeves","LessonLearned","FearNoEvil+1","ThirdEye+1","Conclude"],"relics":["PureWater","Smiling Mask","Boot","Orrery","Vajra","Odd Mushroom","SlaversCollar","Juzu Bracelet","Akabeko"],"acts_visited":["Exordium","TheCity"],"potions_floor_usage":[13,16,16,16],"damage_taken":[{"damage":10,"enemies":"Cultist","floor":1,"turns":4},{"damage":3,"enemies":"2 Louse","floor":2,"turns":2},{"damage":25,"enemies":"Small Slimes","floor":5,"turns":4},{"damage":9,"enemies":"Looter","floor":7,"turns":3},{"damage":6,"enemies":"2 Fungi Beasts","floor":8,"turns":3},{"damage":6,"enemies":"Blue Slaver","floor":11,"turns":3},{"damage":27,"enemies":"3 Sentries","floor":13,"turns":5},{"damage":7,"enemies":"The Mushroom Lair","floor":14,"turns":3},{"damage":16,"enemies":"The Guardian","floor":16,"turns":8},{"damage":24,"enemies":"2 Thieves","floor":18,"turns":5},{"damage":11,"enemies":"Chosen","floor":19,"turns":5},{"damage":57,"enemies":"Snecko","floor":24,"turns":8},{"damage":9,"enemies":"Centurion and Healer","floor":25,"turns":1}],"seed_played":"8823627367549256198","potions_obtained":[{"floor":1,"key":"DistilledChaos"},{"floor":5,"key":"FearPotion"},{"floor":7,"key":"AttackPotion"},{"floor":13,"key":"Fruit Juice"},{"floor":14,"key":"PowerPotion"}],"is_trial":false,"path_per_floor":["M","M","?","?","M","R","M","M","T","R","M","$","E","?","R","B",null,"M","M","?","?","?","R","M","M"],"character_chosen":"WATCHER","items_purchased":["Orrery","CutThroughFate"],"campfire_rested":3,"item_purchase_floors":[12,12],"current_hp_per_floor":[62,59,41,65,40,40,31,25,25,46,40,40,18,11,34,18,77,53,42,42,42,42,65,8,0,0],"gold":103,"neow_bonus":"TRANSFORM_CARD","is_daily":false,"chose_seed":false,"campfire_upgraded":1,"win_rate":0.0,"timestamp":1608428323,"path_taken":["M","M","?","?","M","R","M","M","T","R","M","$","E","?","R","BOSS","M","M","?","?","?","R","M","M"],"items_purchased_type":["Relic","Card"],"build_version":"2020-12-13","purchased_purges":0,"victory":false,"max_hp_per_floor":[72,72,72,72,72,72,72,72,72,72,72,72,77,77,77,77,77,77,77,77,77,77,77,77,77,77],"card_choices":[{"not_picked":["Wireheading","Adaptation"],"picked":"FollowUp","floor":1},{"not_picked":["SandsOfTime","CutThroughFate"],"picked":"TalkToTheHand","floor":2},{"not_picked":["Study","EmptyBody"],"picked":"Consecrate","floor":5},{"not_picked":["Devotion","PathToVictory"],"picked":"FlyingSleeves","floor":7},{"not_picked":["Collect","WaveOfTheHand"],"picked":"FlyingSleeves","floor":8},{"not_picked":["CarveReality","Weave"],"picked":"EmptyBody","floor":11},{"not_picked":["CrushJoints","WheelKick"],"picked":"FlyingSleeves","floor":12},{"not_picked":["SashWhip","FollowUp"],"picked":"Alpha","floor":12},{"not_picked":["Evaluate","Crescendo"],"picked":"Consecrate","floor":12},{"not_picked":["Study","WreathOfFlame"],"picked":"CutThroughFate","floor":12},{"not_picked":["MentalFortress","Crescendo"],"picked":"Protect","floor":12},{"not_picked":["InnerPeace","SashWhip"],"picked":"DeceiveReality","floor":13},{"not_picked":["FlurryOfBlows","Pray"],"picked":"FlyingSleeves","floor":14},{"not_picked":["ConjureBlade","Establishment"],"picked":"LessonLearned","floor":16},{"not_picked":["InnerPeace","Crescendo"],"picked":"FearNoEvil","floor":18},{"not_picked":["CutThroughFate","CrushJoints"],"picked":"ThirdEye+1","floor":19},{"not_picked":["Crescendo","Scrawl"],"picked":"Conclude","floor":24}],"player_experience":437413,"relics_obtained":[{"floor":9,"key":"Boot"},{"floor":13,"key":"Vajra"},{"floor":14,"key":"Odd Mushroom"}],"event_choices":[{"damage_healed":0,"gold_gain":0,"player_choice":"Success","damage_taken":18,"relics_obtained":["Smiling Mask"],"max_hp_gain":0,"max_hp_loss":0,"event_name":"Scrap Ooze","floor":3,"gold_loss":0},{"damage_healed":24,"gold_gain":0,"player_choice":"Banana","damage_taken":0,"max_hp_gain":0,"max_hp_loss":0,"event_name":"Big Fish","floor":4,"gold_loss":0},{"damage_healed":0,"gold_gain":0,"player_choice":"Fought Mushrooms","damage_taken":0,"max_hp_gain":0,"max_hp_loss":0,"event_name":"Mushrooms","floor":14,"gold_loss":0},{"damage_healed":0,"gold_gain":0,"player_choice":"Ignored","damage_taken":0,"max_hp_gain":0,"max_hp_loss":0,"event_name":"Vampires","floor":20,"gold_loss":0},{"damage_healed":0,"gold_gain":0,"player_choice":"Obtained Relic","damage_taken":0,"relics_obtained":["Juzu Bracelet"],"max_hp_gain":0,"max_hp_loss":0,"event_name":"Addict","floor":21,"gold_loss":85},{"damage_healed":0,"gold_gain":0,"player_choice":"Opened","damage_taken":0,"relics_obtained":["Akabeko"],"max_hp_gain":0,"max_hp_loss":0,"event_name":"The Mausoleum","floor":22,"gold_loss":0}],"is_beta":false,"boss_relics":[{"not_picked":["Black Star","HolyWater"],"picked":"SlaversCollar"}],"items_purged_floors":[],"is_endless":false,"potions_floor_spawned":[1,5,7,13,14],"killed_by":"Centurion and Healer","ascension_level":3}}