{"host":"9ndbo4kgsfoemf7y","time":1608435222,"event":{"mods":["AchievementEnabler","BaseMod","Colored Map","DeckTracker","Keyboard Shortcuts","Minty Spire (QoL Compilation)","Permanent Neow","Quick Restart","Relic Stats","StSLib","SuperFastMode"],"gold_per_floor":[15,15,15,33,51,51,90,90,90,115,115,155,155,155,155,155,155],"floor_reached":16,"playtime":426,"items_purged":[],"score":205,"play_id":"70b10c8a-2311-4286-b2eb-9cd71ef2534a","local_time":"20201220123342","is_ascension_mode":true,"campfire_choices":[{"data":"Blur","floor":6.0,"key":"SMITH"},{"floor":8.0,"key":"REST"},{"floor":11.0,"key":"REST"},{"floor":13,"key":"REST"},{"data":"Riddle With Holes","floor":15,"key":"SMITH"}],"circlet_count":0,"master_deck":["AscendersBane","Strike_G","Strike_G","Strike_G","Strike_G","Defend_G","Defend_G","Defend_G","Defend_G","Defend_G","Survivor","Neutralize","Adrenaline","Flying Knee","Pain","Backflip","Blur+1","Riddle With Holes+1","Terror+1","Well Laid Plans"],"relics":["Ring of the Snake","Golden Idol","WarpedTongs","Toxic Egg 2","Sundial","Incense Burner"],"acts_visited":["Exordium"],"potions_floor_usage":[12],"damage_taken":[{"damage":12.0,"enemies":"Jaw Worm","floor":1.0,"turns":4.0},{"damage":2.0,"enemies":"2 Louse","floor":4.0,"turns":2.0},{"damage":1.0,"enemies":"Cultist","floor":5.0,"turns":3.0},{"damage":41.0,"enemies":"Lagavulin","floor":7.0,"turns":12.0},{"damage":5.0,"enemies":"Blue Slaver","floor":10.0,"turns":4.0},{"damage":32,"enemies":"3 Sentries","floor":12,"turns":9},{"damage":21,"enemies":"The Guardian","floor":16,"turns":10}],"seed_played":"977710836732182082","potions_obtained":[{"floor":4.0,"key":"Explosive Potion"},{"floor":12,"key":"Dexterity Potion"}],"is_trial":false,"path_per_floor":["M","?","?","M","M","R","E","R","T","M","R","E","R","?","R","B"],"character_chosen":"THE_SILENT","items_purchased":[],"campfire_rested":3,"item_purchase_floors":[],"current_hp_per_floor":[47,47,47,45,44,44,3,21,21,16,34,2,20,20,20,0,0],"gold":155,"neow_bonus":"THREE_RARE_CARDS","is_daily":false,"chose_seed":false,"campfire_upgraded":2,"win_rate":0.0,"timestamp":1608435222,"path_taken":["M","?","?","M","?","R","E","R","T","M","R","E","R","?","R","BOSS"],"items_purchased_type":[],"build_version":"2020-12-13","purchased_purges":0,"victory":false,"max_hp_per_floor":[66,60,60,60,60,60,60,60,60,60,60,60,60,60,60,60,60],"relic_stats":{"counters":[7,44],"Golden Idol":29,"Sundial":[4],"obtain_stats":[{"Golden Idol":2,"Sundial":9,"Incense Burner":12,"Toxic Egg 2":7,"Ring of the Snake":0,"WarpedTongs":3},{"Golden Idol":1,"Sundial":4,"Incense Burner":6,"Toxic Egg 2":4,"Ring of the Snake":0,"WarpedTongs":1},{"Golden Idol":4,"Sundial":21,"Incense Burner":34,"Toxic Egg 2":21,"Ring of the Snake":0,"WarpedTongs":4}],"Ring of the Snake":[14],"WarpedTongs":[39]},"card_choices":[{"not_picked":["Doppelganger","Night Terror"],"picked":"Adrenaline","floor":0.0},{"not_picked":["Deflect","Sucker Punch"],"picked":"Flying Knee","floor":1.0},{"not_picked":["Outmaneuver","Slice","Backflip"],"picked":"SKIP","floor":4.0},{"not_picked":["Outmaneuver","Slice"],"picked":"Backflip","floor":4.0},{"not_picked":["Slice","Backstab"],"picked":"Blur","floor":5.0},{"not_picked":["Deflect+1","Outmaneuver+1"],"picked":"Riddle With Holes","floor":7.0},{"not_picked":["Outmaneuver+1","Dagger Throw","Glass Knife"],"picked":"SKIP","floor":10.0},{"not_picked":["Setup+1","PiercingWail+1"],"picked":"Terror+1","floor":12}],"player_experience":716896,"relics_obtained":[{"floor":7.0,"key":"Toxic Egg 2"},{"floor":9.0,"key":"Sundial"},{"floor":12,"key":"Incense Burner"}],"event_choices":[{"damage_healed":0.0,"max_hp_gain":0.0,"max_hp_loss":6.0,"gold_gain":0.0,"event_name":"Golden Idol","player_choice":"Lose Max HP","floor":2.0,"gold_loss":0.0,"damage_taken":0.0,"relics_obtained":["Golden Idol"]},{"damage_healed":0.0,"max_hp_gain":0.0,"max_hp_loss":0.0,"gold_gain":0.0,"event_name":"Accursed Blacksmith","player_choice":"Rummage","floor":3.0,"gold_loss":0.0,"damage_taken":0.0,"relics_obtained":["WarpedTongs"],"cards_obtained":["Pain"]},{"damage_healed":0,"gold_gain":0,"cards_transformed":["Strike_G"],"player_choice":"Transformed","damage_taken":0,"max_hp_gain":0,"max_hp_loss":0,"event_name":"Transmorgrifier","floor":14,"gold_loss":0,"cards_obtained":["Well Laid Plans"]}],"is_beta":false,"boss_relics":[],"items_purged_floors":[],"is_endless":false,"potions_floor_spawned":[4,12],"killed_by":"The Guardian","ascension_level":18}}