{"host":"agbyy69nq62afhwx","time":1608432476,"event":{"mods":["BaseMod","Colored Map","Highlight Path","Keyboard Shortcuts","Minty Spire (QoL Compilation)","Quick Restart","StSLib","SuperFastMode","everything is the same but u backflip on backflip"],"gold_per_floor":[117,135,146,161,86,86,98,98,98,129,141,156,156,167,167,271,271,290,9,22,22,40,40,3,13,38,38,66,79,79,94,94,199,199,210,227,277,277,296,296,296,296,322,322,342,342,362,382,382,382,382],"floor_reached":50,"playtime":2264,"items_purged":["Strike_P","Defend_P"],"score":517,"play_id":"ace584dc-16b4-4d3f-adc8-c5cb4c14dcad","local_time":"20201220114756","is_ascension_mode":true,"campfire_choices":[{"data":"MentalFortress","floor":6.0,"key":"SMITH"},{"data":"EmptyMind","floor":8.0,"key":"SMITH"},{"floor":13.0,"key":"REST"},{"data":"TalkToTheHand","floor":15.0,"key":"SMITH"},{"floor":23.0,"key":"REST"},{"floor":27.0,"key":"REST"},{"floor":30.0,"key":"REST"},{"data":"Vault","floor":32.0,"key":"SMITH"},{"data":"MentalFortress","floor":40.0,"key":"SMITH"},{"data":"TalkToTheHand","floor":44.0,"key":"SMITH"},{"data":"FollowUp","floor":49.0,"key":"SMITH"}],"circlet_count":0,"master_deck":["Strike_P","Strike_P","Strike_P","Defend_P","Defend_P","Defend_P","Eruption+1","Vigilance","MentalFortress+1","FollowUp","EmptyMind+1","FollowUp+1","Wireheading","TalkToTheHand+1","FearNoEvil","Vault+1","FollowUp+1","Indignation+1","MentalFortress+1","TalkToTheHand+1","Halt","FlurryOfBlows+1","WaveOfTheHand","Finesse"],"relics":["PureWater","White Beast Statue","Pantograph","SacredBark","Membership Card","Akabeko","Orichalcum","Meat on the Bone","Runic Pyramid","Gambling Chip","Pen Nib"],"acts_visited":["Exordium","TheCity","TheBeyond"],"potions_floor_usage":[50,50,50],"damage_taken":[{"damage":0.0,"enemies":"Cultist","floor":1.0,"turns":2.0},{"damage":5.0,"enemies":"2 Louse","floor":2.0,"turns":4.0},{"damage":0.0,"enemies":"Small Slimes","floor":3.0,"turns":3.0},{"damage":8.0,"enemies":"Blue Slaver","floor":4.0,"turns":4.0},{"damage":0.0,"enemies":"3 Louse","floor":7.0,"turns":1.0},{"damage":28.0,"enemies":"Gremlin Nob","floor":10.0,"turns":3.0},{"damage":10.0,"enemies":"Large Slime","floor":11.0,"turns":4.0},{"damage":1.0,"enemies":"Looter","floor":12.0,"turns":4.0},{"damage":8.0,"enemies":"Exordium Wildlife","floor":14.0,"turns":2.0},{"damage":42.0,"enemies":"The Guardian","floor":16.0,"turns":12.0},{"damage":8.0,"enemies":"2 Thieves","floor":18.0,"turns":4.0},{"damage":5.0,"enemies":"Shell Parasite","floor":20.0,"turns":7.0},{"damage":32.0,"enemies":"Snake Plant","floor":22.0,"turns":5.0},{"damage":28.0,"enemies":"Snecko","floor":25.0,"turns":9.0},{"damage":17.0,"enemies":"Slavers","floor":28.0,"turns":6.0},{"damage":4.0,"enemies":"Chosen and Byrds","floor":29.0,"turns":6.0},{"damage":8.0,"enemies":"Cultist and Chosen","floor":31.0,"turns":5.0},{"damage":38.0,"enemies":"Automaton","floor":33.0,"turns":10.0},{"damage":0.0,"enemies":"3 Shapes","floor":35.0,"turns":8.0},{"damage":16.0,"enemies":"Orb Walker","floor":36.0,"turns":4.0},{"damage":7.0,"enemies":"Mind Bloom Boss Battle","floor":37.0,"turns":7.0},{"damage":9.0,"enemies":"Spire Growth","floor":39.0,"turns":5.0},{"damage":10.0,"enemies":"Jaw Worm Horde","floor":45.0,"turns":4.0},{"damage":16.0,"enemies":"Sphere and 2 Shapes","floor":47.0,"turns":5.0},{"damage":0.0,"enemies":"4 Shapes","floor":48.0,"turns":6.0},{"damage":67,"enemies":"Time Eater","floor":50,"turns":12}],"seed_played":"4457494521520257697","potions_obtained":[{"floor":1.0,"key":"SteroidPotion"},{"floor":7.0,"key":"SteroidPotion"},{"floor":10.0,"key":"LiquidBronze"},{"floor":11.0,"key":"Strength Potion"},{"floor":12.0,"key":"BlessingOfTheForge"},{"floor":14.0,"key":"Explosive Potion"},{"floor":16.0,"key":"DuplicationPotion"},{"floor":18.0,"key":"Explosive Potion"},{"floor":25.0,"key":"SkillPotion"},{"floor":28.0,"key":"SkillPotion"},{"floor":29.0,"key":"Swift Potion"},{"floor":31.0,"key":"StancePotion"},{"floor":33.0,"key":"FearPotion"},{"floor":35.0,"key":"Explosive Potion"},{"floor":36.0,"key":"BottledMiracle"},{"floor":45.0,"key":"Fire Potion"},{"floor":48.0,"key":"Weak Potion"}],"is_trial":false,"path_per_floor":["M","M","M","M","$","R","M","R","T","E","M","M","R","M","R","B",null,"M","$","M","$","M","R","$","M","T","R","E","M","R","M","R","B",null,"M","M","?","?","M","R","?","?","T","R","M","?","M","M","R","B"],"character_chosen":"WATCHER","items_purchased":["Membership Card","Akabeko","MentalFortress"],"campfire_rested":4,"item_purchase_floors":[19,19,24],"current_hp_per_floor":[72,67,67,59,59,59,59,59,59,31,21,20,41,33,33,16,72,64,64,59,59,27,48,48,20,20,41,24,32,53,45,45,44,72,72,56,65,65,56,56,56,56,56,56,46,46,42,42,42,0,0],"gold":382,"neow_bonus":"UPGRADE_CARD","is_daily":false,"chose_seed":false,"campfire_upgraded":7,"win_rate":0.0,"timestamp":1608432476,"path_taken":["M","M","M","M","$","R","M","R","T","E","M","M","R","M","R","BOSS","M","$","M","$","M","R","$","M","T","R","E","?","R","M","R","BOSS","M","M","?","?","?","R","?","?","T","R","M","?","M","M","R","BOSS"],"items_purchased_type":["Relic","Relic","Card"],"build_version":"2020-12-13","purchased_purges":2,"victory":false,"max_hp_per_floor":[72,72,72,72,72,72,72,72,72,72,72,72,72,72,72,72,72,72,72,72,72,72,72,72,72,72,72,72,72,72,72,72,72,72,72,72,72,72,72,72,72,72,72,72,72,72,72,72,72,72,72],"card_choices":[{"not_picked":["FearNoEvil","Prostrate"],"picked":"MentalFortress","floor":1.0},{"not_picked":["FlyingSleeves","Worship"],"picked":"FollowUp","floor":2.0},{"not_picked":["ClearTheMind","Protect"],"picked":"EmptyMind","floor":3.0},{"not_picked":["ThirdEye","JustLucky"],"picked":"FollowUp","floor":4.0},{"not_picked":["Vengeance","FlyingSleeves"],"picked":"Wireheading","floor":7.0},{"not_picked":["ClearTheMind","Fasting2","Weave"],"picked":"SKIP","floor":10.0},{"not_picked":["SandsOfTime","WreathOfFlame"],"picked":"TalkToTheHand","floor":11.0},{"not_picked":["CrushJoints","ReachHeaven"],"picked":"Wireheading","floor":12.0},{"not_picked":["ClearTheMind","Weave"],"picked":"FearNoEvil","floor":14.0},{"not_picked":["SpiritShield","Omniscience"],"picked":"Vault","floor":16.0},{"not_picked":["Consecrate","Prostrate","Pray"],"picked":"SKIP","floor":18.0},{"not_picked":["Prostrate+1","JustLucky"],"picked":"FollowUp+1","floor":20.0},{"not_picked":["Worship+1","Devotion"],"picked":"Indignation+1","floor":22.0},{"not_picked":["SashWhip","Vengeance"],"picked":"TalkToTheHand","floor":25.0},{"not_picked":["Evaluate","Worship"],"picked":"Halt","floor":28.0},{"not_picked":["Protect","EmptyBody","Wallop"],"picked":"SKIP","floor":29.0},{"not_picked":["CutThroughFate","Consecrate","EmptyBody+1"],"picked":"SKIP","floor":31.0},{"not_picked":["CutThroughFate+1","EmptyBody+1","EmptyFist+1"],"picked":"SKIP","floor":35.0},{"not_picked":["PathToVictory","Consecrate+1"],"picked":"FlurryOfBlows+1","floor":36.0},{"not_picked":["FollowUp+1","Evaluate"],"picked":"WaveOfTheHand","floor":39.0},{"not_picked":["Master of Strategy","Apotheosis"],"picked":"Finesse","floor":42.0},{"not_picked":["Study","SignatureMove","WaveOfTheHand+1"],"picked":"SKIP","floor":45.0},{"not_picked":["FollowUp","PathToVictory+1","SignatureMove"],"picked":"SKIP","floor":47.0},{"not_picked":["Pray+1","EmptyBody","EmptyMind"],"picked":"SKIP","floor":48.0}],"player_experience":337643,"relics_obtained":[{"floor":9.0,"key":"White Beast Statue"},{"floor":10.0,"key":"Pantograph"},{"floor":26.0,"key":"Orichalcum"},{"floor":28.0,"key":"Meat on the Bone"},{"floor":37.0,"key":"Gambling Chip"},{"floor":43.0,"key":"Pen Nib"}],"event_choices":[{"damage_healed":0.0,"max_hp_gain":0.0,"max_hp_loss":0.0,"gold_gain":0.0,"event_name":"MindBloom","player_choice":"Fight","floor":37.0,"gold_loss":0.0,"damage_taken":0.0},{"damage_healed":0.0,"max_hp_gain":0.0,"max_hp_loss":0.0,"gold_gain":0.0,"event_name":"Match and Keep!","player_choice":"0 cards matched","floor":38.0,"gold_loss":0.0,"damage_taken":0.0,"cards_obtained":[]},{"damage_healed":0.0,"max_hp_gain":0.0,"max_hp_loss":0.0,"gold_gain":0.0,"event_name":"Tomb of Lord Red Mask","player_choice":"Ignored","floor":41.0,"gold_loss":0.0,"damage_taken":0.0},{"damage_healed":0.0,"max_hp_gain":0.0,"max_hp_loss":0.0,"gold_gain":0.0,"event_name":"SensoryStone","player_choice":"Memory 1","floor":42.0,"gold_loss":0.0,"damage_taken":0.0},{"cards_removed":["Wireheading"],"damage_healed":0.0,"max_hp_gain":0.0,"max_hp_loss":0.0,"gold_gain":0.0,"event_name":"Falling","player_choice":"Removed Power","floor":46.0,"gold_loss":0.0,"damage_taken":0.0}],"is_beta":false,"boss_relics":[{"not_picked":["Busted Crown","Black Star"],"picked":"SacredBark"},{"not_picked":["Snecko Eye","Runic Dome"],"picked":"Runic Pyramid"}],"items_purged_floors":[5,19],"is_endless":false,"potions_floor_spawned":[1,7,10,11,12,14,16,18,20,22,25,28,29,31,33,35,36,37,39,45,47,48],"killed_by":"Time Eater","ascension_level":2}}