{"host":"l8lm1goh5xm9tkuw","time":1608448554,"event":{"mods":["Act Like it!","Alarm Clock","Astrologer","BaseMod","Colored Map","Colored Powertips","GungeonMod","Hermit","KomeijiMod","Library of Ruina","Library of Ruina Extra","Lobotomy","LobotomyExtend","Marisa£®ÏF”Í°°ƒß¿Ì…≥£©","Minty Spire (QoL Compilation)","MostiFishMod","Quick Restart","Replay The Spire","Shade Mod","StSLib","TestMod","The Animator","The Bug Knight","The Hierophant","UnlockEverythingMod","[IsaacMod]“‘»ˆº‚À˛","vexMod","°æ“≈ŒÔø®≈∆°øREMEMod"],"gold_per_floor":[109,122,122,138,138,138,138],"floor_reached":6,"playtime":172,"items_purged":[],"score":63,"play_id":"29343c40-a339-4f46-bcf7-41194af941cb","local_time":"20201220151554","is_ascension_mode":true,"campfire_choices":[],"circlet_count":0,"master_deck":["AscendersBane","Bash","Sword Boomerang","ReplayTheSpireMod:Muscle Training","Rampage","REME_ACTH","Juggernaut","Feel No Pain","Combust","Hemokinesis","MostiFishMod:CullingBlade","True Grit","Evolve"],"relics":["DaveBox","testmod-TestBox","REME_ComplimentaryCards","HushsDoor","D6","testmod-GiftOfSatan","SentryEyes","Pandora\u0027s Box","DemoMod:GlassGuonStoneRelic","Question Card","LetterFromLob","Golden Idol"],"acts_visited":["Exordium"],"potions_floor_usage":[],"damage_taken":[{"damage":3,"enemies":"Cultist","floor":1,"turns":2},{"damage":0,"enemies":"Small Slimes","floor":2,"turns":1},{"damage":0,"enemies":"2 Louse","floor":4,"turns":1},{"damage":2,"enemies":"Lagavulin","floor":6,"turns":2}],"seed_played":"4343039958723256537","potions_obtained":[{"floor":2,"key":"Ancient Potion"}],"is_trial":false,"path_per_floor":["M","M","?","M","?","E"],"character_chosen":"IRONCLAD","items_purchased":[],"campfire_rested":0,"item_purchase_floors":[],"current_hp_per_floor":[65,65,65,65,50,48,48],"gold":138,"neow_bonus":"BOSS_RELIC","is_daily":false,"chose_seed":false,"campfire_upgraded":0,"win_rate":0.0,"timestamp":1608448554,"path_taken":["M","M","?","M","?","E"],"items_purchased_type":[],"build_version":"2020-12-13","purchased_purges":0,"victory":false,"max_hp_per_floor":[75,75,68,68,68,68,68],"card_choices":[{"not_picked":["Twin Strike","Shrug It Off"],"picked":"True Grit","floor":1},{"not_picked":["Twin Strike","REME_TheLastStrike","ReplayTheSpireMod:Limb From Limb"],"picked":"Evolve","floor":2},{"not_picked":["Clothesline","Hemokinesis","Bomb","Warcry"],"picked":"SKIP","floor":4}],"player_experience":343898,"relics_obtained":[{"floor":1,"key":"Question Card"},{"floor":1,"key":"LetterFromLob"}],"event_choices":[{"damage_healed":0,"gold_gain":0,"player_choice":"Lose Max HP","damage_taken":0,"relics_obtained":["Golden Idol"],"max_hp_gain":0,"max_hp_loss":7,"event_name":"Golden Idol","floor":3,"gold_loss":0}],"is_beta":false,"boss_relics":[],"items_purged_floors":[],"is_endless":false,"potions_floor_spawned":[2],"killed_by":"Lagavulin","ascension_level":15}}