{"host":"07ljfmttuzqopd7f","time":1608501836,"event":{"mods":["2.2 Compatiblity","BaseMod","Bestiary","Block Reminder","Colored Map","Colored Powertips","Curses Come First","Hermit","Minty Spire (QoL Compilation)","Quick Restart","Random Character Button","Rare Cards Sparkle","Relic Stats","StSLib","The Cursed","UnlockEverythingMod","everything is the same but u backflip on backflip"],"gold_per_floor":[110,110,123,123,73,103,103,103,126,201,216,216,23,41,41,138,138,150,165,165,185,203,203,237,237,237,237,266,266,37,68,68,168,168,187,203,41,41,58,58,0,0,300,300,313,324,104,129,129,129,129,129,29,60,60],"floor_reached":56,"playtime":2782,"items_purged":["TheCursedMod:Strike_TheCursed","TheCursedMod:Defend_TheCursed"],"score":1422,"play_id":"e3fd0fa0-0e19-48e8-8a74-52503728336c","local_time":"20201220170356","is_ascension_mode":true,"campfire_choices":[{"data":"TheCursedMod:CursedMace","floor":7.0,"key":"SMITH"},{"floor":12.0,"key":"REST"},{"data":"TheCursedMod:VoidForm","floor":15.0,"key":"SMITH"},{"floor":23,"key":"REST"},{"data":"TheCursedMod:SpitefulPlan","floor":25,"key":"SMITH"},{"floor":29,"key":"REST"},{"data":"TheCursedMod:LuckyCharm","floor":32,"key":"SMITH"},{"data":"TheCursedMod:CursedSpellbook","floor":40,"key":"SMITH"},{"data":"TheCursedMod:Neurasthenia","floor":42,"key":"SMITH"},{"floor":49,"key":"RECALL"},{"data":"TheCursedMod:BlessingInDisguise","floor":52,"key":"SMITH"}],"circlet_count":0,"master_deck":["TheCursedMod:Strike_TheCursed","TheCursedMod:Strike_TheCursed","TheCursedMod:Defend_TheCursed","TheCursedMod:Defend_TheCursed","TheCursedMod:CursedWand","TheCursedMod:CleanUpWorkshop","TheCursedMod:Dregs","CurseOfTheBell","TheCursedMod:SpitefulPlan+1","TheCursedMod:CursedMace+1","TheCursedMod:FleshFromBone","TheCursedMod:VoidForm+1","TheCursedMod:DoubleShield","TheCursedMod:CursedSpellbook+1","TheCursedMod:NeowsMight+1","TheCursedMod:WearCloak","TheCursedMod:CircleOfFocus+1","TheCursedMod:CursedStaff+1","TheCursedMod:LuckyCharm+1","TheCursedMod:PrepareRite","TheCursedMod:RapidMovement","TheCursedMod:Neurasthenia+1","TheCursedMod:Evocation+1","TheCursedMod:SmokeScreen","TheCursedMod:HellfireBreathing","TheCursedMod:FleshFromBone","TheCursedMod:SoulReap","TheCursedMod:Dregs","TheCursedMod:Dregs","TheCursedMod:CursedBoomerang+1","TheCursedMod:NeowsMight","TheCursedMod:BlessingInDisguise+1"],"relics":["Calling Bell","Oddly Smooth Stone","Gremlin Horn","Du-Vu Doll","Toy Ornithopter","InkBottle","Regal Pillow","SlaversCollar","Juzu Bracelet","Happy Flower","MealTicket","FossilizedHelix","Cursed Key","Red Mask","Old Coin","White Beast Statue","Pen Nib","TheCursedMod:BloodyHarpoon","Bag of Marbles"],"acts_visited":["Exordium","TheCity","TheBeyond","TheEnding"],"potions_floor_usage":[24,28,31,33,35,50,55,55],"damage_taken":[{"damage":0.0,"enemies":"Cultist","floor":1.0,"turns":3.0},{"damage":0.0,"enemies":"Jaw Worm","floor":3.0,"turns":4.0},{"damage":24.0,"enemies":"Lagavulin","floor":6.0,"turns":8.0},{"damage":13.0,"enemies":"2 Louse","floor":11.0,"turns":2.0},{"damage":19.0,"enemies":"Looter","floor":14.0,"turns":4.0},{"damage":38.0,"enemies":"Slime Boss","floor":16.0,"turns":8.0},{"damage":14,"enemies":"Shell Parasite","floor":18,"turns":3},{"damage":5,"enemies":"Chosen","floor":19,"turns":4},{"damage":6,"enemies":"Shelled Parasite and Fungi","floor":21,"turns":5},{"damage":16,"enemies":"Chosen and Byrds","floor":22,"turns":5},{"damage":0,"enemies":"Gremlin Leader","floor":24,"turns":5},{"damage":46,"enemies":"Book of Stabbing","floor":28,"turns":6},{"damage":22,"enemies":"Slavers","floor":31,"turns":7},{"damage":7,"enemies":"Automaton","floor":33,"turns":10},{"damage":16,"enemies":"Orb Walker","floor":35,"turns":5},{"damage":0,"enemies":"3 Shapes","floor":36,"turns":4},{"damage":18,"enemies":"Sphere and 2 Shapes","floor":39,"turns":6},{"damage":0,"enemies":"Maw","floor":45,"turns":5},{"damage":18,"enemies":"Writhing Mass","floor":46,"turns":5},{"damage":0,"enemies":"Nemesis","floor":48,"turns":7},{"damage":60,"enemies":"Time Eater","floor":50,"turns":7},{"damage":25,"enemies":"Shield and Spear","floor":54,"turns":7},{"damage":82,"enemies":"The Heart","floor":55,"turns":8}],"seed_played":"30650265844457287","potions_obtained":[{"floor":3.0,"key":"Ancient Potion"},{"floor":6.0,"key":"SteroidPotion"},{"floor":11.0,"key":"DuplicationPotion"},{"floor":22,"key":"PowerPotion"},{"floor":31,"key":"Block Potion"},{"floor":33,"key":"Fire Potion"},{"floor":35,"key":"Strength Potion"},{"floor":39,"key":"SteroidPotion"},{"floor":45,"key":"GamblersBrew"},{"floor":54,"key":"Ancient Potion"}],"is_trial":false,"path_per_floor":["M","$","M","?","?","E","R","T","T","?","M","R","$","M","R","B",null,"M","M","?","M","M","R","E","R","T","?","E","R","$","E","R","B",null,"M","M","$","?","M","R","?","R","T","T","M","M","$","E","R","B",null,"R","$","E","B",null],"character_chosen":"THE_CURSED","items_purchased":["TheCursedMod:VoidForm","TheCursedMod:DoubleShield","TheCursedMod:LuckyCharm","Block Potion","LiquidMemories","TheCursedMod:PrepareRite","TheCursedMod:HellfireBreathing","TheCursedMod:FleshFromBone","TheCursedMod:SoulReap","Pen Nib"],"campfire_rested":3,"item_purchase_floors":[13,13,30,30,30,30,37,37,37,47],"current_hp_per_floor":[75,75,75,75,75,51,51,51,51,40,27,64,64,45,45,7,75,61,56,56,50,34,71,75,75,75,75,29,66,75,58,58,56,75,64,64,75,75,60,60,60,60,60,60,75,57,72,72,72,46,75,75,75,71,35],"gold":60,"neow_bonus":"BOSS_RELIC","is_daily":false,"chose_seed":false,"campfire_upgraded":7,"win_rate":0.0,"timestamp":1608501836,"path_taken":["M","?","M","?","?","E","R","?","T","?","M","R","?","M","R","BOSS","M","M","?","M","?","R","E","R","T","?","E","R","$","E","R","BOSS","M","M","$","?","M","R","?","R","T","?","M","M","$","E","R","BOSS","R","$","E","BOSS"],"items_purchased_type":["Card","Card","Card","Potion","Potion","Card","Card","Card","Card","Relic"],"build_version":"2020-12-13","purchased_purges":2,"victory":true,"max_hp_per_floor":[75,75,75,75,75,75,75,75,75,75,75,75,75,75,75,75,75,75,75,75,75,75,75,75,75,75,75,75,75,75,75,75,75,75,75,75,75,75,75,75,75,75,75,75,75,75,75,75,75,75,75,75,75,75,75],"relic_stats":{"Regal Pillow":45,"Gremlin Horn":[17,19],"Happy Flower":[25],"counters":[23,128],"MealTicket":35,"Pen Nib":[4],"Juzu Bracelet":0,"Cursed Key":2,"obtain_stats":[{"TheCursedMod:BloodyHarpoon":48,"TheCursedMod:BlackMagic101":0,"Regal Pillow":9,"Gremlin Horn":0,"Happy Flower":27,"Oddly Smooth Stone":0,"Pen Nib":47,"Juzu Bracelet":24,"Cursed Key":34,"White Beast Statue":44,"Old Coin":43,"Calling Bell":0,"Du-Vu Doll":0,"SlaversCollar":17,"MealTicket":28,"Red Mask":41,"Bag of Marbles":54,"Toy Ornithopter":6,"InkBottle":8,"FossilizedHelix":31},{"TheCursedMod:BloodyHarpoon":20,"TheCursedMod:BlackMagic101":0,"Regal Pillow":3,"Gremlin Horn":0,"Happy Flower":11,"Oddly Smooth Stone":0,"Pen Nib":19,"Juzu Bracelet":11,"Cursed Key":14,"White Beast Statue":17,"Old Coin":17,"Calling Bell":0,"Du-Vu Doll":0,"SlaversCollar":6,"MealTicket":12,"Red Mask":17,"Bag of Marbles":22,"Toy Ornithopter":3,"InkBottle":3,"FossilizedHelix":13},{"TheCursedMod:BloodyHarpoon":106,"TheCursedMod:BlackMagic101":0,"Regal Pillow":15,"Gremlin Horn":0,"Happy Flower":51,"Oddly Smooth Stone":0,"Pen Nib":99,"Juzu Bracelet":51,"Cursed Key":74,"White Beast Statue":89,"Old Coin":89,"Calling Bell":0,"Du-Vu Doll":0,"SlaversCollar":29,"MealTicket":57,"Red Mask":89,"Bag of Marbles":120,"Toy Ornithopter":15,"InkBottle":15,"FossilizedHelix":64}],"Toy Ornithopter":32,"InkBottle":[42]},"card_choices":[{"not_picked":["TheCursedMod:CursedMace","TheCursedMod:Wield"],"picked":"TheCursedMod:SpitefulPlan","floor":1.0},{"not_picked":["TheCursedMod:CircleOfCorruption","TheCursedMod:RavingStaff","TheCursedMod:CursedMace"],"picked":"SKIP","floor":3.0},{"not_picked":["TheCursedMod:SurpriseAttack","TheCursedMod:Grudge"],"picked":"TheCursedMod:CursedMace","floor":6.0},{"not_picked":["TheCursedMod:Wield","TheCursedMod:Torture"],"picked":"TheCursedMod:FleshFromBone","floor":11.0},{"not_picked":["TheCursedMod:CircleOfCorruption","TheCursedMod:Mangle"],"picked":"TheCursedMod:CursedSpellbook","floor":14.0},{"not_picked":["TheCursedMod:ShockAndAwe","TheCursedMod:OutForBlood"],"picked":"TheCursedMod:NeowsMight","floor":16.0},{"not_picked":["TheCursedMod:CursedAmulet","TheCursedMod:Evocation"],"picked":"TheCursedMod:WearCloak","floor":18},{"not_picked":["TheCursedMod:TacticalStrike","TheCursedMod:HellsGateOpen"],"picked":"TheCursedMod:CircleOfFocus+1","floor":19},{"not_picked":["TheCursedMod:SpitefulPlan","TheCursedMod:FuryStrike","TheCursedMod:TroublousMinions+1"],"picked":"SKIP","floor":21},{"not_picked":["TheCursedMod:ReleasedKnowledge","TheCursedMod:SaltUponWound+1","TheCursedMod:ManaBullet+1"],"picked":"SKIP","floor":22},{"not_picked":["TheCursedMod:CursedBlade","TheCursedMod:UltimatePain"],"picked":"TheCursedMod:CursedStaff+1","floor":24},{"not_picked":["TheCursedMod:CircleOfAmplification","TheCursedMod:Stretching+1","TheCursedMod:CursedShiv"],"picked":"SKIP","floor":28},{"not_picked":["TheCursedMod:TacticalStrike","TheCursedMod:SpitefulPlan"],"picked":"TheCursedMod:RapidMovement","floor":31},{"not_picked":["TheCursedMod:VoidForm","TheCursedMod:ForbiddenAlchemy"],"picked":"TheCursedMod:Neurasthenia","floor":33},{"not_picked":["TheCursedMod:Stigma","TheCursedMod:CursedBoomerang+1"],"picked":"TheCursedMod:Evocation+1","floor":35},{"not_picked":["TheCursedMod:CircleOfCorruption","TheCursedMod:Stretching+1"],"picked":"TheCursedMod:SmokeScreen","floor":36},{"not_picked":["TheCursedMod:Torture","TheCursedMod:RavingStaff+1","TheCursedMod:HellfireBreathing+1"],"picked":"SKIP","floor":39},{"not_picked":["TheCursedMod:CursedMace","TheCursedMod:CircleOfCorruption"],"picked":"TheCursedMod:CursedBoomerang+1","floor":45},{"not_picked":["TheCursedMod:VitalStrike+1","TheCursedMod:CursedMace+1"],"picked":"TheCursedMod:NeowsMight","floor":46},{"not_picked":["TheCursedMod:LuckyCharm+1","TheCursedMod:EmpowerCircles"],"picked":"TheCursedMod:BlessingInDisguise","floor":48},{"not_picked":["TheCursedMod:CircleOfBlood","TheCursedMod:DoubleShield+1","TheCursedMod:CursedMace"],"picked":"SKIP","floor":54}],"player_experience":437682,"relics_obtained":[{"floor":0.0,"key":"Oddly Smooth Stone"},{"floor":0.0,"key":"Gremlin Horn"},{"floor":0.0,"key":"Du-Vu Doll"},{"floor":6.0,"key":"Toy Ornithopter"},{"floor":8.0,"key":"InkBottle"},{"floor":9.0,"key":"Regal Pillow"},{"floor":24,"key":"Juzu Bracelet"},{"floor":28,"key":"MealTicket"},{"floor":31,"key":"FossilizedHelix"},{"floor":43,"key":"Old Coin"},{"floor":44,"key":"White Beast Statue"},{"floor":48,"key":"TheCursedMod:BloodyHarpoon"},{"floor":54,"key":"Bag of Marbles"}],"event_choices":[{"damage_healed":0.0,"max_hp_gain":0.0,"max_hp_loss":0.0,"gold_gain":0.0,"event_name":"Golden Wing","player_choice":"Ignored","floor":4.0,"gold_loss":0.0,"damage_taken":0.0},{"cards_removed":["TheCursedMod:Defend_TheCursed"],"damage_healed":0.0,"max_hp_gain":0.0,"max_hp_loss":0.0,"gold_gain":0.0,"event_name":"The Cleric","player_choice":"Card Removal","floor":5.0,"gold_loss":50.0,"damage_taken":0.0},{"damage_healed":0.0,"max_hp_gain":0.0,"max_hp_loss":0.0,"gold_gain":75.0,"event_name":"World of Goop","player_choice":"Gather Gold","floor":10.0,"gold_loss":0.0,"damage_taken":11.0},{"damage_healed":0,"gold_gain":0,"player_choice":"Upgraded","damage_taken":0,"max_hp_gain":0,"max_hp_loss":0,"event_name":"Upgrade Shrine","floor":20,"gold_loss":0,"cards_upgraded":["TheCursedMod:NeowsMight"]},{"damage_healed":0,"gold_gain":0,"player_choice":"Gave Potion","damage_taken":0,"relics_obtained":["Happy Flower"],"max_hp_gain":0,"max_hp_loss":0,"event_name":"WeMeetAgain","floor":27,"gold_loss":0},{"cards_removed":["TheCursedMod:Strike_TheCursed"],"damage_healed":0,"gold_gain":0,"player_choice":"Removed Attack","damage_taken":0,"max_hp_gain":0,"max_hp_loss":0,"event_name":"Falling","floor":38,"gold_loss":0},{"damage_healed":0,"gold_gain":0,"player_choice":"Paid","damage_taken":0,"relics_obtained":["Red Mask"],"max_hp_gain":0,"max_hp_loss":0,"event_name":"Tomb of Lord Red Mask","floor":41,"gold_loss":58}],"is_beta":false,"boss_relics":[{"not_picked":["SacredBark","Empty Cage"],"picked":"SlaversCollar"},{"not_picked":["Coffee Dripper","Velvet Choker"],"picked":"Cursed Key"}],"items_purged_floors":[47,53],"is_endless":false,"potions_floor_spawned":[3,6,11,21,22,31,33,35,39,45,46,48,54],"ascension_level":4}}