{"host":"vq3zw93bgn8m7spi","time":1608462846,"event":{"mods":["BaseMod","Downfall","Hermit","Jorbs\u0027s Wanderer Trilogy","Minty Spire (QoL Compilation)","READ ME - Guardian Mod","Remilia¡]Á¢¦Ì²ú?¡^","Replay The Spire","StSLib","The Bug Knight","The Cursed","The Servant 0.9.4"],"gold_per_floor":[110,110,110,131,56,56,32,70,70,94,107,130,170,186,186,186,186],"floor_reached":16,"playtime":887,"items_purged":[],"score":144,"play_id":"18f090ee-4281-4ba4-97de-2c1b93138c49","local_time":"20201220191406","is_ascension_mode":true,"campfire_choices":[{"data":"HollowMod:SoulEater","floor":6,"key":"SMITH"},{"floor":15,"key":"DIG"}],"circlet_count":0,"master_deck":["HollowMod:NailStrikeStart","HollowMod:NailStrikeStart","HollowMod:NailStrikeStart","HollowMod:NailStrikeStart","HollowMod:QuickDashStart","HollowMod:QuickDashStart","HollowMod:QuickDashStart+1","HollowMod:QuickDashStart","HollowMod:FocusHealStart","HollowMod:PogoStrike","HollowMod:HowlingWraiths+1","Injury","HollowMod:SoulEater+1","HollowMod:DoubleDash","HollowMod:InfectedCysts","HollowMod:CycloneSlash","HollowMod:GreatSlash","HollowMod:LifebloodCocoon","HollowMod:NewGlowingWomb","HollowMod:ChannelNail"],"relics":["HollowMod:VesselMask","NeowsBlessing","Golden Idol","Happy Flower","Counterbalance","CaptainsWheel","Regal Pillow"],"acts_visited":["Exordium"],"potions_floor_usage":[],"damage_taken":[{"damage":0,"enemies":"Cultist","floor":1,"turns":1},{"damage":0,"enemies":"Small Slimes","floor":4,"turns":1},{"damage":0,"enemies":"Lagavulin","floor":8,"turns":1},{"damage":6,"enemies":"Jaw Worm","floor":10,"turns":3},{"damage":7,"enemies":"Blue Slaver","floor":11,"turns":4},{"damage":4,"enemies":"Gremlin Gang","floor":12,"turns":3},{"damage":10,"enemies":"Replay:BlueRogue","floor":13,"turns":5},{"damage":3,"enemies":"Red Slaver","floor":14,"turns":4},{"damage":60,"enemies":"The Guardian","floor":16,"turns":16}],"seed_played":"9057474865457699384","potions_obtained":[{"floor":1,"key":"Energy Potion"},{"floor":11,"key":"Doom Potion"},{"floor":12,"key":"FairyPotion"}],"is_trial":false,"path_per_floor":["M","?","?","M","?","R","$","E","T","M","M","M","E","M","R","B"],"character_chosen":"THE_BUGKNIGHT","items_purchased":["HollowMod:DoubleDash"],"campfire_rested":0,"item_purchase_floors":[7],"current_hp_per_floor":[75,75,60,60,65,65,65,65,65,59,58,60,50,47,47,24,24],"gold":186,"neow_bonus":"THREE_ENEMY_KILL","is_daily":false,"chose_seed":false,"campfire_upgraded":1,"win_rate":0.0,"timestamp":1608462846,"path_taken":["M","?","?","M","?","R","?","E","T","?","M","M","E","M","R","BOSS"],"items_purchased_type":["Card"],"build_version":"2020-12-13","purchased_purges":0,"victory":false,"max_hp_per_floor":[75,75,75,75,80,80,80,80,80,80,80,80,80,80,80,80,80],"card_choices":[{"not_picked":["HollowMod:SoulSplash","HollowMod:DoubleDash"],"picked":"HollowMod:HowlingWraiths","floor":1},{"not_picked":["HollowMod:MothsMistake","HollowMod:DoubleDash"],"picked":"HollowMod:SoulEater","floor":4},{"not_picked":["HollowMod:BlackTendrils","HollowMod:Grubsong"],"picked":"HollowMod:InfectedCysts","floor":8},{"not_picked":["HollowMod:HeavyBlow","HollowMod:CrystalDash"],"picked":"HollowMod:CycloneSlash","floor":10},{"not_picked":["HollowMod:FallenFury","HollowMod:SharpenedShadows"],"picked":"HollowMod:GreatSlash","floor":11},{"not_picked":["HollowMod:CornifersMapStart","HollowMod:NewGlowingWomb"],"picked":"HollowMod:LifebloodCocoon","floor":12},{"not_picked":["HollowMod:ZotesMagnificence","HollowMod:NewJinnsSoul"],"picked":"HollowMod:NewGlowingWomb","floor":13},{"not_picked":["HollowMod:FallenFury","HollowMod:DreamGate"],"picked":"HollowMod:ChannelNail","floor":14}],"player_experience":861461,"relics_obtained":[{"floor":8,"key":"Happy Flower"},{"floor":9,"key":"Counterbalance"},{"floor":13,"key":"CaptainsWheel"},{"floor":15,"key":"Regal Pillow"}],"event_choices":[{"damage_healed":0,"gold_gain":0,"player_choice":"Take Wound","damage_taken":0,"relics_obtained":["Golden Idol"],"max_hp_gain":0,"max_hp_loss":0,"event_name":"Golden Idol","floor":2,"gold_loss":0,"cards_obtained":["Injury"]},{"damage_healed":0,"gold_gain":0,"player_choice":"Entered Light","damage_taken":15,"max_hp_gain":0,"max_hp_loss":0,"event_name":"Shining Light","floor":3,"gold_loss":0,"cards_upgraded":["HollowMod:QuickDashStart","HollowMod:HowlingWraiths"]}],"is_beta":false,"boss_relics":[],"items_purged_floors":[],"is_endless":false,"potions_floor_spawned":[1,11,12,13,14],"killed_by":"The Guardian","ascension_level":1}}