{"host":"uy3vg6glkp8m6iit","time":1608454413,"event":{"mods":["AchievementEnabler","BaseMod","Colored Map","DeckTracker","Highlight Path","Keyboard Shortcuts","Minty Spire (QoL Compilation)","Quick Restart","Random Character Button","Rare Cards Sparkle","Relic Stats","StSLib","everything is the same but u backflip on backflip"],"gold_per_floor":[110,110,110,123,2,2,36,48,85,97,109,196,248,260,272,284,284],"floor_reached":16,"playtime":306,"items_purged":["Strike_G"],"score":161,"play_id":"f5903d33-a609-487e-939e-0cae8d4d8a48","local_time":"20201220175333","is_ascension_mode":true,"campfire_choices":[{"data":"Dagger Spray","floor":6,"key":"SMITH"},{"data":"Bouncing Flask","floor":8,"key":"SMITH"},{"data":"Poisoned Stab","floor":11,"key":"SMITH"},{"floor":15,"key":"REST"}],"circlet_count":0,"master_deck":["Strike_G","Strike_G","Strike_G","Strike_G+1","Defend_G","Defend_G","Defend_G","Defend_G","Defend_G+1","Survivor","Neutralize","Deadly Poison","Dagger Spray+1","Poisoned Stab+1","Bouncing Flask+1","Wraith Form v2"],"relics":["Ring of the Snake","NeowsBlessing","Golden Idol","MawBank","Art of War","The Courier","Pen Nib"],"acts_visited":["Exordium"],"potions_floor_usage":[],"damage_taken":[{"damage":0.0,"enemies":"Cultist","floor":1.0,"turns":1.0},{"damage":0.0,"enemies":"Small Slimes","floor":4.0,"turns":1.0},{"damage":0,"enemies":"Gremlin Nob","floor":7,"turns":1},{"damage":28,"enemies":"3 Sentries","floor":13,"turns":9},{"damage":42,"enemies":"Slime Boss","floor":16,"turns":9}],"seed_played":"-2607681774359414250","potions_obtained":[],"is_trial":false,"path_per_floor":["M","?","?","M","$","R","E","R","T","T","R","?","E","$","R","B"],"character_chosen":"THE_SILENT","items_purchased":["Poisoned Stab"],"campfire_rested":1,"item_purchase_floors":[5],"current_hp_per_floor":[70,56,56,56,56,56,56,56,56,56,56,45,17,17,36,0,0],"gold":284,"neow_bonus":"THREE_ENEMY_KILL","is_daily":false,"chose_seed":false,"campfire_upgraded":3,"win_rate":0.0,"timestamp":1608454413,"path_taken":["M","?","?","M","$","R","E","R","T","?","R","?","E","?","R","BOSS"],"items_purchased_type":["Card"],"build_version":"2020-12-13","purchased_purges":1,"victory":false,"max_hp_per_floor":[70,70,65,65,65,65,65,65,65,65,65,65,65,65,65,65,65],"relic_stats":{"counters":[5,21],"Golden Idol":18,"Pen Nib":[1],"Art of War":[3],"MawBank":108,"obtain_stats":[{"NeowsBlessing":0,"Golden Idol":3,"The Courier":10,"Pen Nib":13,"Art of War":9,"MawBank":7,"Ring of the Snake":0},{"NeowsBlessing":0,"Golden Idol":1,"The Courier":3,"Pen Nib":4,"Art of War":3,"MawBank":3,"Ring of the Snake":0},{"NeowsBlessing":0,"Golden Idol":1,"The Courier":3,"Pen Nib":12,"Art of War":3,"MawBank":3,"Ring of the Snake":0}],"Ring of the Snake":[10]},"card_choices":[{"not_picked":["Outmaneuver","Blur"],"picked":"Deadly Poison","floor":1.0},{"not_picked":["Blade Dance","Deadly Poison"],"picked":"Dagger Spray","floor":4.0},{"not_picked":["Noxious Fumes","Acrobatics"],"picked":"Bouncing Flask","floor":7},{"not_picked":["Flechettes","Sucker Punch"],"picked":"Wraith Form v2","floor":13}],"player_experience":1429193,"relics_obtained":[{"floor":7,"key":"MawBank"},{"floor":9,"key":"Art of War"},{"floor":10,"key":"The Courier"},{"floor":13,"key":"Pen Nib"}],"event_choices":[{"damage_healed":0.0,"max_hp_gain":0.0,"max_hp_loss":0.0,"gold_gain":0.0,"event_name":"Shining Light","player_choice":"Entered Light","floor":2.0,"gold_loss":0.0,"damage_taken":14.0,"cards_upgraded":["Defend_G","Strike_G"]},{"damage_healed":0.0,"max_hp_gain":0.0,"max_hp_loss":5.0,"gold_gain":0.0,"event_name":"Golden Idol","player_choice":"Lose Max HP","floor":3.0,"gold_loss":0.0,"damage_taken":0.0,"relics_obtained":["Golden Idol"]},{"damage_healed":0,"gold_gain":75,"player_choice":"Gather Gold","damage_taken":11,"max_hp_gain":0,"max_hp_loss":0,"event_name":"World of Goop","floor":12,"gold_loss":0}],"is_beta":false,"boss_relics":[],"items_purged_floors":[5],"is_endless":false,"potions_floor_spawned":[],"killed_by":"Slime Boss","ascension_level":5}}