{"host":"yo9wwslrag05lh37","time":1608470234,"event":{"mods":["AchievementEnabler","BaseMod","Block Reminder","Colored Map","Colored Powertips","GifTheSpireLib","HexUI Lib","Highlight Path","Minty Spire (QoL Compilation)","Rare Cards Sparkle","Relic Stats","StSLib","everything is the same but u backflip on backflip"],"gold_per_floor":[361,377,397,413,424,424,17,46,46,46,46,60,78,94,94,173,173,186,201,201,201,212,243,243,268,293,319,319,59,109,120,120,192,192,212,227,227,238,252,283,283,298,298,330,330,330,363,379,379,379,379],"floor_reached":50,"playtime":2705,"items_purged":["Defend_B","Decay"],"score":1442,"play_id":"98f63723-1cfe-42d8-895f-a66c5f96b5ba","local_time":"20201220141714","is_ascension_mode":true,"campfire_choices":[{"data":"Sunder","floor":6.0,"key":"SMITH"},{"floor":10.0,"key":"REST"},{"data":"Darkness","floor":15.0,"key":"SMITH"},{"floor":24.0,"key":"REST"},{"data":"Storm","floor":28,"key":"SMITH"},{"data":"Buffer","floor":32,"key":"SMITH"},{"floor":49,"key":"RECALL"}],"circlet_count":0,"master_deck":["AscendersBane","Dualcast","Sunder+1","Chill","Darkness+1","Melter","Defragment","Static Discharge","Electrodynamics","Capacitor","Loop","Force Field","Storm+1","Undo","Force Field","Conserve Battery","Capacitor","Genetic Algorithm","Buffer+1","Chaos","Echo Form","Consume+1","Seek","Echo Form","Defragment","Panacea","Lockon+1"],"relics":["Cracked Core","FossilizedHelix","Mummified Hand","Bag of Preparation","PreservedInsect","Pandora\u0027s Box","Bottled Tornado","Emotion Chip","Happy Flower","DataDisk","OrangePellets","Runic Pyramid","Juzu Bracelet","Oddly Smooth Stone","Kunai"],"acts_visited":["Exordium","TheCity","TheBeyond"],"potions_floor_usage":[25],"damage_taken":[{"damage":4.0,"enemies":"Small Slimes","floor":1.0,"turns":4.0},{"damage":1.0,"enemies":"Cultist","floor":2.0,"turns":3.0},{"damage":12.0,"enemies":"Jaw Worm","floor":3.0,"turns":2.0},{"damage":15.0,"enemies":"Large Slime","floor":4.0,"turns":4.0},{"damage":0.0,"enemies":"Lots of Slimes","floor":5.0,"turns":4.0},{"damage":13.0,"enemies":"Lagavulin","floor":8.0,"turns":5.0},{"damage":15.0,"enemies":"Exordium Wildlife","floor":12.0,"turns":4.0},{"damage":0.0,"enemies":"Gremlin Gang","floor":13.0,"turns":4.0},{"damage":0.0,"enemies":"Looter","floor":14.0,"turns":2.0},{"damage":4.0,"enemies":"Slime Boss","floor":16.0,"turns":8.0},{"damage":0.0,"enemies":"Spheric Guardian","floor":18.0,"turns":3.0},{"damage":0.0,"enemies":"3 Byrds","floor":19.0,"turns":2.0},{"damage":9.0,"enemies":"Snake Plant","floor":22.0,"turns":4.0},{"damage":5.0,"enemies":"Book of Stabbing","floor":23.0,"turns":4.0},{"damage":7,"enemies":"Slavers","floor":25,"turns":3},{"damage":13,"enemies":"Book of Stabbing","floor":27,"turns":4},{"damage":0,"enemies":"Snecko","floor":31,"turns":4},{"damage":0,"enemies":"Collector","floor":33,"turns":7},{"damage":0,"enemies":"Orb Walker","floor":35,"turns":2},{"damage":0,"enemies":"3 Darklings","floor":36,"turns":2},{"damage":0,"enemies":"4 Shapes","floor":38,"turns":2},{"damage":9,"enemies":"Writhing Mass","floor":39,"turns":3},{"damage":0,"enemies":"Giant Head","floor":40,"turns":8},{"damage":0,"enemies":"3 Darklings","floor":42,"turns":2},{"damage":0,"enemies":"Nemesis","floor":44,"turns":3},{"damage":0,"enemies":"Reptomancer","floor":47,"turns":3},{"damage":0,"enemies":"Sphere and 2 Shapes","floor":48,"turns":1},{"damage":59,"enemies":"Awakened One","floor":50,"turns":6}],"seed_played":"-1667272454610264235","potions_obtained":[{"floor":1.0,"key":"PotionOfCapacity"},{"floor":8.0,"key":"Weak Potion"},{"floor":12.0,"key":"Dexterity Potion"},{"floor":13.0,"key":"BlessingOfTheForge"},{"floor":14.0,"key":"Explosive Potion"},{"floor":18.0,"key":"Weak Potion"},{"floor":22.0,"key":"GamblersBrew"},{"floor":33,"key":"PotionOfCapacity"}],"is_trial":false,"path_per_floor":["M","M","M","M","M","R","$","E","T","R","?","M","M","M","R","B",null,"M","M","?","?","M","E","R","E","T","E","R","$","?","M","R","B",null,"M","M","?","M","M","E","?","M","T","E","?","?","E","M","R","B"],"character_chosen":"DEFECT","items_purchased":["FossilizedHelix","OrangePellets"],"campfire_rested":2,"item_purchase_floors":[7,29],"current_hp_per_floor":[60,59,47,32,32,32,32,19,19,38,38,23,23,23,23,19,53,53,53,53,53,44,39,58,51,51,38,38,38,32,32,32,32,56,56,56,56,56,47,47,47,47,47,47,47,37,37,37,37,0,0],"gold":379,"neow_bonus":"TWO_FIFTY_GOLD","is_daily":false,"chose_seed":false,"campfire_upgraded":4,"win_rate":0.0,"timestamp":1608470234,"path_taken":["M","M","M","M","M","R","$","E","T","R","?","M","M","?","R","BOSS","M","M","?","?","M","E","R","E","T","E","R","$","?","?","R","BOSS","M","M","?","?","?","E","?","M","T","E","?","?","E","M","R","BOSS"],"items_purchased_type":["Relic","Relic"],"build_version":"2020-12-13","purchased_purges":2,"victory":false,"max_hp_per_floor":[64,64,64,64,64,64,64,64,64,64,64,64,64,64,64,64,64,64,64,64,64,64,64,64,64,64,64,64,64,64,64,64,64,64,64,64,64,64,64,64,64,64,64,64,61,61,61,61,61,61,61],"relic_stats":{"OrangePellets":[3],"Emotion Chip":[24,17,3,3,1],"Happy Flower":[15],"counters":[28,103],"Mummified Hand":[198],"Pandora\u0027s Box":["Fission","Capacitor","Loop","Force Field","Storm","Undo","Force Field"],"PreservedInsect":365,"Bag of Preparation":[44],"Juzu Bracelet":1,"Kunai":[1],"obtain_stats":[{"Happy Flower":26,"Oddly Smooth Stone":44,"PreservedInsect":11,"Bag of Preparation":9,"Juzu Bracelet":40,"Bottled Tornado":23,"OrangePellets":29,"Emotion Chip":25,"DataDisk":27,"Mummified Hand":8,"Pandora\u0027s Box":17,"Kunai":47,"Cracked Core":0,"FossilizedHelix":7,"Runic Pyramid":34},{"Happy Flower":15,"Oddly Smooth Stone":25,"PreservedInsect":6,"Bag of Preparation":6,"Juzu Bracelet":23,"Bottled Tornado":14,"OrangePellets":16,"Emotion Chip":15,"DataDisk":16,"Mummified Hand":6,"Pandora\u0027s Box":10,"Kunai":26,"Cracked Core":0,"FossilizedHelix":5,"Runic Pyramid":18},{"Happy Flower":56,"Oddly Smooth Stone":93,"PreservedInsect":22,"Bag of Preparation":22,"Juzu Bracelet":88,"Bottled Tornado":53,"OrangePellets":60,"Emotion Chip":56,"DataDisk":60,"Mummified Hand":22,"Pandora\u0027s Box":40,"Kunai":96,"Cracked Core":0,"FossilizedHelix":17,"Runic Pyramid":71}]},"card_choices":[{"not_picked":["Undo","Conserve Battery"],"picked":"Sunder","floor":1.0},{"not_picked":["Static Discharge","Scrape","Compile Driver"],"picked":"SKIP","floor":2.0},{"not_picked":["Hologram","Sunder","Recycle"],"picked":"SKIP","floor":3.0},{"not_picked":["Hologram","Double Energy"],"picked":"Chill","floor":4.0},{"not_picked":["BootSequence","Coolheaded"],"picked":"Darkness","floor":5.0},{"not_picked":["Streamline","Barrage"],"picked":"Melter","floor":8.0},{"not_picked":["Steam","Redo"],"picked":"Defragment","floor":12.0},{"not_picked":["Steam","Redo"],"picked":"Static Discharge","floor":13.0},{"not_picked":["Cold Snap","Scrape","Fusion"],"picked":"SKIP","floor":14.0},{"not_picked":["Fission","Meteor Strike"],"picked":"Electrodynamics","floor":16.0},{"not_picked":["Hologram","Ball Lightning"],"picked":"Conserve Battery","floor":18.0},{"not_picked":["Rebound","Redo","Auto Shields"],"picked":"SKIP","floor":19.0},{"not_picked":["Hologram","Stack","Static Discharge"],"picked":"SKIP","floor":22.0},{"not_picked":["FTL","Static Discharge","Sweeping Beam"],"picked":"SKIP","floor":23.0},{"not_picked":["Beam Cell","Redo","Steam"],"picked":"SKIP","floor":25},{"not_picked":["Doom and Gloom","Streamline"],"picked":"Buffer","floor":27},{"not_picked":["Streamline","Cold Snap"],"picked":"Chaos","floor":31},{"not_picked":["Core Surge","Thunder Strike"],"picked":"Echo Form","floor":33},{"not_picked":["Chill","Beam Cell"],"picked":"Consume","floor":35},{"not_picked":["Chill","Steam","Sweeping Beam"],"picked":"SKIP","floor":36},{"not_picked":["Aggregate","Gash+1","Beam Cell+1"],"picked":"SKIP","floor":38},{"not_picked":["Beam Cell","Conserve Battery","Sweeping Beam"],"picked":"SKIP","floor":39},{"not_picked":["Cold Snap","Beam Cell+1"],"picked":"Echo Form","floor":40},{"not_picked":["Compile Driver","White Noise","Conserve Battery"],"picked":"SKIP","floor":42},{"not_picked":["Undo","Stack"],"picked":"Defragment","floor":44},{"not_picked":["The Bomb","Forethought"],"picked":"Panacea","floor":46},{"not_picked":["Undo","Echo Form"],"picked":"Lockon+1","floor":47},{"not_picked":["Turbo+1","Ball Lightning","Beam Cell"],"picked":"SKIP","floor":48}],"player_experience":1357580,"relics_obtained":[{"floor":8.0,"key":"Mummified Hand"},{"floor":9.0,"key":"Bag of Preparation"},{"floor":23.0,"key":"Bottled Tornado"},{"floor":25,"key":"Emotion Chip"},{"floor":26,"key":"Happy Flower"},{"floor":27,"key":"DataDisk"},{"floor":40,"key":"Juzu Bracelet"},{"floor":44,"key":"Oddly Smooth Stone"},{"floor":47,"key":"Kunai"}],"event_choices":[{"damage_healed":0.0,"max_hp_gain":0.0,"max_hp_loss":0.0,"gold_gain":0.0,"event_name":"WeMeetAgain","player_choice":"Gave Potion","floor":11.0,"gold_loss":0.0,"damage_taken":0.0,"relics_obtained":["PreservedInsect"]},{"damage_healed":0.0,"max_hp_gain":0.0,"max_hp_loss":0.0,"gold_gain":0.0,"cards_transformed":["Zap","Fission"],"event_name":"Drug Dealer","player_choice":"Became Test Subject","floor":20.0,"gold_loss":0.0,"damage_taken":0.0,"cards_obtained":["Capacitor","Genetic Algorithm"]},{"damage_healed":0.0,"max_hp_gain":0.0,"max_hp_loss":0.0,"gold_gain":0.0,"event_name":"Forgotten Altar","player_choice":"Smashed Altar","floor":21.0,"gold_loss":0.0,"damage_taken":0.0,"cards_obtained":["Decay"]},{"damage_healed":0,"gold_gain":50,"player_choice":"Touch","damage_taken":6,"max_hp_gain":0,"max_hp_loss":0,"event_name":"FaceTrader","floor":30,"gold_loss":0},{"damage_healed":0,"gold_gain":0,"player_choice":"1 cards matched","damage_taken":0,"max_hp_gain":0,"max_hp_loss":0,"event_name":"Match and Keep!","floor":37,"gold_loss":0,"cards_obtained":["Seek"]},{"damage_healed":0,"gold_gain":0,"player_choice":"Forge","damage_taken":0,"max_hp_gain":0,"max_hp_loss":0,"event_name":"Accursed Blacksmith","floor":41,"gold_loss":0,"cards_upgraded":["Consume"]},{"damage_healed":0,"gold_gain":0,"player_choice":"Max HP","damage_taken":0,"max_hp_gain":0,"max_hp_loss":3,"event_name":"Winding Halls","floor":45,"gold_loss":0},{"damage_healed":0,"gold_gain":0,"player_choice":"Memory 3","damage_taken":10,"max_hp_gain":0,"max_hp_loss":0,"event_name":"SensoryStone","floor":46,"gold_loss":0}],"is_beta":false,"boss_relics":[{"not_picked":["Sozu","Tiny House"],"picked":"Pandora\u0027s Box"},{"not_picked":["Astrolabe","Snecko Eye"],"picked":"Runic Pyramid"}],"items_purged_floors":[7,29],"is_endless":false,"potions_floor_spawned":[1,8,12,13,14,18,22,33,36,40,48],"killed_by":"Awakened One","ascension_level":20}}