{"host":"4cz9gr89nglr7k8k","time":1608502011,"event":{"mods":["BaseMod","Minty Spire (QoL Compilation)","Relic Stats","Slay-I"],"gold_per_floor":[115,128,128,153,180,180,44,65,91,91,132,132,132,147,147,240,240,256,306,306,331,331,331,346,86,113,113,138,138,0,0,0,0,0],"floor_reached":33,"playtime":940,"items_purged":[],"score":499,"play_id":"f2869ac8-da6f-44c1-b037-bd3211d4f6ff","local_time":"20201220230651","is_ascension_mode":true,"campfire_choices":[{"floor":6,"key":"REST"},{"floor":10,"key":"REST"},{"floor":12,"key":"DIG"},{"floor":15,"key":"REST"},{"floor":23,"key":"REST"},{"floor":27,"key":"DIG"},{"data":"Defragment","floor":29,"key":"SMITH"},{"floor":32,"key":"REST"}],"circlet_count":0,"master_deck":["AscendersBane","Strike_B","Strike_B","Strike_B","Defend_B","Defend_B","Defend_B","Defend_B","Zap","Dualcast","Streamline+1","Conserve Battery","Injury","Static Discharge","Defragment","Ball Lightning","Gash","Ball Lightning","Cold Snap","Capacitor","Go for the Eyes","Buffer","Beam Cell+1","Self Repair","Capacitor","White Noise","Lockon","Leap","Parasite","Defragment+1","Shame","Capacitor"],"relics":["Cracked Core","Golden Idol","Happy Flower","Dream Catcher","Shovel","Du-Vu Doll","Anchor","Cursed Key","Lee\u0027s Waffle","Whetstone","Tiny Chest","Regal Pillow"],"acts_visited":["Exordium","TheCity"],"potions_floor_usage":[21,24],"damage_taken":[{"damage":0,"enemies":"Cultist","floor":1,"turns":3},{"damage":14,"enemies":"Jaw Worm","floor":2,"turns":4},{"damage":0,"enemies":"2 Louse","floor":4,"turns":3},{"damage":10,"enemies":"2 Fungi Beasts","floor":8,"turns":3},{"damage":35,"enemies":"3 Sentries","floor":11,"turns":5},{"damage":8,"enemies":"Exordium Thugs","floor":14,"turns":3},{"damage":34,"enemies":"The Guardian","floor":16,"turns":9},{"damage":16,"enemies":"Shell Parasite","floor":18,"turns":5},{"damage":0,"enemies":"Chosen","floor":21,"turns":3},{"damage":28,"enemies":"Centurion and Healer","floor":24,"turns":8},{"damage":21,"enemies":"Shelled Parasite and Fungi","floor":28,"turns":4},{"damage":94,"enemies":"Automaton","floor":33,"turns":6}],"seed_played":"6094556987065795296","potions_obtained":[{"floor":4,"key":"Fire Potion"},{"floor":11,"key":"Energy Potion"},{"floor":18,"key":"Explosive Potion"}],"is_trial":false,"path_per_floor":["M","M","?","M","T","R","$","M","T","R","E","R","?","M","R","B",null,"M","?","?","M","?","R","M","$","T","R","M","R","?","?","R","B"],"character_chosen":"DEFECT","items_purchased":["Defragment","Ball Lightning","Lee\u0027s Waffle","Lockon","Leap"],"campfire_rested":5,"item_purchase_floors":[7,7,25,25,25],"current_hp_per_floor":[60,46,46,46,46,71,71,61,61,85,50,50,45,37,62,28,71,55,55,55,55,55,80,59,92,92,92,71,71,71,71,92,0,0],"gold":0,"neow_bonus":"TWENTY_PERCENT_HP_BONUS","is_daily":false,"chose_seed":false,"campfire_upgraded":1,"win_rate":0.0,"timestamp":1608502011,"path_taken":["M","M","?","M","?","R","$","?","T","R","E","R","?","M","R","BOSS","M","?","?","?","?","R","M","$","T","R","M","R","?","?","R","BOSS"],"items_purchased_type":["Card","Card","Relic","Card","Card"],"build_version":"2020-12-13","purchased_purges":0,"victory":false,"max_hp_per_floor":[85,85,85,85,85,85,85,85,85,85,85,85,85,85,85,85,85,85,85,85,85,85,85,85,92,92,92,92,92,92,92,92,92,92],"relic_stats":{"Dream Catcher":4,"Lee\u0027s Waffle":33,"Regal Pillow":0,"Shovel":2,"Happy Flower":[15],"counters":[12,56],"Golden Idol":55,"Tiny Chest":0,"Whetstone":["Streamline","Beam Cell"],"Cursed Key":1,"obtain_stats":[{"Du-Vu Doll":12,"Dream Catcher":9,"Anchor":13,"Lee\u0027s Waffle":25,"Regal Pillow":31,"Shovel":11,"Happy Flower":5,"Golden Idol":3,"Tiny Chest":27,"Whetstone":26,"Cracked Core":0,"Cursed Key":17},{"Du-Vu Doll":5,"Dream Catcher":4,"Anchor":5,"Lee\u0027s Waffle":10,"Regal Pillow":11,"Shovel":5,"Happy Flower":3,"Golden Idol":2,"Tiny Chest":10,"Whetstone":10,"Cracked Core":0,"Cursed Key":7},{"Du-Vu Doll":18,"Dream Catcher":13,"Anchor":18,"Lee\u0027s Waffle":46,"Regal Pillow":50,"Shovel":18,"Happy Flower":10,"Golden Idol":7,"Tiny Chest":46,"Whetstone":46,"Cracked Core":0,"Cursed Key":30}]},"card_choices":[{"not_picked":["FTL","Aggregate"],"picked":"Streamline","floor":1},{"not_picked":["Reprogram","Glacier"],"picked":"Conserve Battery","floor":2},{"not_picked":["Barrage","Sweeping Beam"],"picked":"Static Discharge","floor":4},{"not_picked":["Rip and Tear","Force Field"],"picked":"Gash","floor":8},{"not_picked":["Redo","Hologram"],"picked":"Ball Lightning","floor":10},{"not_picked":["Reboot","Streamline"],"picked":"Cold Snap","floor":11},{"not_picked":["Stack","Glacier"],"picked":"Capacitor","floor":14},{"not_picked":["Barrage","Lockon"],"picked":"Go for the Eyes","floor":15},{"not_picked":["Fission","Rainbow"],"picked":"Buffer","floor":16},{"not_picked":["Turbo","Force Field"],"picked":"Beam Cell","floor":18},{"not_picked":["Glacier","Go for the Eyes"],"picked":"Self Repair","floor":21},{"not_picked":["Skim","Rebound"],"picked":"Capacitor","floor":23},{"not_picked":["Steam","Glacier+1"],"picked":"White Noise","floor":24},{"not_picked":["Conserve Battery","Skim"],"picked":"Defragment","floor":28},{"not_picked":["Multi-Cast","Turbo"],"picked":"Capacitor","floor":32}],"player_experience":1450670,"relics_obtained":[{"floor":5,"key":"Happy Flower"},{"floor":9,"key":"Dream Catcher"},{"floor":11,"key":"Shovel"},{"floor":12,"key":"Du-Vu Doll"},{"floor":26,"key":"Whetstone"},{"floor":27,"key":"Tiny Chest"}],"event_choices":[{"damage_healed":0,"gold_gain":0,"player_choice":"Take Wound","damage_taken":0,"relics_obtained":["Golden Idol"],"max_hp_gain":0,"max_hp_loss":0,"event_name":"Golden Idol","floor":3,"gold_loss":0,"cards_obtained":["Injury"]},{"damage_healed":0,"gold_gain":0,"player_choice":"Success","damage_taken":5,"relics_obtained":["Anchor"],"max_hp_gain":0,"max_hp_loss":0,"event_name":"Scrap Ooze","floor":13,"gold_loss":0},{"damage_healed":0,"gold_gain":50,"player_choice":"Stole From Cult","damage_taken":0,"max_hp_gain":0,"max_hp_loss":0,"event_name":"Nest","floor":19,"gold_loss":0},{"cards_removed":["Strike_B"],"damage_healed":0,"gold_gain":0,"player_choice":"Card Removal","damage_taken":0,"max_hp_gain":0,"max_hp_loss":0,"event_name":"Wheel of Change","floor":20,"gold_loss":0},{"damage_healed":0,"gold_gain":0,"player_choice":"Ignored","damage_taken":0,"max_hp_gain":0,"max_hp_loss":0,"event_name":"Vampires","floor":22,"gold_loss":0},{"damage_healed":0,"gold_gain":0,"player_choice":"Paid Fearfully","damage_taken":0,"max_hp_gain":0,"max_hp_loss":0,"event_name":"Masked Bandits","floor":30,"gold_loss":138},{"damage_healed":0,"gold_gain":0,"player_choice":"Stole Relic","damage_taken":0,"relics_obtained":["Regal Pillow"],"max_hp_gain":0,"max_hp_loss":0,"event_name":"Addict","floor":31,"gold_loss":0,"cards_obtained":["Shame"]}],"is_beta":false,"boss_relics":[{"not_picked":["Fusion Hammer","SacredBark"],"picked":"Cursed Key"}],"items_purged_floors":[],"is_endless":false,"potions_floor_spawned":[4,11,18],"killed_by":"Automaton","ascension_level":19}}