{"host":"mxfuycht0zuikhh3","time":1608470429,"event":{"mods":["Aspiration","BaseMod","Better Third Choice","BetterRewards","Colored Map","Colored Powertips","Conspire","Downfall","Halation","Hubris","Infinite Spire","Minty Spire (QoL Compilation)","Permanent Neow","Rare Cards Sparkle","Replay The Spire","Shop Mod","StSLib","SuperFastMode","Swap Starting Deck Mod","yUi"],"gold_per_floor":[119,119,119,131,142,40,40,67,138,163,163,178,178,192,192,192,192],"floor_reached":16,"playtime":778,"items_purged":[],"score":100,"play_id":"cc1e29a2-0549-4292-b234-c91b7a98712c","local_time":"20201220142029","is_ascension_mode":false,"campfire_choices":[{"floor":7,"key":"REST"},{"floor":11,"key":"REST"},{"floor":13,"key":"REST"},{"floor":15,"key":"REST"}],"circlet_count":0,"master_deck":["Strike_G","Strike_G","Strike_G","Strike_G+1","Strike_G","Defend_G","Defend_G","Defend_G","Defend_G","Defend_G","Survivor","Blade Dance","Bouncing Flask","Distraction","Slice","ReplayTheSpireMod:Shiv Toss","Cloak And Dagger","Storm of Steel"],"relics":["Ring of the Snake","aspiration:Nostalgia","Slimebound:AbsorbEndCombat","Replay:Wax Seal","Replay:Bottled Steam","Eternal Feather"],"acts_visited":["Exordium"],"potions_floor_usage":[8,10],"damage_taken":[{"damage":1,"enemies":"2 Louse","floor":1,"turns":3},{"damage":5,"enemies":"Small Slimes","floor":4,"turns":3},{"damage":12,"enemies":"conspire:RoseBush","floor":5,"turns":3},{"damage":28,"enemies":"conspire:MimicChest","floor":8,"turns":8},{"damage":32,"enemies":"Gremlin Nob","floor":10,"turns":5},{"damage":22,"enemies":"conspire:2 RoseBushes","floor":12,"turns":3},{"damage":6,"enemies":"Exordium Thugs","floor":14,"turns":3},{"damage":70,"enemies":"Hexaghost","floor":16,"turns":13}],"seed_played":"-7528590739882709957","potions_obtained":[{"floor":1,"key":"Languid Potion"},{"floor":10,"key":"Ancient Potion"},{"floor":14,"key":"FearPotion"}],"is_trial":false,"path_per_floor":["M","?","?","M","M","$","R","?","T","E","R","M","R","M","R","B"],"character_chosen":"THE_SILENT","items_purchased":["GhostInAJar"],"campfire_rested":4,"item_purchase_floors":[6],"current_hp_per_floor":[69,69,69,64,52,52,70,42,42,10,40,18,48,42,70,0,0],"gold":192,"neow_bonus":"NOSTALGIA","is_daily":false,"chose_seed":false,"campfire_upgraded":0,"win_rate":0.0,"timestamp":1608470429,"path_taken":["M","?","?","M","M","$","R","?","T","E","R","M","R","M","R","BOSS"],"items_purchased_type":["Potion"],"build_version":"2020-12-13","purchased_purges":0,"victory":false,"max_hp_per_floor":[70,70,70,70,70,70,70,70,70,70,70,70,70,70,70,70,70],"card_choices":[{"not_picked":["Predator","Cloak And Dagger"],"picked":"Blade Dance","floor":1},{"not_picked":["Prepared","Hidden Blade"],"picked":"Distraction","floor":4},{"not_picked":["Deflect","Crippling Poison"],"picked":"Slice","floor":5},{"not_picked":["Riddle With Holes","Crippling Poison"],"picked":"ReplayTheSpireMod:Shiv Toss","floor":8},{"not_picked":["Prepared","Setup","Replay:Poison Smokescreen"],"picked":"SKIP","floor":10},{"not_picked":["Dodge and Roll","Leg Sweep"],"picked":"Cloak And Dagger","floor":12},{"not_picked":["Expertise","Slice"],"picked":"Storm of Steel","floor":14}],"player_experience":139948,"relics_obtained":[{"floor":8,"key":"Replay:Wax Seal"},{"floor":9,"key":"Replay:Bottled Steam"},{"floor":10,"key":"Eternal Feather"}],"event_choices":[{"damage_healed":0,"gold_gain":0,"cards_transformed":["Neutralize"],"player_choice":"Change","damage_taken":0,"max_hp_gain":0,"max_hp_loss":0,"event_name":"Living Wall","floor":2,"gold_loss":0,"cards_obtained":["Bouncing Flask"]}],"is_beta":false,"boss_relics":[],"items_purged_floors":[],"is_endless":false,"potions_floor_spawned":[1,10,14],"killed_by":"Hexaghost","ascension_level":0}}