{"host":"442ay2jxamvm52hx","time":1608431744,"event":{"mods":["AchievementEnabler","BaseMod","Better Note","Better Third Choice","Downfall","Googly Eyes","Minty Spire (QoL Compilation)","Quick Restart","Replay The Spire","Spicy Shops","StSLib","The Animator","The Necromancer"],"gold_per_floor":[119,134,134,134,61,61,93,93,93,106,106,106,106,106,157,259,259,279,294,310,29,42,67,67,77,77,77,77,108,8,24,24,129,129,139,139,157,7,19,49,49,68,93,109,109,137,147,162,162,162],"floor_reached":51,"playtime":2142,"items_purged":["Strike_R","animator:Curse_Greed","Strike_R"],"score":772,"play_id":"ea4551bc-66f7-45e6-8349-f49894a2ad20","local_time":"20201219213544","is_ascension_mode":false,"campfire_choices":[{"data":"Clothesline","floor":6.0,"key":"SMITH"},{"data":"Bludgeon","floor":8.0,"key":"SMITH"},{"data":"Pummel","floor":12.0,"key":"SMITH"},{"data":"Spot Weakness","floor":24,"key":"SMITH"},{"data":"Rupture","floor":28,"key":"SMITH"},{"floor":41,"key":"DIG"},{"data":"Immolate","floor":45,"key":"SMITH"},{"floor":49,"key":"DIG"}],"circlet_count":0,"master_deck":["Strike_R","Strike_R","Defend_R","Defend_R","Defend_R+1","Defend_R","Bash","Clothesline+1","Thunderclap","Bludgeon+1","Pummel+1","Immolate+1","Rupture+1","Spot Weakness+1","Flex","Shrug It Off","Pot Of Greed","Pot Of Greed+1","Shrug It Off","Armaments","Bludgeon+1","Wild Strike+1","Clothesline+1","Pot Of Greed","Flame Barrier","animator:Curse_Greed","Pommel Strike+1","Carnage+1"],"relics":["Black Blood","NeowsBlessing","HandDrill","Letter Opener","Ice Cream","ReplayTheSpireMod:Ring of Exchange","Replay:Grab Bag","Cursed Key","Sozu","Snecko Eye","Pet Ghost","Grinning Jar","Molten Egg 2","Replay:Multitool","Membership Card","ReplayTheSpireMod:Spearhead","Pear","Replay:Bottled Steam","Happy Flower","Replay:Towering Pillar of Hats","Magic Flower"],"acts_visited":["Exordium","TheCity","TheBeyond"],"potions_floor_usage":[23,50,50],"damage_taken":[{"damage":0.0,"enemies":"Small Slimes","floor":1.0,"turns":1.0},{"damage":0.0,"enemies":"Jaw Worm","floor":2.0,"turns":1.0},{"damage":0.0,"enemies":"3 Sentries","floor":7.0,"turns":2.0},{"damage":7.0,"enemies":"2 Louse","floor":10.0,"turns":3.0},{"damage":67.0,"enemies":"Slime Boss","floor":16.0,"turns":13.0},{"damage":0,"enemies":"Chosen","floor":18,"turns":2},{"damage":0,"enemies":"Spheric Guardian","floor":19,"turns":2},{"damage":10,"enemies":"Cultist and Chosen","floor":20,"turns":3},{"damage":0,"enemies":"Snake Plant","floor":22,"turns":2},{"damage":12,"enemies":"Book of Stabbing","floor":23,"turns":3},{"damage":14,"enemies":"Centurion and Healer","floor":25,"turns":3},{"damage":16,"enemies":"Replay:Snechameleon","floor":29,"turns":4},{"damage":0,"enemies":"Chosen and Byrds","floor":31,"turns":3},{"damage":39,"enemies":"Automaton","floor":33,"turns":6},{"damage":13,"enemies":"3 Darklings","floor":35,"turns":4},{"damage":21,"enemies":"3 Shapes","floor":37,"turns":3},{"damage":7,"enemies":"Jaw Worm Horde","floor":39,"turns":3},{"damage":27,"enemies":"Giant Head","floor":40,"turns":7},{"damage":3,"enemies":"Maw","floor":42,"turns":3},{"damage":0,"enemies":"Sphere and 2 Shapes","floor":44,"turns":1},{"damage":9,"enemies":"Reptomancer","floor":46,"turns":3},{"damage":6,"enemies":"Jaw Worm Horde","floor":47,"turns":2},{"damage":18,"enemies":"Maw","floor":48,"turns":5},{"damage":48,"enemies":"Time Eater","floor":50,"turns":6}],"seed_played":"-8346314390206000394","potions_obtained":[{"floor":2.0,"key":"Dexterity Potion"},{"floor":7.0,"key":"Fire Potion"},{"floor":10.0,"key":"Guardian:BlockOnCardUsePotion"},{"floor":16.0,"key":"Adrenaline Potion"}],"is_trial":false,"path_per_floor":["M","M","?","?","$","R","E","R","T","M","?","R","?","?","R","B",null,"M","M","M","$","M","E","R","M","T","?","R","E","$","M","R","B",null,"M","?","M","$","M","E","R","M","T","M","R","E","M","M","R","B",null],"character_chosen":"IRONCLAD","items_purchased":["HandDrill","Pet Ghost","Flex","ReplayTheSpireMod:Spearhead","Clothesline+1"],"campfire_rested":0,"item_purchase_floors":[5,21,21,38,38],"current_hp_per_floor":[80,80,80,80,80,80,80,80,80,79,79,79,72,72,72,11,80,80,80,80,80,80,80,80,78,78,78,78,74,74,80,80,53,80,79,80,71,71,76,71,71,80,80,90,90,90,90,84,84,54],"gold":162,"neow_bonus":"THREE_ENEMY_KILL","is_daily":false,"chose_seed":false,"campfire_upgraded":6,"win_rate":0.0,"timestamp":1608431744,"path_taken":["M","M","?","?","$","R","E","R","T","M","?","R","?","?","R","BOSS","M","M","?","$","M","E","R","M","T","?","R","E","$","M","R","BOSS","M","?","M","$","M","E","R","M","T","?","R","E","M","M","R","BOSS"],"items_purchased_type":["Relic","Relic","Card","Relic","Card"],"build_version":"2020-12-13","purchased_purges":3,"victory":true,"max_hp_per_floor":[80,80,80,80,80,80,80,80,80,80,80,80,80,80,80,80,80,80,80,80,80,80,80,80,80,80,80,80,80,80,80,80,80,80,80,80,80,80,80,90,90,90,90,90,90,90,90,90,90,90],"card_choices":[{"not_picked":["True Grit","Iron Wave"],"picked":"Clothesline","floor":1.0},{"not_picked":["Wild Strike","Havoc"],"picked":"Thunderclap","floor":2.0},{"not_picked":["Battle Trance","Run Through"],"picked":"Bludgeon","floor":7.0},{"not_picked":["Wild Strike","Flex"],"picked":"Pummel","floor":10.0},{"not_picked":["Eclipse","Berserk"],"picked":"Immolate","floor":16.0},{"not_picked":["Whirlwind","Anger","Blood for Blood"],"picked":"SKIP","floor":18},{"not_picked":["Twin Strike+1","Dropkick+1"],"picked":"Rupture","floor":19},{"not_picked":["Shrug It Off+1","Headbutt"],"picked":"Spot Weakness","floor":20},{"not_picked":["Perfected Strike","Havoc"],"picked":"Shrug It Off","floor":22},{"not_picked":["Headbutt","Evolve","Flex"],"picked":"SKIP","floor":23},{"not_picked":["Pommel Strike","ReplayTheSpireMod:Strike From Hell"],"picked":"Shrug It Off","floor":25},{"not_picked":["ReplayTheSpireMod:Strike From Hell+1","Brutality","Battle Trance+1"],"picked":"SKIP","floor":29},{"not_picked":["Warcry+1","Headbutt+1"],"picked":"Armaments","floor":31},{"not_picked":["Offering","Double Tap"],"picked":"Bludgeon+1","floor":33},{"not_picked":["Replay:Undeath\u0027s Touch+1","Twin Strike+1"],"picked":"Pummel+1","floor":35},{"not_picked":["Armaments+1","Sentinel+1"],"picked":"Wild Strike+1","floor":37},{"not_picked":["Thunderclap+1","Feel No Pain+1","Replay:Undeath\u0027s Touch+1"],"picked":"SKIP","floor":39},{"not_picked":["Clash+1","Headbutt+1","True Grit"],"picked":"SKIP","floor":40},{"not_picked":["Twin Strike+1","Dual Wield"],"picked":"Flame Barrier","floor":42},{"not_picked":["Headbutt+1","True Grit+1","Evolve"],"picked":"SKIP","floor":44},{"not_picked":["Intimidate+1","Body Slam+1"],"picked":"Pommel Strike+1","floor":46},{"not_picked":["Run Through+1","ReplayTheSpireMod:Strike From Hell+1","Corruption"],"picked":"SKIP","floor":47},{"not_picked":["Seeing Red","Evolve"],"picked":"Carnage+1","floor":48}],"player_experience":46206,"relics_obtained":[{"floor":7.0,"key":"Letter Opener"},{"floor":9.0,"key":"Ice Cream"},{"floor":11.0,"key":"ReplayTheSpireMod:Ring of Exchange"},{"floor":23,"key":"Grinning Jar"},{"floor":26,"key":"Molten Egg 2"},{"floor":29,"key":"Replay:Multitool"},{"floor":40,"key":"Pear"},{"floor":41,"key":"Replay:Bottled Steam"},{"floor":43,"key":"Happy Flower"},{"floor":46,"key":"Replay:Towering Pillar of Hats"},{"floor":49,"key":"Magic Flower"}],"event_choices":[{"cards_removed":["Strike_R"],"damage_healed":0.0,"max_hp_gain":0.0,"max_hp_loss":0.0,"gold_gain":0.0,"event_name":"Living Wall","player_choice":"Forget","floor":4.0,"gold_loss":0.0,"damage_taken":0.0},{"cards_removed":["Spreading Infection"],"damage_healed":0.0,"max_hp_gain":0.0,"max_hp_loss":0.0,"gold_gain":0.0,"event_name":"Golden Wing","player_choice":"Card Removal","floor":13.0,"gold_loss":0.0,"damage_taken":7.0},{"damage_healed":0.0,"max_hp_gain":0.0,"max_hp_loss":0.0,"gold_gain":0.0,"event_name":"betterNote:BetterNote","player_choice":"Ignored","floor":14.0,"gold_loss":0.0,"damage_taken":0.0,"cards_obtained":["Replay:Undeath\u0027s Touch"]},{"damage_healed":0,"gold_gain":0,"player_choice":"Ignored","damage_taken":0,"max_hp_gain":0,"max_hp_loss":0,"event_name":"Vampires","floor":27,"gold_loss":0},{"cards_removed":["Pummel"],"damage_healed":1,"gold_gain":0,"player_choice":"Offered Uncommon","damage_taken":0,"max_hp_gain":0,"max_hp_loss":0,"event_name":"Bonfire Elementals","floor":36,"gold_loss":0}],"is_beta":false,"boss_relics":[{"not_picked":["PrismaticShard","Coffee Dripper"],"picked":"Replay:Grab Bag"},{"not_picked":["Replay:Bronze Core","Fusion Hammer"],"picked":"Cursed Key"},{"not_picked":["Ectoplasm","Replay:Wanted Poster"],"picked":"Sozu"},{"not_picked":["Calling Bell","Replay:Drink Me"],"picked":"Snecko Eye"},{"not_picked":["SacredBark","Runic Pyramid"],"picked":"Black Blood"},{"not_picked":["Brimstone","ReplayTheSpireMod:ShopPack"],"picked":"Membership Card"}],"items_purged_floors":[21,30,38],"is_endless":false,"potions_floor_spawned":[2,7,10,16,18,20,23,29,33,42,44,48],"ascension_level":0}}