{"host":"07tcb8n8jdavk3gs","time":1608493241,"event":{"mods":["BaseMod","Colored Map","Hermit","Marisa????????","Minty Spire (QoL Compilation)","StSLib","The Animator","The Cursed","The Servant 0.9.4"],"gold_per_floor":[362,137,153,168,168,168,198,198,198,198,198,198,230,230,230,230,230],"floor_reached":16,"playtime":700,"items_purged":["animator:Curse_Nutcracker"],"score":154,"play_id":"2c921530-1b2f-4302-8cb5-8a41cdca583a","local_time":"20201220134041","is_ascension_mode":true,"campfire_choices":[{"floor":6,"key":"REST"},{"floor":8,"key":"REST"},{"data":"animator:Tyuule","floor":10,"key":"SMITH"},{"data":"animator:Tyuule","floor":12,"key":"SMITH"},{"data":"animator:MisakiNakahara","floor":15,"key":"SMITH"}],"circlet_count":0,"master_deck":["AscendersBane","animator:Strike_Overlord","animator:Strike","animator:Strike","animator:Strike","animator:Defend","animator:Defend","animator:Defend","animator:Cocytus","animator:Demiurge","animator:Tyuule+1","animator:Tatsumaki","animator:MisakiNakahara+1","animator:Lu","animator:Tyuule+1","animator:Sebas"],"relics":["animator:LivingPicture","animator:TheMissingPiece","animator:ShionDessert","Golden Idol"],"acts_visited":["Exordium"],"potions_floor_usage":[16,16,16,16],"damage_taken":[{"damage":15,"enemies":"Jaw Worm","floor":1,"turns":7},{"damage":15,"enemies":"2 Louse","floor":3,"turns":4},{"damage":14,"enemies":"Small Slimes","floor":4,"turns":5},{"damage":11,"enemies":"2 Fungi Beasts","floor":13,"turns":3},{"damage":39,"enemies":"Hexaghost","floor":16,"turns":7}],"seed_played":"5202899121711271717","potions_obtained":[{"floor":1,"key":"Energy Potion"},{"floor":4,"key":"EntropicBrew"}],"is_trial":false,"path_per_floor":["M","$","M","M","?","R","?","R","T","R","?","R","M","?","R","B"],"character_chosen":"THE_ANIMATOR","items_purchased":["animator:Tatsumaki","animator:MisakiNakahara"],"campfire_rested":2,"item_purchase_floors":[2,2],"current_hp_per_floor":[39,39,24,10,10,28,28,46,46,46,46,46,35,35,35,0,0],"gold":230,"neow_bonus":"TWO_FIFTY_GOLD","is_daily":false,"chose_seed":false,"campfire_upgraded":3,"win_rate":0.0,"timestamp":1608493241,"path_taken":["M","$","M","M","?","R","?","R","T","R","?","R","M","?","R","BOSS"],"items_purchased_type":["Card","Card"],"build_version":"2020-12-13","purchased_purges":1,"victory":false,"max_hp_per_floor":[60,60,60,60,60,60,60,60,60,60,60,60,60,60,60,60,60],"card_choices":[{"not_picked":["animator:Assassin","animator:Geryuganshoop"],"picked":"animator:Tyuule","floor":1},{"not_picked":["animator:ShinjiMatou","animator:Rider"],"picked":"animator:Lu","floor":3},{"not_picked":["animator:TukaLunaMarceau","animator:Shinoa"],"picked":"animator:Tyuule","floor":4},{"not_picked":["animator:NarberalGamma","animator:Entoma"],"picked":"animator:Sebas","floor":13}],"player_experience":900989,"relics_obtained":[{"floor":9,"key":"animator:ShionDessert"}],"event_choices":[{"damage_healed":0,"gold_gain":0,"player_choice":"Ignored","damage_taken":0,"max_hp_gain":0,"max_hp_loss":0,"event_name":"Shining Light","floor":5,"gold_loss":0},{"damage_healed":0,"gold_gain":0,"player_choice":"Take Wound","damage_taken":0,"relics_obtained":["Golden Idol"],"max_hp_gain":0,"max_hp_loss":0,"event_name":"Golden Idol","floor":11,"gold_loss":0,"cards_obtained":["Injury"]},{"cards_removed":["Injury"],"damage_healed":0,"gold_gain":0,"player_choice":"Purged","damage_taken":0,"max_hp_gain":0,"max_hp_loss":0,"event_name":"Purifier","floor":14,"gold_loss":0}],"is_beta":false,"boss_relics":[],"items_purged_floors":[2],"is_endless":false,"potions_floor_spawned":[1,4],"killed_by":"Hexaghost","ascension_level":15}}