{"host":"0azimyi6n3ugndj4","time":1608471859,"event":{"mods":["BaseMod","Bestiary","Conspire","Curses Come First","Defuse TimeMaze Blight","Hyrulean Relics","Infinite Spire","Minty Spire (QoL Compilation)","Relic Sorter","Relic Stats","Replay The Spire","StSLib","SuperFastMode","Uncapped","¡¼?Úª?ø«¡½REMEMod"],"gold_per_floor":[150,189,249,19,73,73,73],"floor_reached":6,"playtime":138,"items_purged":["Replay:AtTheReady"],"score":151,"play_id":"587159d7-30c1-4c6c-b0ee-01a934d61965","local_time":"20201220224419","daily_mods":["Insanity","Chimera","Specialized","Vintage","ControlledChaos","Allstar","Diverse","Colorless Cards","Heirloom","Time Dilation","Binary","Elite Swarm","Lethality","Midas","Uncertain Future"],"is_ascension_mode":true,"campfire_choices":[],"circlet_count":0,"master_deck":["Demon Form","Wraith Form v2","Echo Form","DevaForm","AscendersBane","Bash","Survivor","Zap","Eruption","Strike_R","Strike_G","Strike_B","Defend_R","Defend_G","Defend_P","Replay:Battleflow","Shrug It Off","Beam Cell","Beam Cell","True Grit","Sweeping Beam","Prepared","MentalFortress","Dodge and Roll","Ball Lightning","Perseverance","Pommel Strike","Blood for Blood","WaveOfTheHand","Leap","Wild Strike","ReplayTheSpireMod:LeadingStrike","Barrage","Draining Mist","Flex","REME_Whirling","Replay:ManipulateFuture","Blade Dance","Bane","Havoc","Iron Wave","Predator","FTL","Twin Strike","TalkToTheHand","Pommel Strike","REME_Repentance","Combust","Replay:Undeath\u0027s Touch","Acrobatics","Swivel","Dagger Spray","Caltrops","TalkToTheHand","ForeignInfluence","Intimidate","Prepared","Underhanded Strike","Self Repair","Pommel Strike","ReplayTheSpireMod:Corrosion Curse","Blade Dance","Armaments","Steam","Blind","Blind","Blind","Blind","Blind","Midas Touch","Transmutation","Jack Of All Trades","Panache","Metamorphosis","REME_SpectralBlade"],"relics":["Ring of the Snake","Frozen Eye","REME_ComplimentaryCards","TungstenRod","Replay:Mystery Machine","MawBank","Pet Ghost","Orichalcum","conspire:TopHat"],"acts_visited":["Exordium"],"potions_floor_usage":[6,6],"damage_taken":[{"damage":43,"enemies":"Cultist","floor":1,"turns":6},{"damage":6,"enemies":"Small Slimes","floor":2,"turns":2},{"damage":0,"enemies":"2 Louse","floor":3,"turns":2},{"damage":0,"enemies":"Red Slaver","floor":5,"turns":3},{"damage":17,"enemies":"Lagavulin","floor":6,"turns":2}],"seed_played":"-1692123439126519481","potions_obtained":[{"floor":1,"key":"Adrenaline Potion"},{"floor":3,"key":"Fire Potion"}],"is_trial":true,"path_per_floor":["M","M","M","$","M","E"],"character_chosen":"THE_SILENT","items_purchased":["Orichalcum"],"campfire_rested":0,"item_purchase_floors":[4],"current_hp_per_floor":[16,10,10,10,10,0,0],"gold":73,"neow_bonus":"","is_daily":false,"chose_seed":false,"campfire_upgraded":0,"win_rate":0.0,"timestamp":1608471859,"path_taken":["M","M","?","$","M","E"],"items_purchased_type":["Relic"],"build_version":"2020-12-13","purchased_purges":1,"victory":false,"max_hp_per_floor":[66,66,66,66,66,66,66],"relic_stats":{"counters":[5,15],"Orichalcum":[12],"MawBank":24,"obtain_stats":[{"Frozen Eye":0,"Replay:Mystery Machine":1,"Orichalcum":4,"MawBank":2,"TungstenRod":0,"Pet Ghost":3,"conspire:TopHat":5,"Ring of the Snake":0,"REME_ComplimentaryCards":0},{"Frozen Eye":0,"Replay:Mystery Machine":1,"Orichalcum":3,"MawBank":2,"TungstenRod":0,"Pet Ghost":3,"conspire:TopHat":4,"Ring of the Snake":0,"REME_ComplimentaryCards":0},{"Frozen Eye":0,"Replay:Mystery Machine":6,"Orichalcum":10,"MawBank":8,"TungstenRod":0,"Pet Ghost":10,"conspire:TopHat":13,"Ring of the Snake":0,"REME_ComplimentaryCards":0}],"TungstenRod":12,"Ring of the Snake":[10]},"card_choices":[],"player_experience":1481434,"relics_obtained":[{"floor":1,"key":"Replay:Mystery Machine"},{"floor":2,"key":"MawBank"},{"floor":3,"key":"Pet Ghost"},{"floor":5,"key":"conspire:TopHat"}],"event_choices":[],"is_beta":false,"boss_relics":[],"items_purged_floors":[4],"is_endless":false,"potions_floor_spawned":[1,3,5],"killed_by":"Lagavulin","ascension_level":20}}