{"host":"867cnhxguf2bzj4x","time":1608463803,"event":{"mods":["BaseMod","GifTheSpireLib","Minty Spire (QoL Compilation)","StSLib","The Bug Knight","The Cursed","The Hierophant","The Servant 0.9.4"],"gold_per_floor":[362,537,612,630,650,675,686,698,698,698,698,710,564,577,577,679,679,662,679,679,689,132,132,107,107,107,120,120,120,150,160,160,258,308,326,337,0,18,1017,1017,350,350,350,369,369,369,369],"floor_reached":46,"playtime":2355,"items_purged":["TheCursedMod:Defend_TheCursed","TheCursedMod:Strike_TheCursed","TheCursedMod:Defend_TheCursed"],"score":767,"play_id":"4f7794a5-fce9-48d4-90f1-ee09458a365f","local_time":"20201220123003","is_ascension_mode":false,"campfire_choices":[{"floor":11.0,"key":"REST"},{"floor":15.0,"key":"REST"},{"floor":23,"key":"REST"},{"floor":25,"key":"RECALL"},{"data":"TheCursedMod:Hemoplague","floor":28,"key":"SMITH"},{"floor":32,"key":"REST"},{"floor":40,"key":"REST"},{"data":"TheCursedMod:UltimatePain","floor":42,"key":"SMITH"}],"circlet_count":0,"master_deck":["TheCursedMod:Strike_TheCursed","TheCursedMod:Strike_TheCursed+1","TheCursedMod:Defend_TheCursed","TheCursedMod:Defend_TheCursed","TheCursedMod:CursedWand","TheCursedMod:CleanUpWorkshop","TheCursedMod:Dregs","TheCursedMod:LuckyCharm","Doubt","TheCursedMod:CursedAmulet","TheCursedMod:Wield","TheCursedMod:AbyssShockwave","TheCursedMod:SpitefulStrike","TheCursedMod:SurpriseAttack+1","TheCursedMod:CursedShiv","TheCursedMod:Hemoplague+1","TheCursedMod:AntiAging","TheCursedMod:CursedShiv","TheCursedMod:Hemoplague","TheCursedMod:CursedAmulet+1","TheCursedMod:CursedBoomerang","TheCursedMod:LuckyCharm","TheCursedMod:CursedShiv","TheCursedMod:TroublousMinions+1","TheCursedMod:SpitefulPlan","TheCursedMod:VitalStrike+1","TheCursedMod:CollectTribute","Parasite","Normality","Normality","TheCursedMod:UltimatePain+1"],"relics":["TheCursedMod:BlackMagic101","Vajra","Bottled Lightning","Runic Dome","MutagenicStrength","Torii","Bronze Scales","Strawberry","Tiny House","Red Mask","HollowMod:StagPassRelic","PrismaticShard","StoneCalendar"],"acts_visited":["TheBeyond"],"potions_floor_usage":[33,46],"damage_taken":[{"damage":1.0,"enemies":"Jaw Worm","floor":1.0,"turns":4.0},{"damage":2.0,"enemies":"Small Slimes","floor":4.0,"turns":5.0},{"damage":1.0,"enemies":"Cultist","floor":5.0,"turns":8.0},{"damage":16.0,"enemies":"Lagavulin","floor":6.0,"turns":9.0},{"damage":31.0,"enemies":"Large Slime","floor":7.0,"turns":8.0},{"damage":7.0,"enemies":"Gremlin Gang","floor":8.0,"turns":4.0},{"damage":1.0,"enemies":"3 Louse","floor":12.0,"turns":3.0},{"damage":0.0,"enemies":"Large Slime","floor":14.0,"turns":5.0},{"damage":44.0,"enemies":"The Guardian","floor":16.0,"turns":10.0},{"damage":6.0,"enemies":"2 Thieves","floor":18.0,"turns":4.0},{"damage":7.0,"enemies":"Spheric Guardian","floor":19.0,"turns":3.0},{"damage":22.0,"enemies":"Snake Plant","floor":21.0,"turns":6.0},{"damage":2,"enemies":"Cultist and Chosen","floor":27,"turns":4},{"damage":25,"enemies":"Book of Stabbing","floor":30,"turns":4},{"damage":1,"enemies":"Chosen and Byrds","floor":31,"turns":6},{"damage":34,"enemies":"Champ","floor":33,"turns":11},{"damage":5,"enemies":"3 Shapes","floor":35,"turns":5},{"damage":30,"enemies":"3 Darklings","floor":36,"turns":6},{"damage":16,"enemies":"Writhing Mass","floor":38,"turns":6},{"damage":39,"enemies":"Jaw Worm Horde","floor":44,"turns":4},{"damage":89,"enemies":"Reptomancer","floor":46,"turns":2}],"seed_played":"2786988499570578281","potions_obtained":[{"floor":1.0,"key":"FearPotion"},{"floor":4.0,"key":"EntropicBrew"},{"floor":7.0,"key":"FearPotion"},{"floor":14.0,"key":"ColorlessPotion"},{"floor":16.0,"key":"FairyPotion"},{"floor":18.0,"key":"BlessingOfTheForge"},{"floor":27,"key":"CultistPotion"},{"floor":36,"key":"Fire Potion"}],"is_trial":false,"path_per_floor":["M","?","?","M","M","E","M","M","T","T","R","M","$","M","R","B",null,"M","M","?","M","$","R","$","R","T","M","R","?","E","M","R","B",null,"M","M","?","M","?","R","$","R","T","M","?","E"],"character_chosen":"THE_CURSED","items_purchased":["TheCursedMod:Hemoplague","TheCursedMod:CursedBoomerang","Torii","TheCursedMod:LuckyCharm","TheCursedMod:CursedShiv","HollowMod:StagPassRelic","PrismaticShard","TheCursedMod:UltimatePain"],"campfire_rested":5,"item_purchase_floors":[13,22,22,22,24,41,41,41],"current_hp_per_floor":[67,67,56,54,53,37,6,20,20,20,40,39,39,39,59,15,68,64,59,59,39,39,61,61,61,61,59,59,59,43,44,69,37,92,89,61,61,47,47,76,76,76,76,39,39,0,0],"gold":369,"neow_bonus":"TWO_FIFTY_GOLD","is_daily":false,"chose_seed":false,"campfire_upgraded":2,"win_rate":0.0,"timestamp":1608463803,"path_taken":["M","?","?","M","M","E","M","M","T","?","R","M","$","?","R","BOSS","M","M","?","M","$","R","$","R","T","M","R","?","E","?","R","BOSS","M","?","?","M","?","R","?","R","T","M","?","E"],"items_purchased_type":["Card","Card","Relic","Card","Card","Relic","Relic","Card"],"build_version":"2020-12-13","purchased_purges":3,"victory":false,"max_hp_per_floor":[68,68,68,68,68,68,68,68,68,68,68,68,68,68,68,68,68,70,72,72,74,74,74,74,74,74,74,74,74,83,85,85,87,92,94,96,96,98,98,98,98,98,98,100,100,102,102],"card_choices":[{"not_picked":["TheCursedMod:CircleOfBlood","TheCursedMod:CursedMace"],"picked":"TheCursedMod:LuckyCharm","floor":1.0},{"not_picked":["TheCursedMod:PrepareRite","TheCursedMod:Stretching"],"picked":"TheCursedMod:CursedAmulet","floor":4.0},{"not_picked":["TheCursedMod:Stigma","TheCursedMod:SpreadPlague"],"picked":"TheCursedMod:Wield","floor":5.0},{"not_picked":["TheCursedMod:RavingStaff","TheCursedMod:CircleOfAmplification"],"picked":"TheCursedMod:AbyssShockwave","floor":6.0},{"not_picked":["TheCursedMod:CursedMace","TheCursedMod:Stigma"],"picked":"TheCursedMod:SpitefulStrike","floor":7.0},{"not_picked":["TheCursedMod:Wield","TheCursedMod:EmpowerCircles"],"picked":"TheCursedMod:SurpriseAttack","floor":8.0},{"not_picked":["TheCursedMod:SaltUponWound","TheCursedMod:CircleOfWindfury"],"picked":"TheCursedMod:CursedShiv","floor":12.0},{"not_picked":["TheCursedMod:VitalStrike","TheCursedMod:SaltUponWound","TheCursedMod:CursedBlade"],"picked":"SKIP","floor":14.0},{"not_picked":["TheCursedMod:ManaCirculation","TheCursedMod:CircleOfAbyss"],"picked":"TheCursedMod:AntiAging","floor":16.0},{"not_picked":["TheCursedMod:BlessingInDisguise","TheCursedMod:CircleOfCorruption"],"picked":"TheCursedMod:CursedShiv","floor":18.0},{"not_picked":["TheCursedMod:CircleOfFlame","TheCursedMod:Grudge"],"picked":"TheCursedMod:Hemoplague","floor":19.0},{"not_picked":["TheCursedMod:SoulReap","TheCursedMod:VitalStrike"],"picked":"TheCursedMod:CursedAmulet+1","floor":21.0},{"not_picked":["TheCursedMod:Wield","TheCursedMod:DoubleShield"],"picked":"TheCursedMod:TroublousMinions+1","floor":27},{"not_picked":["TheCursedMod:CircleOfFocus","TheCursedMod:CursedAmulet"],"picked":"TheCursedMod:VitalStrike+1","floor":30},{"not_picked":["TheCursedMod:CursedStaff","TheCursedMod:CursedShiv+1","TheCursedMod:CircleOfCorruption"],"picked":"SKIP","floor":31},{"not_picked":["TheCursedMod:CircleOfAbyss","TheCursedMod:NeowsMight"],"picked":"TheCursedMod:CollectTribute","floor":33},{"not_picked":["TheCursedMod:Stretching","TheCursedMod:Wield","TheCursedMod:SpitefulStrike+1"],"picked":"SKIP","floor":35},{"not_picked":["TheCursedMod:SmokeScreen+1","TheCursedMod:Stretching","TheCursedMod:CircleOfWindfury"],"picked":"SKIP","floor":36},{"not_picked":["TheCursedMod:ReleasedStrength","TheCursedMod:CircleOfBlood+1","TheCursedMod:Torture"],"picked":"SKIP","floor":38},{"not_picked":["Twin Strike+1","DoubleEdge","Dropkick"],"picked":"SKIP","floor":44}],"player_experience":74197,"relics_obtained":[{"floor":6.0,"key":"Vajra"},{"floor":10.0,"key":"Bottled Lightning"},{"floor":26,"key":"Bronze Scales"},{"floor":30,"key":"Strawberry"},{"floor":43,"key":"StoneCalendar"}],"event_choices":[{"damage_healed":0.0,"max_hp_gain":0.0,"max_hp_loss":0.0,"gold_gain":175.0,"event_name":"Liars Game","player_choice":"AGREE","floor":2.0,"gold_loss":0.0,"damage_taken":0.0,"cards_obtained":["Doubt"]},{"damage_healed":0.0,"max_hp_gain":0.0,"max_hp_loss":0.0,"gold_gain":75.0,"event_name":"World of Goop","player_choice":"Gather Gold","floor":3.0,"gold_loss":0.0,"damage_taken":11.0},{"damage_healed":0.0,"max_hp_gain":0.0,"max_hp_loss":0.0,"gold_gain":0.0,"event_name":"Drug Dealer","player_choice":"Inject Mutagens","floor":20.0,"gold_loss":0.0,"damage_taken":0.0,"relics_obtained":["MutagenicStrength"]},{"damage_healed":0,"gold_gain":0,"cards_transformed":["TheCursedMod:Strike_TheCursed"],"player_choice":"Transformed","damage_taken":0,"max_hp_gain":0,"max_hp_loss":0,"event_name":"Transmorgrifier","floor":29,"gold_loss":0,"cards_obtained":["TheCursedMod:SpitefulPlan"]},{"damage_healed":0,"gold_gain":0,"player_choice":"Paid","damage_taken":0,"relics_obtained":["Red Mask"],"max_hp_gain":0,"max_hp_loss":0,"event_name":"Tomb of Lord Red Mask","floor":37,"gold_loss":337},{"damage_healed":0,"gold_gain":999,"player_choice":"Gold","damage_taken":0,"max_hp_gain":0,"max_hp_loss":0,"event_name":"MindBloom","floor":39,"gold_loss":0,"cards_obtained":["Normality","Normality"]},{"damage_healed":0,"gold_gain":0,"player_choice":"Upgraded","damage_taken":0,"max_hp_gain":0,"max_hp_loss":0,"event_name":"Upgrade Shrine","floor":45,"gold_loss":0,"cards_upgraded":["TheCursedMod:SurpriseAttack"]}],"is_beta":false,"boss_relics":[{"not_picked":["SacredBark","Snecko Eye"],"picked":"Runic Dome"},{"not_picked":["TheCursedMod:OminousMark","Velvet Choker"],"picked":"Tiny House"}],"items_purged_floors":[13,22,41],"is_endless":false,"potions_floor_spawned":[1,4,7,14,16,18,27,30,33,36,38],"killed_by":"Reptomancer","ascension_level":0}}