{"host":"6qo42zgaknezulyg","time":1608445971,"event":{"mods":["2.2 Compatiblity","BaseMod","Keyboard Shortcuts","Minty Spire (QoL Compilation)","Permanent Neow","Quick Restart","StSLib","SuperFastMode","The Disciple"],"gold_per_floor":[112,112,132,142,217,247,267,267,293,311,345,345,359,377,377,480,480,498,514,524,145,162,162,189,189,189,201,68,86,26,46,46,150,150,168,21,21,21,41,41,41,60,60,75,90,90,103,115,115,115],"floor_reached":51,"playtime":4484,"items_purged":["Strike_Br","Strike_Br"],"score":800,"play_id":"2ca36344-b094-4199-af52-9c1fc1088775","local_time":"20201220153251","is_ascension_mode":true,"campfire_choices":[{"data":"VestedLegacy","floor":8.0,"key":"SMITH"},{"data":"Pendulum","floor":12.0,"key":"SMITH"},{"floor":15.0,"key":"REST"},{"floor":23.0,"key":"REST"},{"floor":25.0,"key":"REST"},{"floor":32.0,"key":"REST"},{"floor":40.0,"key":"RECALL"},{"floor":46.0,"key":"REST"},{"floor":49.0,"key":"REST"}],"circlet_count":0,"master_deck":["Defend_Br","Defend_Br","Defend_Br","Defend_Br","SecondHand","PatternShift","WakeUpCall","LockedBlood","BiteCommand","SlimeSpray","VestedLegacy+1","LockedWarPaint","Pendulum+1","LockedAnchor","FormalWear","LockedAstrolabe","Echoward","LockedWhetstone+1","HandsUp+1","RageCommand","LockedThread+1","Echoward+1","Break","Analog+1","Facsimile","BlueShift","HandsUp+1","LockedBell","Echoward","EscortCommand+1","WatchCommand+1","TickedOff","Allegro+1","BackFourSeconds"],"relics":["Chronometer","Gambling Chip","Vajra","Blood Vial","Boot","Fusion Hammer","TungstenRod","Centennial Puzzle","Singing Bowl","Metronome","Bottled Tornado"],"acts_visited":["Exordium","TheCity","TheBeyond"],"potions_floor_usage":[50],"damage_taken":[{"damage":4.0,"enemies":"Jaw Worm","floor":1.0,"turns":5.0},{"damage":1.0,"enemies":"Small Slimes","floor":3.0,"turns":4.0},{"damage":4.0,"enemies":"Cultist","floor":4.0,"turns":5.0},{"damage":25.0,"enemies":"Lagavulin","floor":6.0,"turns":6.0},{"damage":16.0,"enemies":"Lots of Slimes","floor":7.0,"turns":6.0},{"damage":2.0,"enemies":"2 Fungi Beasts","floor":10.0,"turns":7.0},{"damage":17.0,"enemies":"Gremlin Nob","floor":11.0,"turns":7.0},{"damage":22.0,"enemies":"Exordium Thugs","floor":13.0,"turns":6.0},{"damage":8.0,"enemies":"Gremlin Gang","floor":14.0,"turns":6.0},{"damage":26.0,"enemies":"The Guardian","floor":16.0,"turns":16.0},{"damage":17.0,"enemies":"3 Byrds","floor":18.0,"turns":7.0},{"damage":8.0,"enemies":"Shell Parasite","floor":19.0,"turns":5.0},{"damage":36.0,"enemies":"Snecko","floor":20.0,"turns":6.0},{"damage":12.0,"enemies":"Snake Plant","floor":22.0,"turns":6.0},{"damage":33.0,"enemies":"Gremlin Leader","floor":24.0,"turns":8.0},{"damage":4.0,"enemies":"Centurion and Healer","floor":27.0,"turns":5.0},{"damage":14.0,"enemies":"Snecko","floor":29.0,"turns":7.0},{"damage":8.0,"enemies":"3 Cultists","floor":31.0,"turns":8.0},{"damage":16.0,"enemies":"Champ","floor":33.0,"turns":11.0},{"damage":28.0,"enemies":"3 Darklings","floor":35.0,"turns":7.0},{"damage":0.0,"enemies":"3 Shapes","floor":39.0,"turns":5.0},{"damage":0.0,"enemies":"Giant Head","floor":41.0,"turns":1.0},{"damage":10.0,"enemies":"Maw","floor":42.0,"turns":9.0},{"damage":9.0,"enemies":"3 Darklings","floor":44.0,"turns":6.0},{"damage":65.0,"enemies":"Transient","floor":45.0,"turns":5.0},{"damage":0.0,"enemies":"Maw","floor":47.0,"turns":12.0},{"damage":11.0,"enemies":"Spire Growth","floor":48.0,"turns":6.0},{"damage":89,"enemies":"Awakened One","floor":50,"turns":22}],"seed_played":"-7234449151879909549","potions_obtained":[{"floor":1.0,"key":"Weak Potion"},{"floor":6.0,"key":"Dexterity Potion"},{"floor":16.0,"key":"SkillPotion"},{"floor":18.0,"key":"GamblersBrew"},{"floor":20.0,"key":"Strength Potion"},{"floor":24.0,"key":"PowerPotion"},{"floor":27.0,"key":"SmokeBomb"},{"floor":33.0,"key":"Energy Potion"},{"floor":37.0,"key":"PowerPotion"},{"floor":44.0,"key":"FearPotion"},{"floor":48.0,"key":"Swift Potion"}],"is_trial":false,"path_per_floor":["M","?","M","M","?","E","M","R","T","M","E","R","M","M","R","B",null,"M","M","M","$","M","R","E","R","T","M","$","M","?","M","R","B",null,"M","$","?","$","M","R","E","M","T","M","M","R","M","M","R","B",null],"character_chosen":"CHRONO_CLASS","items_purchased":["TungstenRod","Break","Echoward","FairyPotion"],"campfire_rested":6,"item_purchase_floors":[21,28,36,36],"current_hp_per_floor":[43,64,63,65,59,40,30,30,30,36,23,23,9,9,28,10,65,54,54,26,26,16,35,10,29,29,27,27,15,15,15,34,26,65,51,51,51,51,65,65,67,61,61,56,20,40,50,41,62,9],"gold":115,"neow_bonus":"ONE_RARE_RELIC","is_daily":false,"chose_seed":false,"campfire_upgraded":2,"win_rate":0.0,"timestamp":1608445971,"path_taken":["M","?","M","M","?","E","M","R","T","M","E","R","M","M","R","BOSS","M","?","?","$","M","R","E","R","T","M","$","M","?","M","R","BOSS","M","$","?","$","?","R","E","M","T","M","M","R","M","M","R","BOSS"],"items_purchased_type":["Relic","Card","Card","Potion"],"build_version":"2020-12-13","purchased_purges":2,"victory":true,"max_hp_per_floor":[65,65,65,65,65,65,65,65,65,65,65,65,65,65,65,65,65,65,65,65,65,65,65,65,65,65,65,65,65,65,65,65,65,65,67,67,67,67,67,67,67,67,67,69,69,69,71,71,71,71],"card_choices":[{"not_picked":["Engulf","CrunchTime"],"picked":"WakeUpCall","floor":1.0},{"not_picked":["Parity","LockedMedicine"],"picked":"LockedBlood","floor":3.0},{"not_picked":["LockedMedicine","ShortSighted"],"picked":"BiteCommand","floor":4.0},{"not_picked":["Parity","Cuckoo"],"picked":"SlimeSpray","floor":6.0},{"not_picked":["Recurrance","LockedAnchor"],"picked":"VestedLegacy","floor":7.0},{"not_picked":["Tempo","TickedOff"],"picked":"LockedWarPaint","floor":10.0},{"not_picked":["LockedTurtyl","ExoVibe"],"picked":"Pendulum","floor":11.0},{"not_picked":["LockedUrn","WindUp"],"picked":"LockedAnchor","floor":13.0},{"not_picked":["PrimeTime","BlueShift"],"picked":"FormalWear","floor":14.0},{"not_picked":["LockedCalendar","BeatsPerMinute"],"picked":"LockedAstrolabe","floor":16.0},{"not_picked":["LockedScales","FormalWear"],"picked":"Echoward","floor":18.0},{"not_picked":["LockedUrn","LockedAnchor"],"picked":"LockedWhetstone+1","floor":19.0},{"not_picked":["LockedMedicine","BlueShift"],"picked":"HandsUp+1","floor":20.0},{"not_picked":["ReapSow","LockedScales"],"picked":"RageCommand","floor":22.0},{"not_picked":["WindUp","Recurrance+1"],"picked":"LockedThread+1","floor":24.0},{"not_picked":["WatchCommand","LockedBlood"],"picked":"Echoward+1","floor":27.0},{"not_picked":["LockedMedicine","LockedBlood"],"picked":"Analog+1","floor":29.0},{"not_picked":["ShortSighted","FormalWear"],"picked":"HandsUp+1","floor":31.0},{"not_picked":["LockedCalendar","Pendulum"],"picked":"LockedBell","floor":33.0},{"not_picked":["LockedAnchor","LockedMedicine+1","DaylightSavings+1"],"picked":"Singing Bowl","floor":35.0},{"not_picked":["ReapSow+1","LockedMedicine+1"],"picked":"EscortCommand+1","floor":39.0},{"not_picked":["WakeUpCall","LockedBlood+1"],"picked":"WatchCommand+1","floor":42.0},{"not_picked":["LockedMedicine+1","Tempo","LockedAnchor"],"picked":"Singing Bowl","floor":44.0},{"not_picked":["WatchCommand+1","LockedMedicine+1"],"picked":"TickedOff","floor":45.0},{"not_picked":["WindUp","BiteCommand","Engulf"],"picked":"Singing Bowl","floor":47.0},{"not_picked":["Chronoelasticity+1","LockedScales+1"],"picked":"BackFourSeconds","floor":48.0}],"player_experience":751020,"relics_obtained":[{"floor":6.0,"key":"Vajra"},{"floor":9.0,"key":"Blood Vial"},{"floor":11.0,"key":"Boot"},{"floor":24.0,"key":"Centennial Puzzle"},{"floor":26.0,"key":"Singing Bowl"},{"floor":43.0,"key":"Bottled Tornado"}],"event_choices":[{"damage_healed":21.0,"max_hp_gain":0.0,"max_hp_loss":0.0,"gold_gain":0.0,"event_name":"Big Fish","player_choice":"Banana","floor":2.0,"gold_loss":0.0,"damage_taken":0.0},{"damage_healed":0.0,"max_hp_gain":0.0,"max_hp_loss":0.0,"gold_gain":75.0,"event_name":"FaceTrader","player_choice":"Touch","floor":5.0,"gold_loss":0.0,"damage_taken":6.0},{"damage_healed":0.0,"max_hp_gain":0.0,"max_hp_loss":0.0,"gold_gain":0.0,"cards_transformed":["Strike_Br","Strike_Br"],"event_name":"Designer","player_choice":"Transformed Cards","floor":30.0,"gold_loss":60.0,"damage_taken":0.0,"cards_obtained":["Facsimile","BlueShift"]},{"damage_healed":0.0,"max_hp_gain":0.0,"max_hp_loss":0.0,"gold_gain":0.0,"event_name":"Lab","player_choice":"Got Potions","floor":37.0,"gold_loss":0.0,"damage_taken":0.0}],"is_beta":false,"boss_relics":[{"not_picked":["Pandora\u0027s Box","Coffee Dripper"],"picked":"Fusion Hammer"},{"not_picked":["Busted Crown","Black Star"],"picked":"Metronome"}],"items_purged_floors":[21,28],"is_endless":false,"potions_floor_spawned":[1,6,16,18,20,24,27,33,41,44,48],"ascension_level":4}}