{"host":"z6c1sol8rulx2ubz","time":1608474711,"event":{"mods":["AchievementEnabler","Act Like it!","BaseMod","Better Note","Better Third Choice","Downfall","Elementarium","Gold Saver","Hallownest","Hermit","Hubris","Infinite Spire","Jorbs\u0027s Wanderer Trilogy","Minty Spire (QoL Compilation)","Potionbrewer","Quick Restart","Rare Cards Sparkle","StSLib","The Animator","The Bug Knight","The Cursed","The Dragon Tamer","The Necromancer","Wandering Minibosses"],"gold_per_floor":[1474,1508,1138,1063,1074,1108,1108,1033,1033,1064,1081,1081,284,304,319,422,422,347,307,307,260,260,260,286,298,321,321,316,316],"floor_reached":28,"playtime":1886,"items_purged":["Regret"],"score":292,"play_id":"fff1fe9f-81c4-4bca-b39c-21fd2addd7ae","local_time":"20201220143151","is_ascension_mode":true,"campfire_choices":[{"floor":1,"key":"RECALL"},{"floor":4,"key":"REST"},{"floor":8,"key":"REST"},{"data":"champ:IgnorePain","floor":18,"key":"SMITH"},{"data":"champ:Taunt","floor":20,"key":"SMITH"},{"floor":22,"key":"REST"},{"floor":27,"key":"REST"}],"circlet_count":0,"master_deck":["champ:Strike","champ:Strike","champ:Strike","champ:Strike","champ:Defend","champ:Defend","champ:Defend","champ:Defend","champ:Execute","champ:Taunt+1","champ:Backstep","champ:DancingMaster","champ:DefensiveShout","champ:BerserkersShout","champ:RisingSlash","champ:TornadoPunch","champ:StanceDance","champ:FlashCut","Unload","champ:EnragedBash","champ:IgnorePain+1","champ:RecklessLeap","champ:EnragedBash","expansioncontent:FaceSlap","champ:CalledShot","champ:LastStand","Writhe","champ:BerserkerStyle"],"relics":["champ:ChampionCrown","Bag of Preparation","hubris:TenFootPole","Chemical X","downfall:HeartBlessingRed","Singing Bowl","downfall:HeartBlessingBlue","champ:FightingForDummies","infinitespire:Beetle Shell","StrikeDummy","FossilizedHelix","Black Star","downfall:HeartBlessingGreen","hubris:BottledRain","Smiling Mask","The Courier","hubris:DisguiseKit"],"acts_visited":["Exordium","TheCity"],"potions_floor_usage":[6,10,10,16,21,26],"damage_taken":[{"damage":87,"enemies":"Lagavulin","floor":2,"turns":11},{"damage":10,"enemies":"downfall:FleeingMerchant","floor":3,"turns":4},{"damage":6,"enemies":"Jaw Worm","floor":5,"turns":3},{"damage":29,"enemies":"Gremlin Nob","floor":6,"turns":4},{"damage":13,"enemies":"HollowMod:MossKnight","floor":10,"turns":2},{"damage":2,"enemies":"2 Louse","floor":11,"turns":2},{"damage":19,"enemies":"downfall:FleeingMerchant","floor":13,"turns":4},{"damage":0,"enemies":"Small Slimes","floor":14,"turns":1},{"damage":1,"enemies":"Blue Slaver","floor":15,"turns":1},{"damage":67,"enemies":"downfall:Silent","floor":16,"turns":6},{"damage":83,"enemies":"Shell Parasite","floor":19,"turns":8},{"damage":49,"enemies":"Chosen","floor":21,"turns":9},{"damage":71,"enemies":"Centurion and Healer","floor":25,"turns":9},{"damage":90,"enemies":"Book of Stabbing","floor":26,"turns":7},{"damage":45,"enemies":"Snake Plant","floor":28,"turns":4}],"seed_played":"-2185245896988989259","potions_obtained":[{"floor":2,"key":"Slimebound:ThreeZeroPotion"},{"floor":5,"key":"AttackPotion"},{"floor":6,"key":"Regen Potion"},{"floor":15,"key":"potionbrewer:ToxicPotion"},{"floor":16,"key":"champ:UltimateStancePotion"},{"floor":25,"key":"potionbrewer:EndurancePotion"}],"is_trial":false,"path_per_floor":["R","E","$","R","M","E","T","R","?","E","M","?","$","M","M","B",null,"R","M","R","M","R","?","T","M","E","R","M"],"character_chosen":"THE_CHAMP","items_purchased":["Chemical X","champ:DefensiveShout","champ:BerserkersShout","champ:RisingSlash","champ:TornadoPunch","FossilizedHelix","champ:IgnorePain","champ:RecklessLeap","champ:EnragedBash","expansioncontent:FaceSlap"],"campfire_rested":4,"item_purchase_floors":[3,3,3,3,3,13,13,13,13,13],"current_hp_per_floor":[90,18,18,45,45,27,27,67,52,54,52,52,51,53,54,3,106,106,76,76,66,99,99,99,62,10,43,0,0],"gold":316,"neow_bonus":"RANDOM_COMMON_RELIC","is_daily":false,"chose_seed":false,"campfire_upgraded":2,"win_rate":0.0,"timestamp":1608474711,"path_taken":["R","E","$","R","M","E","T","R","?","E","M","?","$","M","M","BOSS","R","M","R","M","R","?","T","M","E","R","M"],"items_purchased_type":["Relic","Card","Card","Card","Card","Relic","Card","Card","Card","Card"],"build_version":"2020-12-13","purchased_purges":1,"victory":false,"max_hp_per_floor":[90,90,90,90,90,90,90,100,100,102,102,102,104,106,106,106,106,106,108,108,110,110,110,110,110,112,112,112,112],"card_choices":[{"not_picked":["champ:FightOn","champ:GutPunch"],"picked":"champ:Backstep","floor":2},{"not_picked":["champ:Encircle","champ:StanceDance"],"picked":"champ:DancingMaster","floor":3},{"not_picked":["champ:CrookedStrike","champ:FalseCounter"],"picked":"champ:StanceDance","floor":5},{"not_picked":["champ:EndlessRage","champ:AdrenalArmor"],"picked":"champ:FlashCut","floor":6},{"not_picked":["champ:Circumvent","champ:CrookedStrike","champ:EnGarde"],"picked":"Singing Bowl","floor":10},{"not_picked":["champ:FlashCut","champ:Backstep"],"picked":"champ:EnragedBash","floor":11},{"not_picked":["champ:Circumvent","champ:FaceSlap","champ:Backstep"],"picked":"Singing Bowl","floor":13},{"not_picked":["champ:GladiatorsShout","champ:DefensiveShout","champ:FanOfKnives"],"picked":"Singing Bowl","floor":14},{"not_picked":["champ:DefensiveShout","champ:FanOfKnives"],"picked":"champ:CalledShot","floor":15},{"not_picked":["champ:CrownThrow","champ:HeavySlash"],"picked":"champ:LastStand","floor":16},{"not_picked":["champ:FocusedGladiator","champ:DefensiveShout","champ:EnGarde"],"picked":"Singing Bowl","floor":19},{"not_picked":["champ:BladeFlurry","champ:FaceSlap+1","champ:Riposte"],"picked":"Singing Bowl","floor":21},{"not_picked":["champ:FanOfKnives","champ:CrookedStrike+1"],"picked":"champ:BerserkerStyle","floor":25},{"not_picked":["champ:Backstep","champ:GladiatorsShout+1","champ:Circumvent+1"],"picked":"Singing Bowl","floor":26}],"player_experience":273358,"relics_obtained":[{"floor":2,"key":"hubris:TenFootPole"},{"floor":6,"key":"Singing Bowl"},{"floor":10,"key":"infinitespire:Beetle Shell"},{"floor":24,"key":"Smiling Mask"},{"floor":26,"key":"The Courier"},{"floor":26,"key":"hubris:DisguiseKit"}],"event_choices":[{"damage_healed":0,"gold_gain":0,"player_choice":"Box","damage_taken":0,"relics_obtained":["StrikeDummy"],"max_hp_gain":0,"max_hp_loss":0,"event_name":"Big Fish","floor":12,"gold_loss":0,"cards_obtained":["Regret"]}],"is_beta":false,"boss_relics":[{"not_picked":["hubris:RunicObelisk","hubris:VirtuousBlindfold"],"picked":"Black Star"}],"items_purged_floors":[13],"is_endless":false,"potions_floor_spawned":[2,5,6,15,16,25],"killed_by":"Snake Plant","ascension_level":1}}