{"host":"2n2g1vowfllvjtvi","time":1608467689,"event":{"mods":["AchievementEnabler","BaseMod","Custom Start","GifTheSpireLib","Keyboard Shortcuts","Minty Spire (QoL Compilation)","Quick Restart","Rare Cards Sparkle","StSLib","SuperFastMode"],"gold_per_floor":[116,41,41,60,60,91,106,125,206,206,206,206,236,248,248,248,248],"floor_reached":16,"playtime":191,"items_purged":["Strike_R"],"score":236,"play_id":"00b48da1-3581-43ed-b2f1-3d3320b5f65b","local_time":"20201220213449","is_ascension_mode":true,"campfire_choices":[{"data":"Bloodletting","floor":10,"key":"SMITH"},{"data":"Combust","floor":12,"key":"SMITH"},{"data":"Bludgeon","floor":15,"key":"SMITH"}],"circlet_count":0,"master_deck":["AscendersBane","Strike_R","Strike_R","Strike_R","Strike_R","Defend_R","Defend_R+1","Defend_R","Defend_R+1","Bash","Hemokinesis","Shrug It Off","Combust+1","Bludgeon+1","Power Through","Flame Barrier","Bloodletting+1","Feel No Pain","Uppercut+1"],"relics":["Burning Blood","NeowsBlessing","Prayer Wheel","Molten Egg 2","Potion Belt"],"acts_visited":["Exordium"],"potions_floor_usage":[],"damage_taken":[{"damage":0.0,"enemies":"2 Louse","floor":1.0,"turns":1.0},{"damage":0.0,"enemies":"Small Slimes","floor":4.0,"turns":1.0},{"damage":0.0,"enemies":"3 Sentries","floor":6.0,"turns":2.0},{"damage":2.0,"enemies":"Cultist","floor":7.0,"turns":3.0},{"damage":27,"enemies":"Exordium Thugs","floor":8,"turns":5},{"damage":23,"enemies":"Gremlin Nob","floor":13,"turns":5},{"damage":7,"enemies":"Blue Slaver","floor":14,"turns":2},{"damage":32,"enemies":"The Guardian","floor":16,"turns":9}],"seed_played":"9123670094158482331","potions_obtained":[{"floor":1.0,"key":"SpeedPotion"},{"floor":8,"key":"Dexterity Potion"},{"floor":14,"key":"SpeedPotion"}],"is_trial":false,"path_per_floor":["M","$","?","M","$","E","M","M","T","R","?","R","E","M","R","B"],"character_chosen":"IRONCLAD","items_purchased":[],"campfire_rested":0,"item_purchase_floors":[],"current_hp_per_floor":[74,74,51,57,57,63,67,46,46,46,51,51,34,33,33,1,1],"gold":248,"neow_bonus":"THREE_ENEMY_KILL","is_daily":false,"chose_seed":false,"campfire_upgraded":3,"win_rate":0.0,"timestamp":1608467689,"path_taken":["M","$","?","M","$","E","M","M","T","R","?","R","E","M","R","BOSS"],"items_purchased_type":[],"build_version":"2020-12-13","purchased_purges":1,"victory":false,"max_hp_per_floor":[75,75,75,75,75,75,75,75,75,75,80,80,80,80,80,80,80],"card_choices":[{"not_picked":["Pommel Strike","Flex"],"picked":"Hemokinesis","floor":1.0},{"not_picked":["Sword Boomerang","Perfected Strike"],"picked":"Shrug It Off","floor":4.0},{"not_picked":["Havoc","Pommel Strike"],"picked":"Combust","floor":6.0},{"not_picked":["Twin Strike","Clothesline"],"picked":"Bludgeon","floor":7.0},{"not_picked":["Entrench","Twin Strike"],"picked":"Power Through","floor":7.0},{"not_picked":["Combust","Heavy Blade"],"picked":"Flame Barrier","floor":8},{"not_picked":["Iron Wave","True Grit"],"picked":"Bloodletting","floor":8},{"not_picked":["Sword Boomerang+1","Intimidate","Heavy Blade+1"],"picked":"SKIP","floor":13},{"not_picked":["Warcry","Feed+1"],"picked":"Feel No Pain","floor":14},{"not_picked":["Flex","Intimidate"],"picked":"Uppercut+1","floor":14}],"player_experience":435718,"relics_obtained":[{"floor":6.0,"key":"Prayer Wheel"},{"floor":9,"key":"Molten Egg 2"},{"floor":13,"key":"Potion Belt"}],"event_choices":[{"damage_healed":0.0,"max_hp_gain":0.0,"max_hp_loss":0.0,"gold_gain":0.0,"event_name":"Shining Light","player_choice":"Entered Light","floor":3.0,"gold_loss":0.0,"damage_taken":23.0,"cards_upgraded":["Defend_R","Defend_R"]},{"damage_healed":0,"gold_gain":0,"player_choice":"Donut","damage_taken":0,"max_hp_gain":5,"max_hp_loss":0,"event_name":"Big Fish","floor":11,"gold_loss":0}],"is_beta":false,"boss_relics":[],"items_purged_floors":[2],"is_endless":false,"potions_floor_spawned":[1,8,14],"killed_by":"The Guardian","ascension_level":15}}