{"host":"bxn2em57qlx5u4i0","time":1608481162,"event":{"mods":["BaseMod","Colored Map","Colored Powertips","Highlight Path","Minty Spire (QoL Compilation)","Random Character Button","Relic Sorter","Relic Stats","StSLib","SuperFastMode"],"gold_per_floor":[110,121,121,133,145,187,199,240,277,289,289],"floor_reached":10,"playtime":128,"items_purged":[],"score":198,"play_id":"06055a36-38a4-46db-bc1c-bb36b7a33898","local_time":"20201220111922","is_ascension_mode":true,"campfire_choices":[{"data":"Skewer","floor":7,"key":"SMITH"}],"circlet_count":0,"master_deck":["AscendersBane","Strike_G","Strike_G","Strike_G","Strike_G","Defend_G+1","Defend_G+1","Defend_G","Defend_G","Defend_G","Survivor","Neutralize","Skewer+1","Backstab","Die Die Die","Footwork"],"relics":["Ring of the Snake","NeowsBlessing","MawBank","Strawberry","Shuriken","War Paint"],"acts_visited":["Exordium"],"potions_floor_usage":[10],"damage_taken":[{"damage":0,"enemies":"Cultist","floor":1,"turns":1},{"damage":0,"enemies":"Jaw Worm","floor":2,"turns":1},{"damage":0,"enemies":"Lagavulin","floor":6,"turns":1},{"damage":34,"enemies":"Gremlin Nob","floor":8,"turns":4},{"damage":23,"enemies":"Lagavulin","floor":10,"turns":7}],"seed_played":"-6250550166034886277","potions_obtained":[{"floor":6,"key":"EssenceOfSteel"}],"is_trial":false,"path_per_floor":["M","M","?","$","?","E","R","E","T","E"],"character_chosen":"THE_SILENT","items_purchased":[],"campfire_rested":0,"item_purchase_floors":[],"current_hp_per_floor":[59,59,41,41,34,41,41,7,7,0,0],"gold":289,"neow_bonus":"THREE_ENEMY_KILL","is_daily":false,"chose_seed":false,"campfire_upgraded":1,"win_rate":0.0,"timestamp":1608481162,"path_taken":["M","?","?","$","?","E","R","E","T","E"],"items_purchased_type":[],"build_version":"2020-12-13","purchased_purges":0,"victory":false,"max_hp_per_floor":[66,66,66,66,66,73,73,73,73,73,73],"relic_stats":{"counters":[5,14],"Shuriken":[3],"War Paint":["Defend_G","Defend_G"],"MawBank":84,"obtain_stats":[{"NeowsBlessing":0,"Shuriken":8,"Strawberry":6,"War Paint":9,"MawBank":3,"Ring of the Snake":0},{"NeowsBlessing":0,"Shuriken":4,"Strawberry":3,"War Paint":4,"MawBank":2,"Ring of the Snake":0},{"NeowsBlessing":0,"Shuriken":7,"Strawberry":3,"War Paint":7,"MawBank":2,"Ring of the Snake":0}],"Ring of the Snake":[10]},"card_choices":[{"not_picked":["Backflip","Cloak And Dagger"],"picked":"Skewer","floor":1},{"not_picked":["Quick Slash","All Out Attack"],"picked":"Backstab","floor":2},{"not_picked":["Grand Finale","All Out Attack"],"picked":"Die Die Die","floor":6},{"not_picked":["PiercingWail","Eviscerate"],"picked":"Footwork","floor":8}],"player_experience":2825719,"relics_obtained":[{"floor":6,"key":"Strawberry"},{"floor":8,"key":"Shuriken"},{"floor":9,"key":"War Paint"}],"event_choices":[{"damage_healed":0,"gold_gain":0,"player_choice":"Success","damage_taken":18,"relics_obtained":["MawBank"],"max_hp_gain":0,"max_hp_loss":0,"event_name":"Scrap Ooze","floor":3,"gold_loss":0},{"cards_removed":["Strike_G"],"damage_healed":0,"gold_gain":0,"player_choice":"Card Removal","damage_taken":7,"max_hp_gain":0,"max_hp_loss":0,"event_name":"Golden Wing","floor":5,"gold_loss":0}],"is_beta":false,"boss_relics":[],"items_purged_floors":[],"is_endless":false,"potions_floor_spawned":[6],"killed_by":"Lagavulin","ascension_level":20}}