{"host":"15dd7v8o90xso62x","time":1608493498,"event":{"mods":["BaseMod","Minty Spire (QoL Compilation)","Quick Restart","StSLib"],"gold_per_floor":[115,115,390,400,58,85,105,138,138,154,169,169,203,215,215,287,287,298,298,308,325,342,377,377,43,94,94,94,114,114,124,124,195,195,213,213,213,88,106,106,137,137,137,137,152,172,172,203,203,203],"floor_reached":51,"playtime":2194,"items_purged":["Regret","Strike_B","Defend_B"],"score":1575,"play_id":"b839dbe6-986a-4b3f-8d3b-9a60c471cb3b","local_time":"20201221044458","is_ascension_mode":true,"campfire_choices":[{"data":"Beam Cell","floor":12.0,"key":"SMITH"},{"data":"Zap","floor":15.0,"key":"SMITH"},{"data":"FTL","floor":24,"key":"SMITH"},{"data":"Go for the Eyes","floor":27,"key":"SMITH"},{"data":"Deep Breath","floor":30,"key":"SMITH"},{"data":"Turbo","floor":32,"key":"SMITH"},{"data":"Hologram","floor":40,"key":"SMITH"},{"data":"Reboot","floor":42,"key":"SMITH"},{"data":"Scrape","floor":47,"key":"SMITH"},{"data":"Master of Strategy","floor":49,"key":"SMITH"}],"circlet_count":0,"master_deck":["AscendersBane","Defend_B","Zap+1","Dualcast","Hologram+1","Gash+1","Beam Cell+1","Master of Strategy+1","Turbo+1","Reboot+1","Gash","Sweeping Beam+1","Reboot","Core Surge+1","Sweeping Beam+1","Leap+1","Gash+1","BootSequence","FTL+1","Coolheaded+1","Deep Breath+1","Defragment+1","Go for the Eyes+1","Glacier+1","Capacitor+1","Biased Cognition+1","Panacea","Flash of Steel","Scrape+1"],"relics":["FrozenCore","NeowsBlessing","White Beast Statue","Singing Bowl","Centennial Puzzle","Bottled Flame","Frozen Egg 2","Astrolabe","PreservedInsect","Whetstone","Orichalcum","Mummified Hand","Omamori"],"acts_visited":["Exordium","TheCity","TheBeyond"],"potions_floor_usage":[23,41,45,50],"damage_taken":[{"damage":0.0,"enemies":"Jaw Worm","floor":1.0,"turns":1.0},{"damage":0.0,"enemies":"Small Slimes","floor":4.0,"turns":1.0},{"damage":0.0,"enemies":"3 Sentries","floor":6.0,"turns":1.0},{"damage":0.0,"enemies":"Cultist","floor":7.0,"turns":3.0},{"damage":20.0,"enemies":"Lagavulin","floor":8.0,"turns":6.0},{"damage":8.0,"enemies":"Blue Slaver","floor":10.0,"turns":2.0},{"damage":0.0,"enemies":"Lots of Slimes","floor":11.0,"turns":1.0},{"damage":2.0,"enemies":"3 Sentries","floor":13.0,"turns":4.0},{"damage":0.0,"enemies":"3 Louse","floor":14.0,"turns":3.0},{"damage":19.0,"enemies":"The Guardian","floor":16.0,"turns":10.0},{"damage":0.0,"enemies":"Spheric Guardian","floor":18.0,"turns":3.0},{"damage":0.0,"enemies":"3 Byrds","floor":20.0,"turns":1.0},{"damage":0.0,"enemies":"Centurion and Healer","floor":21.0,"turns":5.0},{"damage":9.0,"enemies":"Snake Plant","floor":22.0,"turns":3.0},{"damage":0,"enemies":"Book of Stabbing","floor":23,"turns":2},{"damage":3,"enemies":"Snecko","floor":29,"turns":3},{"damage":0,"enemies":"Chosen and Byrds","floor":31,"turns":4},{"damage":4,"enemies":"Collector","floor":33,"turns":6},{"damage":5,"enemies":"3 Darklings","floor":35,"turns":3},{"damage":8,"enemies":"3 Shapes","floor":39,"turns":3},{"damage":5,"enemies":"Reptomancer","floor":41,"turns":4},{"damage":4,"enemies":"Sphere and 2 Shapes","floor":45,"turns":5},{"damage":0,"enemies":"Spire Growth","floor":46,"turns":5},{"damage":0,"enemies":"Nemesis","floor":48,"turns":3},{"damage":0,"enemies":"Awakened One","floor":50,"turns":9}],"seed_played":"-1502744519220054395","potions_obtained":[{"floor":1.0,"key":"SkillPotion"},{"floor":4.0,"key":"PowerPotion"},{"floor":8.0,"key":"SneckoOil"},{"floor":10.0,"key":"Explosive Potion"},{"floor":11.0,"key":"FocusPotion"},{"floor":13.0,"key":"BlessingOfTheForge"},{"floor":14.0,"key":"SkillPotion"},{"floor":16.0,"key":"ColorlessPotion"},{"floor":20.0,"key":"AttackPotion"},{"floor":21.0,"key":"SteroidPotion"},{"floor":22.0,"key":"Ancient Potion"},{"floor":23,"key":"SneckoOil"},{"floor":29,"key":"Weak Potion"},{"floor":33,"key":"Ancient Potion"},{"floor":37,"key":"LiquidMemories"},{"floor":41,"key":"Block Potion"},{"floor":45,"key":"GamblersBrew"}],"is_trial":false,"path_per_floor":["M","?","?","M","$","E","M","E","T","M","M","R","E","M","R","B",null,"M","?","M","M","M","E","R","$","T","R","?","M","R","M","R","B",null,"M","?","?","$","M","R","E","R","T","?","M","M","R","E","R","B",null],"character_chosen":"DEFECT","items_purchased":["Beam Cell","Master of Strategy","Deep Breath","Defragment+1","Go for the Eyes"],"campfire_rested":0,"item_purchase_floors":[5,5,25,25,25],"current_hp_per_floor":[64,46,46,46,46,46,48,28,28,20,20,20,20,22,22,3,59,59,59,59,59,52,52,52,52,52,52,52,49,49,49,49,45,71,68,63,63,63,57,57,54,54,54,54,52,52,52,54,54,54],"gold":203,"neow_bonus":"THREE_ENEMY_KILL","is_daily":false,"chose_seed":false,"campfire_upgraded":10,"win_rate":0.0,"timestamp":1608493498,"path_taken":["M","?","?","?","$","E","M","E","T","M","M","R","E","M","R","BOSS","M","?","?","M","M","E","R","$","T","R","?","M","R","M","R","BOSS","M","?","?","$","?","R","E","R","T","?","M","?","R","E","R","BOSS"],"items_purchased_type":["Card","Card","Card","Card","Card"],"build_version":"2020-12-13","purchased_purges":3,"victory":true,"max_hp_per_floor":[71,71,71,71,71,71,73,73,73,73,73,73,75,77,77,77,77,77,77,77,77,79,79,79,79,79,79,79,79,79,79,79,79,79,81,81,81,81,83,83,85,85,85,85,87,87,87,89,89,89],"card_choices":[{"not_picked":["Darkness","Hologram","Aggregate"],"picked":"SKIP","floor":1.0},{"not_picked":["Darkness","Aggregate"],"picked":"Hologram","floor":1.0},{"not_picked":["Stack","Reprogram"],"picked":"Gash","floor":4.0},{"not_picked":["Beam Cell","Fusion"],"picked":"Turbo","floor":6.0},{"not_picked":["Capacitor","Compile Driver","Leap"],"picked":"Singing Bowl","floor":7.0},{"not_picked":["Rebound","Coolheaded"],"picked":"Reboot","floor":8.0},{"not_picked":["Lockon","Fusion"],"picked":"Gash","floor":10.0},{"not_picked":["Redo","Cold Snap"],"picked":"Sweeping Beam","floor":11.0},{"not_picked":["Compile Driver","Force Field","Go for the Eyes"],"picked":"Singing Bowl","floor":13.0},{"not_picked":["Redo","Sweeping Beam","Chaos"],"picked":"Singing Bowl","floor":14.0},{"not_picked":["Machine Learning+1","Rainbow"],"picked":"Reboot","floor":16.0},{"not_picked":["Redo+1","Leap"],"picked":"Gash+1","floor":18.0},{"not_picked":["Streamline","Stack+1"],"picked":"BootSequence","floor":20.0},{"not_picked":["Glacier","Hologram+1"],"picked":"FTL","floor":21.0},{"not_picked":["Storm+1","Ball Lightning","Undo"],"picked":"Singing Bowl","floor":22.0},{"not_picked":["Leap","Storm+1"],"picked":"Coolheaded+1","floor":23},{"not_picked":["Heatsinks+1","Ball Lightning"],"picked":"Glacier","floor":29},{"not_picked":["Loop+1","Barrage"],"picked":"Capacitor+1","floor":31},{"not_picked":["Rainbow","Creative AI+1"],"picked":"Biased Cognition+1","floor":33},{"not_picked":["Sunder","Streamline+1","Hologram"],"picked":"Singing Bowl","floor":35},{"not_picked":["Madness","Discovery"],"picked":"Panacea","floor":36},{"not_picked":["Bandage Up","Forethought"],"picked":"Flash of Steel","floor":36},{"not_picked":["Streamline","Steam","Go for the Eyes"],"picked":"Singing Bowl","floor":39},{"not_picked":["Hologram","Lockon+1","Aggregate+1"],"picked":"Singing Bowl","floor":41},{"not_picked":["Tempest+1","Force Field","Reprogram"],"picked":"Singing Bowl","floor":45},{"not_picked":["Redo+1","Turbo+1"],"picked":"Scrape","floor":46},{"not_picked":["Consume","Lockon","Hello World+1"],"picked":"Singing Bowl","floor":48}],"player_experience":934099,"relics_obtained":[{"floor":6.0,"key":"Singing Bowl"},{"floor":8.0,"key":"Centennial Puzzle"},{"floor":9.0,"key":"Bottled Flame"},{"floor":13.0,"key":"Frozen Egg 2"},{"floor":23,"key":"PreservedInsect"},{"floor":26,"key":"Whetstone"},{"floor":41,"key":"Orichalcum"},{"floor":43,"key":"Mummified Hand"},{"floor":48,"key":"Omamori"}],"event_choices":[{"damage_healed":0.0,"max_hp_gain":0.0,"max_hp_loss":0.0,"gold_gain":0.0,"event_name":"Scrap Ooze","player_choice":"Success","floor":2.0,"gold_loss":0.0,"damage_taken":18.0,"relics_obtained":["White Beast Statue"]},{"damage_healed":0.0,"max_hp_gain":0.0,"max_hp_loss":0.0,"gold_gain":275.0,"event_name":"Golden Shrine","player_choice":"Desecrate","floor":3.0,"gold_loss":0.0,"damage_taken":0.0,"cards_obtained":["Regret"]},{"cards_removed":["Strike_B"],"damage_healed":0.0,"max_hp_gain":0.0,"max_hp_loss":0.0,"gold_gain":0.0,"event_name":"Bonfire Elementals","player_choice":"Offered Basic","floor":19.0,"gold_loss":0.0,"damage_taken":0.0},{"cards_removed":["Defend_B"],"damage_healed":0,"gold_gain":0,"player_choice":"Elegance","damage_taken":0,"max_hp_gain":0,"max_hp_loss":0,"event_name":"Back to Basics","floor":28,"gold_loss":0},{"damage_healed":0,"gold_gain":0,"player_choice":"Memory 2","damage_taken":5,"max_hp_gain":0,"max_hp_loss":0,"event_name":"SensoryStone","floor":36,"gold_loss":0},{"damage_healed":0,"gold_gain":0,"player_choice":"Got Potions","damage_taken":0,"max_hp_gain":0,"max_hp_loss":0,"event_name":"Lab","floor":37,"gold_loss":0},{"damage_healed":0,"gold_gain":0,"player_choice":"Forge","damage_taken":0,"max_hp_gain":0,"max_hp_loss":0,"event_name":"Accursed Blacksmith","floor":44,"gold_loss":0,"cards_upgraded":["Glacier"]}],"is_beta":false,"boss_relics":[{"not_picked":["Tiny House","Runic Pyramid"],"picked":"Astrolabe"},{"not_picked":["Snecko Eye","Runic Dome"],"picked":"FrozenCore"}],"items_purged_floors":[5,25,38],"is_endless":false,"potions_floor_spawned":[1,4,6,7,8,10,11,13,14,16,18,20,21,22,23,29,31,33,35,39,41,45,46,48],"ascension_level":16}}