{"host":"htqwg582tjjtn9p7","time":1608452827,"event":{"mods":["2.2 Compatiblity","AchievementEnabler","Act Like it!","Aspiration","BaseMod","Better Third Choice","Colored Map","Conspire","Curses Come First","Displayed Cursed Tome","Energized Spire","Force Act Four","GifTheSpireLib","Hermit","Highlight Path","JesterMod","Mad Scientist","Minty Spire (QoL Compilation)","Pale of the Ancients","Permanent Neow","Random Character Button","Relic Stats","Replay The Spire","Robot Space Explorer","Somnambulant","Spicy Shops","Spikes Relics","StSLib","Stuff the Spire","The Blue Laboratory","The Disciple","The Dragon Tamer","The Forsaken","The Gatherer","The Judge","The Jungle","The Runesmith","The Servant 0.9.4"],"gold_per_floor":[109,109,123,133,133,273,273,292,344,472,482,614,614,730,730,835,835,848,860,873,379,391,391,507,422,422,422,438,453,569,581,581,679,679,691,691,707,707,726,726,858,878,903,903,903,657,669,769,769,769,769],"floor_reached":50,"playtime":3130,"items_purged":["RobotSpaceExplorer:Strike","RobotSpaceExplorer:Strike"],"score":824,"play_id":"d6cd6e24-fec5-4de3-8ae0-9a68c34057ec","local_time":"20201220092707","is_ascension_mode":true,"campfire_choices":[{"data":"RobotSpaceExplorer:StarDust","floor":7,"key":"SMITH"},{"floor":13,"key":"REST"},{"floor":15,"key":"REST"},{"floor":23,"key":"REST"},{"floor":27,"key":"REST"},{"floor":32,"key":"REST"},{"data":"RobotSpaceExplorer:TrailblazerForm","floor":40,"key":"SMITH"},{"data":"RobotSpaceExplorer:ChargingLaser","floor":40,"key":"SMITH"},{"floor":45,"key":"REST"},{"floor":49,"key":"REST"}],"circlet_count":0,"master_deck":["RobotSpaceExplorer:Strike","RobotSpaceExplorer:Strike","RobotSpaceExplorer:Defend","RobotSpaceExplorer:Defend","RobotSpaceExplorer:Defend","RobotSpaceExplorer:Defend","RobotSpaceExplorer:Scan","RobotSpaceExplorer:MiniLasers","RobotSpaceExplorer:DroneSwarm","RobotSpaceExplorer:ScrapMissile","RobotSpaceExplorer:Comet","RobotSpaceExplorer:ScrapMissile","RobotSpaceExplorer:StarDust+1","RobotSpaceExplorer:IronShell","RobotSpaceExplorer:MiniDrones","RobotSpaceExplorer:MiniDrones","RobotSpaceExplorer:MiniDrones","RobotSpaceExplorer:TrailblazerForm+1","RobotSpaceExplorer:GearShield+1","RobotSpaceExplorer:SwiftStep","RobotSpaceExplorer:ChargingLaser+1","RobotSpaceExplorer:DualCore","RobotSpaceExplorer:DualCore","RobotSpaceExplorer:MiniDrones","RobotSpaceExplorer:MiniDrones","RobotSpaceExplorer:StarLightning","RobotSpaceExplorer:MiniDrones","RobotSpaceExplorer:GlueShot+1","RobotSpaceExplorer:MiniBoosters+1","RobotSpaceExplorer:JunkDive","RobotSpaceExplorer:ChargingLaser+1","CurseOfTheBell","RobotSpaceExplorer:Calculate","RobotSpaceExplorer:MiniDrones+1","RobotSpaceExplorer:Multitool","RobotSpaceExplorer:DualCore+1","RobotSpaceExplorer:IronShell"],"relics":["RobotSpaceExplorer:RoboCore","StuffTheSpire:TintedRock","Replay:Kaleidoscope","Dream Catcher","Blue Doll","Darkstone Periapt","Mercury Hourglass","energizedSpire:RedRose","ClockworkSouvenir","HornCleat","StuffTheSpire:OldFever","Question Card","Shuriken","Ornamental Fan","Calling Bell","theForsaken:ScaryMask","Replay:Arrowhead","Pet Ghost","Simple Rune","RobotSpaceExplorer:FoglandsKnife","StuffTheSpire:BottledEssence","conspire:GiftBox"],"acts_visited":["Exordium","TheCity","TheBeyond"],"potions_floor_usage":[6,24,24,28,41,41],"damage_taken":[{"damage":0,"enemies":"2 Louse","floor":1,"turns":3},{"damage":1,"enemies":"Cultist","floor":3,"turns":4},{"damage":0,"enemies":"Small Slimes","floor":4,"turns":4},{"damage":15,"enemies":"Lagavulin","floor":6,"turns":5},{"damage":5,"enemies":"Red Slaver","floor":8,"turns":3},{"damage":16,"enemies":"Gremlin Nob","floor":10,"turns":4},{"damage":4,"enemies":"conspire:2 RoseBushes","floor":11,"turns":4},{"damage":9,"enemies":"Lagavulin","floor":12,"turns":5},{"damage":0,"enemies":"Replay:BlueRogue","floor":14,"turns":5},{"damage":19,"enemies":"Hexaghost","floor":16,"turns":6},{"damage":7,"enemies":"3 Byrds","floor":18,"turns":2},{"damage":13,"enemies":"Spheric Guardian","floor":19,"turns":4},{"damage":3,"enemies":"Cultist and Chosen","floor":20,"turns":5},{"damage":3,"enemies":"Snecko","floor":22,"turns":5},{"damage":23,"enemies":"Book of Stabbing","floor":24,"turns":5},{"damage":4,"enemies":"Shelled Parasite and Fungi","floor":28,"turns":4},{"damage":0,"enemies":"conspire:HollyBat","floor":29,"turns":7},{"damage":9,"enemies":"Replay:Snechameleon","floor":30,"turns":7},{"damage":0,"enemies":"3 Cultists","floor":31,"turns":4},{"damage":22,"enemies":"Automaton","floor":33,"turns":7},{"damage":0,"enemies":"3 Darklings","floor":35,"turns":4},{"damage":0,"enemies":"Orb Walker","floor":37,"turns":4},{"damage":6,"enemies":"Spire Growth","floor":39,"turns":4},{"damage":14,"enemies":"Reptomancer","floor":41,"turns":7},{"damage":30,"enemies":"Sphere and 2 Shapes","floor":42,"turns":6},{"damage":2,"enemies":"3 Darklings","floor":47,"turns":4},{"damage":3,"enemies":"Giant Head","floor":48,"turns":8},{"damage":58,"enemies":"Replay:Hell Engine","floor":50,"turns":9}],"seed_played":"-276301908094428667","potions_obtained":[{"floor":3,"key":"Block Potion"},{"floor":4,"key":"blueLaboratory:Moonshine"},{"floor":8,"key":"Death Potion"},{"floor":16,"key":"blueLaboratory:FrostheartPotion"},{"floor":24,"key":"DuplicationPotion"},{"floor":30,"key":"blueLaboratory:FrostheartPotion"},{"floor":35,"key":"blueLaboratory:BottleOfVodka"},{"floor":47,"key":"Elixir"}],"is_trial":false,"path_per_floor":["M","?","M","M","?","E","R","M","T","E","M","E","R","E","R","B",null,"M","M","M","$","M","R","E","?","T","R","M","M","E","M","R","B",null,"M","?","M","?","M","R","E","M","T","?","R","$","M","E","R","B"],"character_chosen":"RobotSpaceExplorer","items_purchased":["RobotSpaceExplorer:ChargingLaser+1","ClockworkSouvenir","HornCleat","RobotSpaceExplorer:DualCore","StuffTheSpire:BottledEssence"],"campfire_rested":7,"item_purchase_floors":[21,21,21,21,46],"current_hp_per_floor":[68,68,67,67,67,52,52,47,47,31,27,18,38,38,58,39,61,54,41,38,38,35,55,32,32,32,52,48,48,39,39,59,37,66,66,66,66,66,60,60,46,16,16,16,38,38,36,33,55,0,0],"gold":769,"neow_bonus":"THREE_RARE_CARDS","is_daily":false,"chose_seed":false,"campfire_upgraded":3,"win_rate":0.0,"timestamp":1608452827,"path_taken":["M","?","M","?","?","E","R","?","T","E","M","E","R","E","R","BOSS","M","M","M","$","M","R","E","?","T","R","M","M","E","M","R","BOSS","M","?","M","?","M","R","E","M","T","?","R","$","M","E","R","BOSS"],"items_purchased_type":["Card","Relic","Relic","Card","Relic"],"build_version":"2020-12-13","purchased_purges":2,"victory":false,"max_hp_per_floor":[68,68,68,68,68,68,68,68,68,68,68,68,68,68,68,68,68,68,68,68,68,68,68,68,68,68,68,68,68,68,68,68,68,74,74,74,74,74,74,74,74,74,74,74,74,74,74,74,74,74,74],"relic_stats":{"Darkstone Periapt":6,"Dream Catcher":7,"counters":[28,137],"Shuriken":[33],"Ornamental Fan":[116],"Question Card":17,"obtain_stats":[{"StuffTheSpire:TintedRock":5,"Darkstone Periapt":12,"energizedSpire:RedRose":17,"theForsaken:ScaryMask":34,"RobotSpaceExplorer:RoboCore":0,"Blue Doll":10,"StuffTheSpire:BottledEssence":46,"Replay:Kaleidoscope":6,"Question Card":25,"Replay:Arrowhead":34,"Pet Ghost":34,"Mercury Hourglass":14,"ClockworkSouvenir":21,"Calling Bell":34,"RobotSpaceExplorer:FoglandsKnife":43,"Dream Catcher":9,"conspire:GiftBox":48,"HornCleat":21,"Shuriken":26,"Ornamental Fan":30,"Simple Rune":41,"StuffTheSpire:OldFever":24},{"StuffTheSpire:TintedRock":3,"Darkstone Periapt":8,"energizedSpire:RedRose":10,"theForsaken:ScaryMask":20,"RobotSpaceExplorer:RoboCore":0,"Blue Doll":6,"StuffTheSpire:BottledEssence":25,"Replay:Kaleidoscope":4,"Question Card":15,"Replay:Arrowhead":20,"Pet Ghost":20,"Mercury Hourglass":9,"ClockworkSouvenir":13,"Calling Bell":20,"RobotSpaceExplorer:FoglandsKnife":25,"Dream Catcher":5,"conspire:GiftBox":27,"HornCleat":13,"Shuriken":15,"Ornamental Fan":18,"Simple Rune":24,"StuffTheSpire:OldFever":15},{"StuffTheSpire:TintedRock":11,"Darkstone Periapt":32,"energizedSpire:RedRose":43,"theForsaken:ScaryMask":91,"RobotSpaceExplorer:RoboCore":0,"Blue Doll":23,"StuffTheSpire:BottledEssence":116,"Replay:Kaleidoscope":16,"Question Card":63,"Replay:Arrowhead":91,"Pet Ghost":91,"Mercury Hourglass":37,"ClockworkSouvenir":53,"Calling Bell":91,"RobotSpaceExplorer:FoglandsKnife":116,"Dream Catcher":19,"conspire:GiftBox":128,"HornCleat":53,"Shuriken":63,"Ornamental Fan":80,"Simple Rune":110,"StuffTheSpire:OldFever":63}],"Mercury Hourglass":[345]},"card_choices":[{"not_picked":["RobotSpaceExplorer:Wormhole","RobotSpaceExplorer:HighVoltage"],"picked":"RobotSpaceExplorer:DroneSwarm","floor":0},{"not_picked":["RobotSpaceExplorer:StunGrenade","RobotSpaceExplorer:SelfCleaning"],"picked":"RobotSpaceExplorer:ScrapMissile","floor":1},{"not_picked":["RobotSpaceExplorer:Fix","RobotSpaceExplorer:Probe"],"picked":"RobotSpaceExplorer:ScrapMissile","floor":3},{"not_picked":["RobotSpaceExplorer:LaserBurst","RobotSpaceExplorer:GlueShot"],"picked":"RobotSpaceExplorer:StarDust","floor":4},{"not_picked":["RobotSpaceExplorer:FranticSearch","RobotSpaceExplorer:ShockKick"],"picked":"RobotSpaceExplorer:IronShell","floor":6},{"not_picked":["RobotSpaceExplorer:SurgingShield","RobotSpaceExplorer:PowerGlove","RobotSpaceExplorer:SwiftStep"],"picked":"SKIP","floor":8},{"not_picked":["RobotSpaceExplorer:DroneSwarm","RobotSpaceExplorer:SwiftStep"],"picked":"RobotSpaceExplorer:MiniDrones","floor":10},{"not_picked":["RobotSpaceExplorer:Pulsar","RobotSpaceExplorer:ExhaustFan","RobotSpaceExplorer:MetalStrike"],"picked":"SKIP","floor":11},{"not_picked":["RobotSpaceExplorer:PowerCollector","RobotSpaceExplorer:Pulsar","RobotSpaceExplorer:MetalStrike"],"picked":"SKIP","floor":12},{"not_picked":["RobotSpaceExplorer:PowerGlove","RobotSpaceExplorer:SurgingStrike"],"picked":"RobotSpaceExplorer:MiniDrones","floor":13},{"not_picked":["RobotSpaceExplorer:ShockMissile","RobotSpaceExplorer:Ammunition"],"picked":"RobotSpaceExplorer:MiniDrones","floor":14},{"not_picked":["RobotSpaceExplorer:Wormhole","RobotSpaceExplorer:Asteroid"],"picked":"RobotSpaceExplorer:TrailblazerForm","floor":16},{"not_picked":["RobotSpaceExplorer:SlimeMissile","RobotSpaceExplorer:TurboDodge","RobotSpaceExplorer:StunGrenade"],"picked":"SKIP","floor":18},{"not_picked":["RobotSpaceExplorer:ShockKick+1","RobotSpaceExplorer:SlimeMissile+1"],"picked":"RobotSpaceExplorer:GearShield+1","floor":19},{"not_picked":["RobotSpaceExplorer:Jetpack","RobotSpaceExplorer:ShovelStrike"],"picked":"RobotSpaceExplorer:SwiftStep","floor":20},{"not_picked":["RobotSpaceExplorer:FranticSearch","RobotSpaceExplorer:FreezingShield"],"picked":"RobotSpaceExplorer:MiniDrones","floor":22},{"not_picked":["RobotSpaceExplorer:SwiftStep","RobotSpaceExplorer:Asteroid"],"picked":"RobotSpaceExplorer:MiniDrones","floor":23},{"not_picked":["RobotSpaceExplorer:MetalStrike","RobotSpaceExplorer:ScrapShield","RobotSpaceExplorer:ScrapToss+1"],"picked":"SKIP","floor":24},{"not_picked":["RobotSpaceExplorer:StunGrenade","RobotSpaceExplorer:DoubleFind","RobotSpaceExplorer:FrostMissile"],"picked":"RobotSpaceExplorer:StarLightning","floor":28},{"not_picked":["RobotSpaceExplorer:ImprovisedAttack","RobotSpaceExplorer:SurgingShield","RobotSpaceExplorer:Smokescreen+1"],"picked":"RobotSpaceExplorer:MiniDrones","floor":29},{"not_picked":["RobotSpaceExplorer:FrostMissile","RobotSpaceExplorer:StunGrenade","RobotSpaceExplorer:Autoloader"],"picked":"RobotSpaceExplorer:GlueShot+1","floor":30},{"not_picked":["RobotSpaceExplorer:Probe","RobotSpaceExplorer:SwiftStep+1","RobotSpaceExplorer:ScrapMissile"],"picked":"RobotSpaceExplorer:MiniBoosters+1","floor":31},{"not_picked":["RobotSpaceExplorer:FranticSearch+1","RobotSpaceExplorer:DoubleFind","RobotSpaceExplorer:SlimeMissile+1"],"picked":"RobotSpaceExplorer:JunkDive","floor":32},{"not_picked":["RobotSpaceExplorer:ShockMissile","RobotSpaceExplorer:HighVoltage","RobotSpaceExplorer:Explosion"],"picked":"RobotSpaceExplorer:ChargingLaser","floor":33},{"not_picked":["RobotSpaceExplorer:LaserBurst","RobotSpaceExplorer:SurgingShield","RobotSpaceExplorer:ImprovisedAttack","RobotSpaceExplorer:FranticSearch"],"picked":"SKIP","floor":35},{"not_picked":["RobotSpaceExplorer:GlueShot","RobotSpaceExplorer:MakeshiftVolley","RobotSpaceExplorer:SwiftStep","RobotSpaceExplorer:ShovelStrike"],"picked":"SKIP","floor":37},{"not_picked":["RobotSpaceExplorer:StunGrenade+1","RobotSpaceExplorer:FranticSearch","RobotSpaceExplorer:SurgingStrike+1","RobotSpaceExplorer:ScrapMissile"],"picked":"SKIP","floor":39},{"not_picked":["RobotSpaceExplorer:SurgingStrike+1","RobotSpaceExplorer:LaserBurst+1","RobotSpaceExplorer:BlastShield"],"picked":"RobotSpaceExplorer:Calculate","floor":41},{"not_picked":["RobotSpaceExplorer:SwiftStep","RobotSpaceExplorer:SurgingShield+1","RobotSpaceExplorer:ExhaustFan","RobotSpaceExplorer:SlimeMissile+1"],"picked":"SKIP","floor":42},{"not_picked":["RobotSpaceExplorer:StunGrenade","RobotSpaceExplorer:FrostMissile","RobotSpaceExplorer:SurgingStrike"],"picked":"RobotSpaceExplorer:MiniDrones+1","floor":47},{"not_picked":["RobotSpaceExplorer:Explosion","RobotSpaceExplorer:HighVoltage","RobotSpaceExplorer:Accelerator"],"picked":"RobotSpaceExplorer:Multitool","floor":48},{"not_picked":["RobotSpaceExplorer:DoubleBlock","RobotSpaceExplorer:ChargingLaser","RobotSpaceExplorer:JunkDive+1"],"picked":"RobotSpaceExplorer:DualCore+1","floor":48},{"not_picked":["RobotSpaceExplorer:Electroshield","RobotSpaceExplorer:FreezingShield","RobotSpaceExplorer:SwiftStep"],"picked":"RobotSpaceExplorer:IronShell","floor":49}],"player_experience":1712938,"relics_obtained":[{"floor":6,"key":"Replay:Kaleidoscope"},{"floor":9,"key":"Dream Catcher"},{"floor":10,"key":"Blue Doll"},{"floor":12,"key":"Darkstone Periapt"},{"floor":14,"key":"Mercury Hourglass"},{"floor":24,"key":"StuffTheSpire:OldFever"},{"floor":26,"key":"Shuriken"},{"floor":30,"key":"Ornamental Fan"},{"floor":34,"key":"theForsaken:ScaryMask"},{"floor":34,"key":"Replay:Arrowhead"},{"floor":34,"key":"Pet Ghost"},{"floor":41,"key":"Simple Rune"},{"floor":43,"key":"RobotSpaceExplorer:FoglandsKnife"},{"floor":48,"key":"conspire:GiftBox"}],"event_choices":[{"damage_healed":0,"gold_gain":0,"player_choice":"2 cards matched","damage_taken":0,"max_hp_gain":0,"max_hp_loss":0,"event_name":"Match and Keep!","floor":2,"gold_loss":0,"cards_obtained":["RobotSpaceExplorer:Smokescreen","RobotSpaceExplorer:Comet"]},{"cards_removed":["RobotSpaceExplorer:Smokescreen"],"damage_healed":0,"gold_gain":0,"player_choice":"Gave Card","damage_taken":0,"relics_obtained":["StuffTheSpire:TintedRock"],"max_hp_gain":0,"max_hp_loss":0,"event_name":"WeMeetAgain","floor":5,"gold_loss":0},{"damage_healed":0,"gold_gain":0,"player_choice":"Obtained Relic","damage_taken":0,"relics_obtained":["Question Card"],"max_hp_gain":0,"max_hp_loss":0,"event_name":"Addict","floor":25,"gold_loss":85},{"damage_healed":0,"gold_gain":0,"player_choice":"Ignored","damage_taken":0,"max_hp_gain":0,"max_hp_loss":0,"event_name":"Mysterious Sphere","floor":44,"gold_loss":0}],"is_beta":false,"boss_relics":[{"not_picked":["Ring of Chaos","Coffee Dripper"],"picked":"energizedSpire:RedRose"},{"not_picked":["CosmicIsotope","RobotSpaceExplorer:TurboCore"],"picked":"Calling Bell"}],"items_purged_floors":[21,46],"is_endless":false,"potions_floor_spawned":[3,4,8,16,20,22,24,30,35,37,47],"killed_by":"Replay:Hell Engine","ascension_level":5}}