{"host":"qg7fj05lalo09o61","time":1608503402,"event":{"mods":["Act Like it!","Always Whale","BaseMod","CapriCore","Gensokyo","Minty Spire (QoL Compilation)","StSLib","The Administrix"],"gold_per_floor":[121,138,152,152,164,164,199,59,59,59,59,86,86,118,130,245,257,283,295,320,332,360,372,402,414,426,555,567,579,471,493,505,620,632,660,672,684,711,723,735,747,759,797,809,831,292,304,57,57,57],"floor_reached":51,"playtime":4433,"items_purged":[],"score":728,"play_id":"2743a3d7-14c1-403d-8d4b-e7b231cd7750","local_time":"20201221013002","is_ascension_mode":false,"campfire_choices":[{"data":"AdministrixMod:ReachToHeaven","floor":6,"key":"SMITH"},{"data":"AdministrixMod:SeventeenArticleLaser","floor":13,"key":"SMITH"},{"data":"AdministrixMod:ShadowPlay","floor":15,"key":"SMITH"},{"data":"AdministrixMod:ShadowPlay","floor":23,"key":"SMITH"},{"data":"AdministrixMod:SyncreticSurge","floor":28,"key":"SMITH"},{"floor":32,"key":"REST"},{"data":"AdministrixMod:RisingSunPrince","floor":40,"key":"SMITH"},{"data":"AdministrixMod:BlueCloak","floor":42,"key":"SMITH"},{"floor":44,"key":"REST"},{"floor":49,"key":"REST"}],"circlet_count":0,"master_deck":["AdministrixMod:Strike_Administrix","AdministrixMod:RedCloak","AdministrixMod:Defend_Administrix","AdministrixMod:Defend_Administrix","AdministrixMod:Defend_Administrix","AdministrixMod:Defend_Administrix","AdministrixMod:BlueCloak+1","AdministrixMod:ImmortalGrace","AdministrixMod:ImmortalGrace","AdministrixMod:ReachToHeaven+1","AdministrixMod:SeventeenArticleLaser+1","AdministrixMod:ShadowPlay+1","AdministrixMod:ShadowPlay+1","AdministrixMod:BrewingCloister+1","AdministrixMod:Convergence+1","AdministrixMod:TenDesires+1","AdministrixMod:SyncreticPlunge+1","AdministrixMod:ImmortalPurity","Gensokyo:AllTheWorldsEvil","AdministrixMod:ShadowPlay+1","AdministrixMod:ImmortalPurity","AdministrixMod:SyncreticSurge+1","AdministrixMod:JustRewards+1","AdministrixMod:RisingSunPrince+1","AdministrixMod:DeathByGlamour+1","CurseOfTheBell","AdministrixMod:ImmortalPurity+1","AdministrixMod:SipOfSparks+1","AdministrixMod:Mastermind+1","AdministrixMod:ImmortalPurity","AdministrixMod:PlateOfAntiquity+1","AdministrixMod:ImmortalGrace+1","AdministrixMod:ImmortalPurity+1","AdministrixMod:ArmillarySphere+1","AdministrixMod:RegentEdict+1","AdministrixMod:RegentEdict+1"],"relics":["AdministrixMod:ConductorRitualBaton","Vajra","Gensokyo:NagashiBinaDoll","Ancient Tea Set","AdministrixMod:KeyOfKings","Frozen Egg 2","Du-Vu Doll","Bronze Scales","MawBank","Astrolabe","Bag of Preparation","Dream Catcher","AdministrixMod:GoldenChickadee","Gensokyo:MaskOfHope","Calling Bell","Darkstone Periapt","Gambling Chip","Boot","PreservedInsect","Oddly Smooth Stone","Mercury Hourglass","Orrery","AdministrixMod:AbandonedRose"],"acts_visited":["Exordium","Gensokyo:Gensokyo","TheBeyond"],"potions_floor_usage":[18,20,22,33,41,41,50,50,50],"damage_taken":[{"damage":0,"enemies":"Gensokyo:2_Kodama","floor":1,"turns":3},{"damage":0,"enemies":"Gensokyo:3_Fairies","floor":2,"turns":2},{"damage":0,"enemies":"Gensokyo:Python","floor":3,"turns":2},{"damage":0,"enemies":"Gensokyo:Kitsune","floor":5,"turns":3},{"damage":11,"enemies":"Gensokyo:Mamizou","floor":7,"turns":6},{"damage":0,"enemies":"Gensokyo:Aya","floor":14,"turns":2},{"damage":31,"enemies":"Gensokyo:Yukari","floor":16,"turns":8},{"damage":11,"enemies":"Gensokyo:AngelMirror","floor":18,"turns":3},{"damage":0,"enemies":"Gensokyo:3_Dogs","floor":20,"turns":3},{"damage":6,"enemies":"Gensokyo:Chomper_and_Gloop","floor":22,"turns":3},{"damage":0,"enemies":"Gensokyo:3_Gloops","floor":24,"turns":1},{"damage":0,"enemies":"Gensokyo:Swordslinger","floor":31,"turns":3},{"damage":18,"enemies":"Gensokyo:Kaguya","floor":33,"turns":8},{"damage":0,"enemies":"3 Darklings","floor":35,"turns":3},{"damage":0,"enemies":"3 Shapes","floor":38,"turns":2},{"damage":0,"enemies":"Writhing Mass","floor":41,"turns":1},{"damage":0,"enemies":"Maw","floor":45,"turns":5},{"damage":0,"enemies":"3 Darklings","floor":47,"turns":2},{"damage":13,"enemies":"Awakened One","floor":50,"turns":15}],"seed_played":"4282892406874462881","potions_obtained":[{"floor":2,"key":"SpeedPotion"},{"floor":5,"key":"LiquidMemories"},{"floor":7,"key":"SneckoOil"},{"floor":24,"key":"SkillPotion"}],"is_trial":false,"path_per_floor":["M","M","M","?","M","R","E","?","T","?","?","T","R","E","R","B",null,"M","?","M","?","M","R","M","?","T","T","R","?","?","M","R","B",null,"M","?","?","M","?","R","M","R","T","R","M","$","M","$","R","B",null],"character_chosen":"TheAdministrix","items_purchased":["Oddly Smooth Stone","Mercury Hourglass","Orrery","AdministrixMod:AbandonedRose"],"campfire_rested":3,"item_purchase_floors":[46,46,46,48],"current_hp_per_floor":[65,65,65,65,65,65,54,54,54,41,41,41,41,41,41,10,65,54,54,54,54,48,48,48,48,48,48,48,48,48,48,60,42,60,60,60,60,60,57,57,57,57,57,57,57,57,57,57,57,44],"gold":57,"neow_bonus":"RANDOM_COMMON_RELIC","is_daily":false,"chose_seed":false,"campfire_upgraded":7,"win_rate":0.0,"timestamp":1608503402,"path_taken":["M","M","M","?","M","R","E","?","T","?","?","?","R","E","R","BOSS","M","?","M","?","M","R","M","?","T","?","R","?","?","?","R","BOSS","M","?","?","M","?","R","M","R","T","R","?","$","M","$","R","BOSS"],"items_purchased_type":["Relic","Relic","Relic","Relic"],"build_version":"2020-12-13","purchased_purges":0,"victory":true,"max_hp_per_floor":[65,65,65,65,65,65,65,65,65,65,65,65,65,65,65,65,65,65,60,60,60,60,60,60,60,60,60,60,60,60,60,60,60,60,60,60,60,60,57,57,57,57,57,57,57,57,57,57,57,57],"card_choices":[{"not_picked":["AdministrixMod:ImmortalPurity","AdministrixMod:TouchOfCinnabar"],"picked":"AdministrixMod:ImmortalGrace","floor":1},{"not_picked":["AdministrixMod:LightOfYourLife","AdministrixMod:BegetEternity"],"picked":"AdministrixMod:ImmortalGrace","floor":2},{"not_picked":["AdministrixMod:NoblePath","AdministrixMod:FuneraryRites"],"picked":"AdministrixMod:ReachToHeaven","floor":3},{"not_picked":["AdministrixMod:TrickOfTheLight","AdministrixMod:LightOfYourLife"],"picked":"AdministrixMod:SeventeenArticleLaser","floor":5},{"not_picked":["AdministrixMod:DiversionaryTactic","AdministrixMod:JustRewards"],"picked":"AdministrixMod:ShadowPlay","floor":7},{"not_picked":["AdministrixMod:RegentEdict","AdministrixMod:QuietConspiracy"],"picked":"AdministrixMod:ShadowPlay","floor":14},{"not_picked":["AdministrixMod:FaithfulFlames+1","AdministrixMod:CosmosControl"],"picked":"AdministrixMod:BrewingCloister","floor":16},{"not_picked":["AdministrixMod:CenturiesAscent","AdministrixMod:ShadowPlay"],"picked":"AdministrixMod:ImmortalPurity","floor":18},{"not_picked":["AdministrixMod:Transcension+1","AdministrixMod:TrickOfTheLight","AdministrixMod:RebukeDesires"],"picked":"SKIP","floor":20},{"not_picked":["AdministrixMod:SeventeenArticleLaser","AdministrixMod:FiendishCrimson"],"picked":"AdministrixMod:ShadowPlay","floor":22},{"not_picked":["AdministrixMod:FeastOfDew+1","AdministrixMod:Transition"],"picked":"AdministrixMod:ImmortalPurity","floor":24},{"not_picked":["AdministrixMod:HarmonicReverence+1","AdministrixMod:ArmillarySphere"],"picked":"AdministrixMod:JustRewards+1","floor":31},{"not_picked":["AdministrixMod:SeventeenArticleLaser","AdministrixMod:PlateOfAntiquity"],"picked":"AdministrixMod:RisingSunPrince","floor":32},{"not_picked":["AdministrixMod:FearOfDeath+1","AdministrixMod:NewbornDivinity"],"picked":"AdministrixMod:DeathByGlamour+1","floor":33},{"not_picked":["AdministrixMod:PassageOfAges+1","AdministrixMod:RegentEdict"],"picked":"AdministrixMod:ImmortalPurity+1","floor":35},{"not_picked":["AdministrixMod:TouchOfCinnabar","AdministrixMod:FeastOfDew"],"picked":"AdministrixMod:SipOfSparks+1","floor":38},{"not_picked":["AdministrixMod:CrackingPangu+1","AdministrixMod:FeastOfDew"],"picked":"AdministrixMod:Mastermind","floor":44},{"not_picked":["AdministrixMod:Transcension","AdministrixMod:HarmonicReverence+1"],"picked":"AdministrixMod:ImmortalPurity","floor":45},{"not_picked":["AdministrixMod:SeventeenArticleLaser","AdministrixMod:DiversionaryTactic+1"],"picked":"AdministrixMod:PlateOfAntiquity+1","floor":46},{"not_picked":["AdministrixMod:ShadowPlay+1","AdministrixMod:TrickOfTheLight+1"],"picked":"AdministrixMod:ImmortalGrace+1","floor":46},{"not_picked":["AdministrixMod:SealAway","AdministrixMod:QuietConspiracy"],"picked":"AdministrixMod:ImmortalPurity+1","floor":46},{"not_picked":["AdministrixMod:BishamonBlessing+1","AdministrixMod:Schism"],"picked":"AdministrixMod:ArmillarySphere+1","floor":46},{"not_picked":["AdministrixMod:WickedPunishment","AdministrixMod:PlateOfAntiquity+1"],"picked":"AdministrixMod:RegentEdict+1","floor":46},{"not_picked":["AdministrixMod:CenturiesAscent+1","AdministrixMod:PassageOfAges"],"picked":"AdministrixMod:RegentEdict+1","floor":47}],"player_experience":191898,"relics_obtained":[{"floor":7,"key":"Ancient Tea Set"},{"floor":9,"key":"Frozen Egg 2"},{"floor":12,"key":"Bronze Scales"},{"floor":14,"key":"MawBank"},{"floor":26,"key":"Dream Catcher"},{"floor":27,"key":"AdministrixMod:GoldenChickadee"},{"floor":34,"key":"Darkstone Periapt"},{"floor":34,"key":"Gambling Chip"},{"floor":34,"key":"Boot"},{"floor":43,"key":"PreservedInsect"}],"event_choices":[{"damage_healed":0,"gold_gain":0,"player_choice":"Memory 1","damage_taken":0,"max_hp_gain":0,"max_hp_loss":0,"event_name":"SensoryStone","floor":36,"gold_loss":0},{"damage_healed":0,"gold_gain":0,"player_choice":"Ignored","damage_taken":0,"max_hp_gain":0,"max_hp_loss":0,"event_name":"Tomb of Lord Red Mask","floor":37,"gold_loss":0},{"damage_healed":0,"gold_gain":0,"player_choice":"Max HP","damage_taken":0,"max_hp_gain":0,"max_hp_loss":3,"event_name":"Winding Halls","floor":39,"gold_loss":0}],"is_beta":false,"boss_relics":[{"not_picked":["Black Star","Runic Pyramid"],"picked":"Astrolabe"},{"not_picked":["Cursed Key","AdministrixMod:ElixirOfImmorality"],"picked":"Calling Bell"}],"items_purged_floors":[],"is_endless":false,"potions_floor_spawned":[2,5,7,16,20,24,31],"ascension_level":0}}