{"host":"jkgg7n5hn1slsm35","time":1608472132,"event":{"mods":["Aspiration","BaseMod","BetterRewards","Conspire","Googly Eyes","Gremlin Skip","Halation","Highlight Path","Hubris","Infinite Spire","Minty Spire (QoL Compilation)","Permanent Neow","StSLib","SuperFastMode","vexMod"],"gold_per_floor":[109,122,51,51,67,67,94,94,118,118,128,128,138,158,158,253,253,268,300,300,320,337,337,356,373,373,373,384,404,41,55,55,151,151,162,162,174,29,29,60,60,89,89,107,118,137,137,153,153,153,153],"floor_reached":50,"playtime":1685,"items_purged":["Strike_G"],"score":560,"play_id":"5130d1f9-9fa0-42d9-b905-686287bbe459","local_time":"20201220144852","is_ascension_mode":false,"campfire_choices":[{"data":"Bane","floor":6,"key":"SMITH"},{"data":"Dagger Spray","floor":8,"key":"SMITH"},{"data":"Poisoned Stab","floor":15,"key":"SMITH"},{"floor":23,"key":"REST"},{"floor":27,"key":"REST"},{"floor":32,"key":"REST"},{"data":"Panache","floor":41,"key":"SMITH"},{"floor":49,"key":"REST"}],"circlet_count":0,"master_deck":["Strike_G","Strike_G","Strike_G","Strike_G","Defend_G","Defend_G","Defend_G","Defend_G","Defend_G","Survivor","Neutralize","Deflect","Bane+1","Masterful Stab+1","Dagger Spray+1","Backflip","Poisoned Stab+1","infinitespire:Fortify","infinitespire:FinalStrike","Poisoned Stab","Blur","Blur+1","Bane","Blur","Panache+1","Poisoned Stab","Masterful Stab+1","Bane+1","Poisoned Stab+1","Panache","Masterful Stab","Deflect+1","Bane"],"relics":["Ring of the Snake","Lantern","Dream Catcher","SlaversCollar","halation:OrihimeAndHikoboshiSamaAndTears","Vajra","PreservedInsect","halation:LettersToHer","Philosopher\u0027s Stone","DollysMirror","halation:EternalFortune","Mercury Hourglass","Anchor","Pear"],"acts_visited":["Exordium","TheCity","TheBeyond"],"potions_floor_usage":[14,16,19,50,50],"damage_taken":[{"damage":0,"enemies":"Cultist","floor":1,"turns":5},{"damage":0,"enemies":"Small Slimes","floor":2,"turns":4},{"damage":0,"enemies":"Jaw Worm","floor":5,"turns":3},{"damage":18,"enemies":"3 Sentries","floor":7,"turns":9},{"damage":0,"enemies":"3 Louse","floor":11,"turns":2},{"damage":2,"enemies":"Blue Slaver","floor":13,"turns":3},{"damage":3,"enemies":"Gremlin Gang","floor":14,"turns":3},{"damage":39,"enemies":"The Guardian","floor":16,"turns":13},{"damage":0,"enemies":"Shell Parasite","floor":18,"turns":6},{"damage":40,"enemies":"conspire:MimicChest","floor":19,"turns":6},{"damage":6,"enemies":"2 Thieves","floor":21,"turns":2},{"damage":1,"enemies":"Centurion and Healer","floor":22,"turns":4},{"damage":14,"enemies":"Snake Plant","floor":24,"turns":4},{"damage":2,"enemies":"Chosen and Byrds","floor":25,"turns":7},{"damage":7,"enemies":"Centurion and Healer","floor":28,"turns":7},{"damage":14,"enemies":"Cultist and Chosen","floor":29,"turns":8},{"damage":0,"enemies":"3 Cultists","floor":31,"turns":3},{"damage":34,"enemies":"Automaton","floor":33,"turns":10},{"damage":2,"enemies":"Orb Walker","floor":35,"turns":3},{"damage":2,"enemies":"3 Darklings","floor":37,"turns":6},{"damage":9,"enemies":"Giant Head","floor":40,"turns":6},{"damage":14,"enemies":"Nightmare","floor":42,"turns":6},{"damage":15,"enemies":"Maw","floor":44,"turns":6},{"damage":0,"enemies":"Jaw Worm Horde","floor":45,"turns":3},{"damage":11,"enemies":"Transient","floor":46,"turns":5},{"damage":7,"enemies":"Maw","floor":48,"turns":6},{"damage":55,"enemies":"Time Eater","floor":50,"turns":8}],"seed_played":"2661807486998479898","potions_obtained":[{"floor":1,"key":"Ancient Potion"},{"floor":7,"key":"ColorlessPotion"},{"floor":13,"key":"LiquidMemories"},{"floor":16,"key":"Poison Potion"},{"floor":19,"key":"GamblersBrew"},{"floor":22,"key":"Dexterity Potion"}],"is_trial":false,"path_per_floor":["M","M","$","?","M","R","E","R","T","?","M","?","M","M","R","B",null,"M","?","AVR","M","M","R","M","M","T","R","M","M","$","M","R","B",null,"M","?","M","$","?","E","R","NM","T","M","M","M","?","M","R","B"],"character_chosen":"THE_SILENT","items_purchased":["Masterful Stab","Panache","Poisoned Stab","halation:LettersToHer","DollysMirror"],"campfire_rested":4,"item_purchase_floors":[3,30,30,30,38],"current_hp_per_floor":[70,70,70,70,70,70,52,52,52,59,59,59,57,54,54,15,70,70,30,30,24,23,44,30,28,28,49,42,28,28,28,49,15,70,68,68,66,66,69,60,60,46,56,41,41,30,30,23,46,0,0],"gold":153,"neow_bonus":"THREE_CARDS","is_daily":false,"chose_seed":false,"campfire_upgraded":4,"win_rate":0.0,"timestamp":1608472132,"path_taken":["M","?","$","?","M","R","E","R","T","?","M","?","?","M","R","BOSS","M","?","AVR","M","?","R","M","M","T","R","M","M","$","M","R","BOSS","M","?","?","$","?","E","R","NM","T","M","M","M","?","M","R","BOSS"],"items_purchased_type":["Card","Card","Card","Relic","Relic"],"build_version":"2020-12-13","purchased_purges":1,"victory":false,"max_hp_per_floor":[70,70,70,70,70,70,70,70,70,70,70,70,70,70,70,70,70,70,70,70,70,70,70,70,70,70,70,70,70,70,70,70,70,70,70,70,70,70,73,73,73,73,83,83,83,83,79,79,79,79,79],"card_choices":[{"not_picked":["Heel Hook","Endless Agony"],"picked":"Deflect","floor":0},{"not_picked":["Heel Hook","Sucker Punch"],"picked":"Bane","floor":1},{"not_picked":["Dodge and Roll","Outmaneuver","PiercingWail"],"picked":"SKIP","floor":2},{"not_picked":["Catalyst","Quick Slash","Slice"],"picked":"SKIP","floor":5},{"not_picked":["Flying Knee","Grand Finale"],"picked":"Dagger Spray","floor":7},{"not_picked":["Dash","Heel Hook","Outmaneuver"],"picked":"SKIP","floor":11},{"not_picked":["Cloak And Dagger","Underhanded Strike"],"picked":"Backflip","floor":13},{"not_picked":["Blade Dance","Quick Slash"],"picked":"Poisoned Stab","floor":14},{"not_picked":["Dodge and Roll","Prepared","Outmaneuver"],"picked":"SKIP","floor":18},{"not_picked":["Bane","Quick Slash"],"picked":"Poisoned Stab","floor":21},{"not_picked":["hubris:Counter","Finisher+1","Terror"],"picked":"SKIP","floor":22},{"not_picked":["Cloak And Dagger","hubris:Counter"],"picked":"Blur","floor":23},{"not_picked":["Flechettes","Footwork"],"picked":"Blur+1","floor":24},{"not_picked":["hubris:Counter","Acrobatics","A Thousand Cuts"],"picked":"SKIP","floor":25},{"not_picked":["Dodge and Roll+1","Expertise"],"picked":"Bane","floor":28},{"not_picked":["Cloak And Dagger+1","Heel Hook"],"picked":"Blur","floor":29},{"not_picked":["Concentrate","Tactician+1"],"picked":"Masterful Stab+1","floor":31},{"not_picked":["Expertise+1","Blade Dance+1"],"picked":"Bane+1","floor":35},{"not_picked":["Dodge and Roll","Dagger Spray+1"],"picked":"Poisoned Stab+1","floor":37},{"not_picked":["Flying Knee","Setup+1","Calculated Gamble+1"],"picked":"SKIP","floor":40},{"not_picked":["Blade Dance","Infinite Blades","PiercingWail+1"],"picked":"SKIP","floor":42},{"not_picked":["Sucker Punch+1","Leg Sweep+1"],"picked":"Masterful Stab","floor":44},{"not_picked":["Sucker Punch+1","Cloak And Dagger+1"],"picked":"Deflect+1","floor":45},{"not_picked":["Flechettes","Endless Agony"],"picked":"Bane","floor":46},{"not_picked":["Concentrate+1","Underhanded Strike","Predator+1"],"picked":"SKIP","floor":48}],"player_experience":1773825,"relics_obtained":[{"floor":7,"key":"Lantern"},{"floor":9,"key":"Dream Catcher"},{"floor":19,"key":"halation:OrihimeAndHikoboshiSamaAndTears"},{"floor":26,"key":"PreservedInsect"},{"floor":40,"key":"Mercury Hourglass"},{"floor":42,"key":"Anchor"},{"floor":43,"key":"halation:LettersToHer"},{"floor":43,"key":"Pear"}],"event_choices":[{"damage_healed":0,"gold_gain":0,"player_choice":"Got Potions","damage_taken":0,"max_hp_gain":0,"max_hp_loss":0,"event_name":"Lab","floor":36,"gold_loss":0},{"damage_healed":0,"gold_gain":0,"player_choice":"Max HP","damage_taken":0,"max_hp_gain":0,"max_hp_loss":4,"event_name":"Winding Halls","floor":47,"gold_loss":0}],"is_beta":false,"boss_relics":[{"not_picked":["Runic Pyramid","conspire:RoyalGoblet"],"picked":"SlaversCollar"},{"not_picked":["halation:Yufonium","conspire:SlowCooker"],"picked":"Philosopher\u0027s Stone"}],"items_purged_floors":[20],"is_endless":true,"potions_floor_spawned":[1,7,13,16,19,22,24,25,29,37,42,45,48],"killed_by":"Time Eater","ascension_level":0}}