{"host":"7pe9xwx78c6nlay8","time":1608490047,"event":{"mods":["BaseMod","Minty Spire (QoL Compilation)"],"gold_per_floor":[113,113,113,130,145,178,5,25,25,25,58,58,77,103,103,199,199,209,229,328,340,340,340,340],"floor_reached":23,"playtime":673,"items_purged":[],"score":405,"play_id":"27aee0d4-fa7f-405c-ac6d-8a5a2c0e7783","local_time":"20201221024727","is_ascension_mode":true,"campfire_choices":[{"data":"BattleHymn","floor":10,"key":"SMITH"},{"data":"Vigilance","floor":12,"key":"SMITH"},{"data":"Evaluate","floor":15,"key":"SMITH"}],"circlet_count":0,"master_deck":["AscendersBane","Strike_P","Strike_P","Strike_P","Defend_P","Defend_P","Defend_P","Defend_P","Eruption+1","Vigilance+1","BattleHymn+1","JustLucky","CutThroughFate","Wireheading","CutThroughFate","Evaluate+1","DevaForm+1","JustLucky","Weave"],"relics":["PureWater","NeowsBlessing","Boot","Sling","Darkstone Periapt","Torii","Bag of Marbles","Sozu"],"acts_visited":["Exordium","TheCity"],"potions_floor_usage":[6,16,16,23],"damage_taken":[{"damage":0,"enemies":"2 Louse","floor":1,"turns":2},{"damage":0,"enemies":"Small Slimes","floor":4,"turns":2},{"damage":0,"enemies":"Cultist","floor":5,"turns":1},{"damage":0,"enemies":"Gremlin Nob","floor":6,"turns":2},{"damage":0,"enemies":"3 Louse","floor":8,"turns":3},{"damage":0,"enemies":"Lagavulin","floor":11,"turns":4},{"damage":1,"enemies":"Looter","floor":13,"turns":3},{"damage":30,"enemies":"Gremlin Nob","floor":14,"turns":3},{"damage":6,"enemies":"Slime Boss","floor":16,"turns":6},{"damage":7,"enemies":"Spheric Guardian","floor":18,"turns":4},{"damage":0,"enemies":"Chosen","floor":19,"turns":4},{"damage":35,"enemies":"Snecko","floor":21,"turns":5},{"damage":25,"enemies":"Book of Stabbing","floor":23,"turns":5}],"seed_played":"-2969133903476461058","potions_obtained":[{"floor":4,"key":"AttackPotion"},{"floor":6,"key":"Energy Potion"},{"floor":11,"key":"Ambrosia"},{"floor":16,"key":"DuplicationPotion"}],"is_trial":false,"path_per_floor":["M","?","?","M","M","E","$","M","T","R","E","R","M","E","R","B",null,"M","M","?","M","?","E"],"character_chosen":"WATCHER","items_purchased":["Sling","CutThroughFate"],"campfire_rested":0,"item_purchase_floors":[7,7],"current_hp_per_floor":[65,65,65,65,65,65,65,65,65,65,65,65,64,34,34,28,61,54,54,54,19,19,0,0],"gold":340,"neow_bonus":"THREE_ENEMY_KILL","is_daily":false,"chose_seed":false,"campfire_upgraded":3,"win_rate":0.0,"timestamp":1608490047,"path_taken":["M","?","?","?","M","E","$","M","T","R","E","R","M","E","R","BOSS","M","M","?","M","?","E"],"items_purchased_type":["Relic","Card"],"build_version":"2020-12-13","purchased_purges":0,"victory":false,"max_hp_per_floor":[72,72,72,72,72,72,72,72,72,72,72,72,72,72,72,72,72,72,72,72,72,72,72,72],"card_choices":[{"not_picked":["BowlingBash","SashWhip"],"picked":"BattleHymn","floor":1},{"not_picked":["WindmillStrike","Fasting2"],"picked":"JustLucky","floor":4},{"not_picked":["Fasting2","Prostrate"],"picked":"CutThroughFate","floor":5},{"not_picked":["FollowUp","EmptyBody"],"picked":"Wireheading","floor":6},{"not_picked":["Worship","SandsOfTime","Protect"],"picked":"SKIP","floor":8},{"not_picked":["ClearTheMind","Vault","Study"],"picked":"SKIP","floor":11},{"not_picked":["ForeignInfluence","CrushJoints"],"picked":"Evaluate","floor":13},{"not_picked":["PathToVictory","Swivel","Indignation"],"picked":"SKIP","floor":14},{"not_picked":["DeusExMachina","Vault"],"picked":"DevaForm","floor":16},{"not_picked":["Halt","Worship","FlyingSleeves"],"picked":"SKIP","floor":18},{"not_picked":["Protect+1","SashWhip"],"picked":"JustLucky","floor":19},{"not_picked":["SashWhip+1","FearNoEvil+1"],"picked":"Weave","floor":21}],"player_experience":1544153,"relics_obtained":[{"floor":6,"key":"Boot"},{"floor":9,"key":"Darkstone Periapt"},{"floor":11,"key":"Torii"},{"floor":14,"key":"Bag of Marbles"}],"event_choices":[{"damage_healed":0,"gold_gain":0,"player_choice":"Grow","damage_taken":0,"max_hp_gain":0,"max_hp_loss":0,"event_name":"Living Wall","floor":2,"gold_loss":0,"cards_upgraded":["Eruption"]},{"cards_removed":["Strike_P"],"damage_healed":0,"gold_gain":0,"player_choice":"Offered Basic","damage_taken":0,"max_hp_gain":0,"max_hp_loss":0,"event_name":"Bonfire Elementals","floor":3,"gold_loss":0},{"damage_healed":0,"gold_gain":99,"player_choice":"Stole From Cult","damage_taken":0,"max_hp_gain":0,"max_hp_loss":0,"event_name":"Nest","floor":20,"gold_loss":0},{"damage_healed":0,"gold_gain":0,"player_choice":"Upgraded","damage_taken":0,"max_hp_gain":0,"max_hp_loss":0,"event_name":"Upgrade Shrine","floor":22,"gold_loss":0,"cards_upgraded":["DevaForm"]}],"is_beta":false,"boss_relics":[{"not_picked":["Fusion Hammer","Busted Crown"],"picked":"Sozu"}],"items_purged_floors":[],"is_endless":false,"potions_floor_spawned":[4,6,11,13,16,18],"killed_by":"Book of Stabbing","ascension_level":11}}