{"host":"jwbw4f4imxd0v0b0","time":1608440716,"event":{"mods":["BaseMod","Colored Map","Highlight Path","Minty Spire (QoL Compilation)","Relic Stats","StSLib"],"gold_per_floor":[116,116,132,143,158,158,189,189,189,189,204,204,215,215,215,288,288,302,39,39,39,49,49,49,49],"floor_reached":24,"playtime":1499,"items_purged":[],"score":382,"play_id":"4ca8a40b-6062-4689-a913-8673be35c8c0","local_time":"20201219230516","is_ascension_mode":true,"campfire_choices":[{"data":"Barricade","floor":6.0,"key":"SMITH"},{"floor":8.0,"key":"REST"},{"data":"Entrench","floor":10.0,"key":"SMITH"},{"floor":12.0,"key":"REST"},{"data":"Metallicize","floor":15.0,"key":"SMITH"},{"floor":23,"key":"REST"}],"circlet_count":0,"master_deck":["AscendersBane","Strike_R+1","Strike_R+1","Strike_R+1","Defend_R+1","Defend_R+1","Defend_R+1","Defend_R+1","Bash","Barricade+1","Sever Soul","Seeing Red","Blood for Blood","Entrench+1","Burning Pact","Metallicize+1","Anger","Limit Break","Body Slam","Feed"],"relics":["Burning Blood","Pantograph","Blue Candle","Cursed Key","Pear"],"acts_visited":["Exordium","TheCity"],"potions_floor_usage":[],"damage_taken":[{"damage":7.0,"enemies":"Jaw Worm","floor":1.0,"turns":5.0},{"damage":9.0,"enemies":"Small Slimes","floor":3.0,"turns":4.0},{"damage":1.0,"enemies":"Cultist","floor":4.0,"turns":3.0},{"damage":14.0,"enemies":"Exordium Wildlife","floor":5.0,"turns":5.0},{"damage":32.0,"enemies":"Gremlin Nob","floor":7.0,"turns":4.0},{"damage":16.0,"enemies":"Looter","floor":11.0,"turns":4.0},{"damage":27.0,"enemies":"Gremlin Gang","floor":13.0,"turns":6.0},{"damage":31.0,"enemies":"Slime Boss","floor":16.0,"turns":54.0},{"damage":48.0,"enemies":"3 Byrds","floor":18.0,"turns":7.0},{"damage":19,"enemies":"Chosen","floor":22,"turns":9},{"damage":43,"enemies":"Centurion and Healer","floor":24,"turns":6}],"seed_played":"-5576732912661174836","potions_obtained":[{"floor":3.0,"key":"Explosive Potion"},{"floor":11.0,"key":"BlessingOfTheForge"},{"floor":16.0,"key":"Strength Potion"}],"is_trial":false,"path_per_floor":["M","?","M","M","M","R","E","R","T","R","M","R","M","?","R","B",null,"M","$","?","?","M","R","M"],"character_chosen":"IRONCLAD","items_purchased":["Pear"],"campfire_rested":3,"item_purchase_floors":[19],"current_hp_per_floor":[67,60,57,62,54,54,28,48,48,48,38,58,37,37,37,37,60,18,28,28,28,15,38,0,0],"gold":49,"neow_bonus":"THREE_RARE_CARDS","is_daily":false,"chose_seed":false,"campfire_upgraded":3,"win_rate":0.0,"timestamp":1608440716,"path_taken":["M","?","M","M","M","R","E","R","T","R","M","R","M","?","R","BOSS","M","?","?","?","M","R","M"],"items_purchased_type":["Relic"],"build_version":"2020-12-13","purchased_purges":0,"victory":false,"max_hp_per_floor":[68,68,68,68,68,68,68,68,68,68,68,68,68,68,68,68,68,68,78,78,78,78,78,78,78],"relic_stats":{"counters":[11,107],"Pantograph":25,"Blue Candle":[0],"Cursed Key":0,"obtain_stats":[{"Pear":19,"Pantograph":7,"Blue Candle":9,"Cursed Key":17,"Burning Blood":0},{"Pear":9,"Pantograph":5,"Blue Candle":5,"Cursed Key":8,"Burning Blood":0},{"Pear":92,"Pantograph":21,"Blue Candle":21,"Cursed Key":85,"Burning Blood":0}],"Burning Blood":60},"card_choices":[{"not_picked":["Feed","Reaper"],"picked":"Barricade","floor":0.0},{"not_picked":["Clash","Armaments"],"picked":"Sever Soul","floor":1.0},{"not_picked":["Perfected Strike","Warcry"],"picked":"Seeing Red","floor":3.0},{"not_picked":["Clash","Headbutt"],"picked":"Blood for Blood","floor":4.0},{"not_picked":["Shrug It Off","Warcry"],"picked":"Entrench","floor":5.0},{"not_picked":["Wild Strike","Evolve"],"picked":"Burning Pact","floor":7.0},{"not_picked":["Pommel Strike","Anger"],"picked":"Metallicize","floor":11.0},{"not_picked":["True Grit","Armaments"],"picked":"Anger","floor":13.0},{"not_picked":["Corruption","Brutality"],"picked":"Limit Break","floor":16.0},{"not_picked":["Dark Embrace","Cleave","Clash"],"picked":"SKIP","floor":18.0},{"not_picked":["Sword Boomerang","Perfected Strike","Iron Wave"],"picked":"SKIP","floor":22}],"player_experience":946158,"relics_obtained":[{"floor":7.0,"key":"Pantograph"},{"floor":9.0,"key":"Blue Candle"}],"event_choices":[{"cards_removed":["Strike_R"],"damage_healed":0.0,"max_hp_gain":0.0,"max_hp_loss":0.0,"gold_gain":0.0,"event_name":"Golden Wing","player_choice":"Card Removal","floor":2.0,"gold_loss":0.0,"damage_taken":7.0},{"cards_removed":["Strike_R"],"damage_healed":0.0,"max_hp_gain":0.0,"max_hp_loss":0.0,"gold_gain":0.0,"event_name":"Purifier","player_choice":"Purged","floor":14.0,"gold_loss":0.0,"damage_taken":0.0},{"damage_healed":0.0,"max_hp_gain":0.0,"max_hp_loss":0.0,"gold_gain":0.0,"event_name":"Back to Basics","player_choice":"Simplicity","floor":20.0,"gold_loss":0.0,"damage_taken":0.0,"cards_upgraded":["Strike_R","Strike_R","Strike_R","Defend_R","Defend_R","Defend_R","Defend_R"]},{"damage_healed":0,"gold_gain":0,"player_choice":"2 cards matched","damage_taken":0,"max_hp_gain":0,"max_hp_loss":0,"event_name":"Match and Keep!","floor":21,"gold_loss":0,"cards_obtained":["Body Slam","Feed"]}],"is_beta":false,"boss_relics":[{"not_picked":["Runic Cube","Runic Pyramid"],"picked":"Cursed Key"}],"items_purged_floors":[],"is_endless":false,"potions_floor_spawned":[3,11,16],"killed_by":"Centurion and Healer","ascension_level":19}}