{"host":"Ian","time":1608468634,"event":{"mods":["BaseMod","Bestiary","Block Reminder","Colored Map","Highlight Path","Key Reminder","Minty Spire (QoL Compilation)","Relic Stats"],"gold_per_floor":[111,111,111,126,126,170,188,188,188],"floor_reached":8,"playtime":240,"items_purged":[],"score":112,"play_id":"fb075b52-9b7b-4f9d-9565-0ffcccfc70a0","local_time":"20201220125034","is_ascension_mode":true,"campfire_choices":[],"circlet_count":0,"master_deck":["AscendersBane","Strike_R+1","Strike_R","Strike_R","Strike_R","Strike_R","Defend_R","Defend_R","Defend_R","Defend_R","Bash","Perfected Strike","Iron Wave+1","Disarm","Armaments"],"relics":["Philosopher\u0027s Stone","Golden Idol","Bag of Preparation"],"acts_visited":["Exordium"],"potions_floor_usage":[],"damage_taken":[{"damage":8,"enemies":"Jaw Worm","floor":1,"turns":3},{"damage":0,"enemies":"Small Slimes","floor":4,"turns":3},{"damage":35,"enemies":"3 Sentries","floor":6,"turns":10},{"damage":0,"enemies":"Cultist","floor":7,"turns":2},{"damage":5,"enemies":"Gremlin Nob","floor":8,"turns":2}],"seed_played":"-6220377858883955898","potions_obtained":[],"is_trial":false,"path_per_floor":["M","?","?","M","?","E","M","E"],"character_chosen":"IRONCLAD","items_purchased":[],"campfire_rested":0,"item_purchase_floors":[],"current_hp_per_floor":[60,60,60,60,40,5,5,0,0],"gold":188,"neow_bonus":"BOSS_RELIC","is_daily":false,"chose_seed":false,"campfire_upgraded":0,"win_rate":0.0,"timestamp":1608468634,"path_taken":["M","?","?","M","?","E","M","E"],"items_purchased_type":[],"build_version":"2020-12-18","purchased_purges":0,"victory":false,"max_hp_per_floor":[75,75,68,68,68,68,68,68,68],"relic_stats":{"counters":[5,20],"Golden Idol":16,"Bag of Preparation":[4],"obtain_stats":[{"Golden Idol":3,"Philosopher\u0027s Stone":0,"Bag of Preparation":6,"Burning Blood":0},{"Golden Idol":1,"Philosopher\u0027s Stone":0,"Bag of Preparation":3,"Burning Blood":0},{"Golden Idol":3,"Philosopher\u0027s Stone":0,"Bag of Preparation":16,"Burning Blood":0}]},"card_choices":[{"not_picked":["Thunderclap","Iron Wave"],"picked":"Perfected Strike","floor":1},{"not_picked":["Ghostly Armor","Body Slam"],"picked":"Iron Wave","floor":4},{"not_picked":["Exhume","Iron Wave"],"picked":"Disarm","floor":6},{"not_picked":["Headbutt","Carnage"],"picked":"Armaments","floor":7}],"player_experience":2575931,"relics_obtained":[{"floor":6,"key":"Bag of Preparation"}],"event_choices":[{"damage_healed":0,"gold_gain":0,"player_choice":"Ignored","damage_taken":0,"max_hp_gain":0,"max_hp_loss":0,"event_name":"Liars Game","floor":2,"gold_loss":0},{"damage_healed":0,"gold_gain":0,"player_choice":"Lose Max HP","damage_taken":0,"relics_obtained":["Golden Idol"],"max_hp_gain":0,"max_hp_loss":7,"event_name":"Golden Idol","floor":3,"gold_loss":0},{"damage_healed":0,"gold_gain":0,"player_choice":"Entered Light","damage_taken":20,"max_hp_gain":0,"max_hp_loss":0,"event_name":"Shining Light","floor":5,"gold_loss":0,"cards_upgraded":["Iron Wave","Strike_R"]}],"is_beta":true,"boss_relics":[],"items_purged_floors":[],"is_endless":false,"potions_floor_spawned":[],"killed_by":"Gremlin Nob","ascension_level":20}}