{"host":"7i2b4pyo6x2376bs","time":1608447790,"event":{"mods":["BaseMod","Better Note","Colored Map","Highlight Path","Minty Spire (QoL Compilation)","Quick Restart","Rare Cards Sparkle","Shop Mod","StSLib","The Jungle"],"gold_per_floor":[115,126,47,58,72,105,118,118,118,83,109,109,109,129,129,229,229,249,164,164,164,177,204,204,97,121,138,138,138,150,162,162,264,264,280,294,294,311,311,311,201,220,220,220,239,239,268,288,288,288,288],"floor_reached":50,"playtime":3796,"items_purged":["Writhe"],"score":706,"play_id":"c9933104-e4c9-483d-a8e5-806e2731a2e8","local_time":"20201219230310","is_ascension_mode":true,"campfire_choices":[{"floor":8,"key":"RECALL"},{"floor":12,"key":"REST"},{"data":"Doom and Gloom","floor":15,"key":"SMITH"},{"data":"Creative AI","floor":24,"key":"SMITH"},{"data":"Storm","floor":28,"key":"SMITH"},{"floor":32,"key":"REST"},{"data":"Turbo","floor":40,"key":"SMITH"},{"data":"Defragment","floor":44,"key":"SMITH"},{"data":"Blind","floor":46,"key":"SMITH"},{"data":"Static Discharge","floor":49,"key":"SMITH"}],"circlet_count":0,"master_deck":["Strike_B","Strike_B","Strike_B","Defend_B","Defend_B","Zap+1","Dualcast","Storm+1","Turbo+1","Self Repair","Doom and Gloom+1","Biased Cognition","Reboot","Defragment+1","Reboot","Rebound","Ball Lightning","Electrodynamics","Leap+1","Creative AI+1","Heatsinks","Doom and Gloom","Blind+1","Redo","Biased Cognition","Amplify","CurseOfTheBell","White Noise+1","BootSequence+1","Self Repair+1","Static Discharge+1","Stack+1","Stack+1","Sunder+1"],"relics":["Cracked Core","Matryoshka","Art of War","Bottled Flame","Pocketwatch","Empty Cage","Pen Nib","Eternal Feather","White Beast Statue","MealTicket","Calling Bell","Anchor","Sundial","Emotion Chip","StoneCalendar","InkBottle"],"acts_visited":["Exordium","TheCity","TheBeyond"],"potions_floor_usage":[6,7,11,14,18,18,30,30,33,33,36,42,42,47,47,48,50,50],"damage_taken":[{"damage":4.0,"enemies":"Small Slimes","floor":1.0,"turns":3.0},{"damage":0.0,"enemies":"2 Louse","floor":2.0,"turns":1.0},{"damage":1,"enemies":"Cultist","floor":4,"turns":3},{"damage":0,"enemies":"Large Slime","floor":5,"turns":4},{"damage":24,"enemies":"Lagavulin","floor":6,"turns":5},{"damage":3,"enemies":"3 Louse","floor":7,"turns":2},{"damage":25,"enemies":"Gremlin Nob","floor":11,"turns":4},{"damage":3,"enemies":"Blue Slaver","floor":14,"turns":2},{"damage":8,"enemies":"Slime Boss","floor":16,"turns":6},{"damage":2,"enemies":"Shell Parasite","floor":18,"turns":2},{"damage":12,"enemies":"Chosen","floor":22,"turns":3},{"damage":25,"enemies":"Gremlin Leader","floor":23,"turns":4},{"damage":12,"enemies":"3 Cultists","floor":27,"turns":4},{"damage":18,"enemies":"Chosen and Byrds","floor":30,"turns":3},{"damage":12,"enemies":"Cultist and Chosen","floor":31,"turns":3},{"damage":64,"enemies":"Champ","floor":33,"turns":7},{"damage":22,"enemies":"3 Darklings","floor":35,"turns":3},{"damage":6,"enemies":"Orb Walker","floor":36,"turns":2},{"damage":11,"enemies":"Sphere and 2 Shapes","floor":38,"turns":3},{"damage":0,"enemies":"Transient","floor":42,"turns":5},{"damage":0,"enemies":"Jaw Worm Horde","floor":45,"turns":2},{"damage":28,"enemies":"Nemesis","floor":47,"turns":5},{"damage":0,"enemies":"4 Shapes","floor":48,"turns":2},{"damage":80,"enemies":"Donu and Deca","floor":50,"turns":4}],"seed_played":"-5840596659227797393","potions_obtained":[{"floor":1.0,"key":"BlessingOfTheForge"},{"floor":5,"key":"Energy Potion"},{"floor":6,"key":"Weak Potion"},{"floor":11,"key":"Energy Potion"},{"floor":14,"key":"Block Potion"},{"floor":16,"key":"AttackPotion"},{"floor":22,"key":"LiquidBronze"},{"floor":27,"key":"AttackPotion"},{"floor":30,"key":"Strength Potion"},{"floor":31,"key":"Weak Potion"},{"floor":33,"key":"PotionOfCapacity"},{"floor":35,"key":"Ancient Potion"},{"floor":36,"key":"GamblersBrew"},{"floor":38,"key":"Strength Potion"},{"floor":42,"key":"Dexterity Potion"},{"floor":45,"key":"Fire Potion"},{"floor":47,"key":"Swift Potion"},{"floor":48,"key":"DuplicationPotion"}],"is_trial":false,"path_per_floor":["M","M","$","M","M","E","M","R","T","?","E","R","?","M","R","B",null,"M","?","?","T","M","E","R","$","T","M","R","?","M","M","R","B",null,"M","M","?","M","?","R","$","M","T","R","M","R","E","M","R","B"],"character_chosen":"DEFECT","items_purchased":["Self Repair","Heatsinks","Doom and Gloom","Static Discharge"],"campfire_rested":2,"item_purchase_floors":[3,25,25,41],"current_hp_per_floor":[64,64,64,70,75,51,48,48,48,66,41,63,63,60,60,59,71,69,69,69,69,57,39,51,51,51,46,58,58,40,35,72,15,60,38,32,51,47,47,65,75,75,75,75,75,75,64,64,75,0,0],"gold":288,"neow_bonus":"UPGRADE_CARD","is_daily":false,"chose_seed":false,"campfire_upgraded":7,"win_rate":0.0,"timestamp":1608447790,"path_taken":["M","M","$","M","M","E","M","R","T","?","E","R","?","?","R","BOSS","M","?","?","?","M","E","R","$","T","?","R","?","M","M","R","BOSS","M","?","?","M","?","R","$","M","T","R","M","R","E","M","R","BOSS"],"items_purchased_type":["Card","Card","Card","Card"],"build_version":"2020-12-13","purchased_purges":1,"victory":false,"max_hp_per_floor":[75,75,75,75,75,75,75,75,75,75,75,75,75,75,75,75,75,75,75,75,75,75,75,75,75,75,75,75,75,75,75,75,75,75,75,75,75,75,75,75,75,75,75,75,75,75,75,75,75,75,75],"card_choices":[{"not_picked":["Go for the Eyes","Gash"],"picked":"Storm","floor":1.0},{"not_picked":["Coolheaded","Hologram"],"picked":"Turbo","floor":2.0},{"not_picked":["Redo","Gash"],"picked":"Doom and Gloom","floor":4},{"not_picked":["Go for the Eyes","Gash"],"picked":"Biased Cognition","floor":5},{"not_picked":["Hologram","Gash"],"picked":"Reboot","floor":6},{"not_picked":["Ball Lightning","Loop"],"picked":"Defragment","floor":7},{"not_picked":["Beam Cell","Cold Snap"],"picked":"Reboot","floor":11},{"not_picked":["Conserve Battery","Streamline"],"picked":"Ball Lightning","floor":14},{"not_picked":["Seek","Amplify"],"picked":"Electrodynamics","floor":16},{"not_picked":["Coolheaded+1","Steam+1","Gash"],"picked":"SKIP","floor":18},{"not_picked":["Stack","Barrage"],"picked":"Leap+1","floor":22},{"not_picked":["Gash","Doom and Gloom"],"picked":"Creative AI","floor":23},{"not_picked":["Steam","Compile Driver","Redo"],"picked":"SKIP","floor":27},{"not_picked":["Coolheaded","Fusion","Sweeping Beam"],"picked":"SKIP","floor":30},{"not_picked":["Go for the Eyes","Turbo"],"picked":"Biased Cognition","floor":31},{"not_picked":["Electrodynamics","Buffer"],"picked":"Amplify","floor":33},{"not_picked":["Chaos+1","Reprogram"],"picked":"White Noise+1","floor":35},{"not_picked":["Undo","Turbo"],"picked":"BootSequence+1","floor":36},{"not_picked":["Stack+1","Streamline"],"picked":"Self Repair+1","floor":38},{"not_picked":["Streamline","Hologram+1"],"picked":"Stack+1","floor":42},{"not_picked":["Cold Snap","Sunder"],"picked":"Stack+1","floor":45},{"not_picked":["Sweeping Beam+1","Reprogram+1","Conserve Battery"],"picked":"SKIP","floor":47},{"not_picked":["Chaos","Lockon"],"picked":"Sunder+1","floor":48}],"player_experience":644832,"relics_obtained":[{"floor":6,"key":"Matryoshka"},{"floor":9,"key":"Art of War"},{"floor":9,"key":"Bottled Flame"},{"floor":11,"key":"Pocketwatch"},{"floor":21,"key":"Eternal Feather"},{"floor":23,"key":"White Beast Statue"},{"floor":26,"key":"MealTicket"},{"floor":34,"key":"Anchor"},{"floor":34,"key":"Sundial"},{"floor":34,"key":"Emotion Chip"},{"floor":43,"key":"StoneCalendar"},{"floor":47,"key":"InkBottle"}],"event_choices":[{"damage_healed":18,"gold_gain":0,"player_choice":"Healed","damage_taken":0,"max_hp_gain":0,"max_hp_loss":0,"event_name":"The Cleric","floor":10,"gold_loss":35},{"damage_healed":0,"gold_gain":0,"cards_transformed":["Defend_B"],"player_choice":"Transformed","damage_taken":0,"max_hp_gain":0,"max_hp_loss":0,"event_name":"Transmorgrifier","floor":13,"gold_loss":0,"cards_obtained":["Rebound"]},{"damage_healed":0,"gold_gain":0,"player_choice":"Obtained Relic","damage_taken":0,"relics_obtained":["Pen Nib"],"max_hp_gain":0,"max_hp_loss":0,"event_name":"Addict","floor":19,"gold_loss":85},{"damage_healed":0,"gold_gain":0,"player_choice":"Ignored","damage_taken":0,"max_hp_gain":0,"max_hp_loss":0,"event_name":"Ghosts","floor":20,"gold_loss":0},{"damage_healed":0,"gold_gain":0,"player_choice":"2 cards matched","damage_taken":0,"max_hp_gain":0,"max_hp_loss":0,"event_name":"Match and Keep!","floor":29,"gold_loss":0,"cards_obtained":["Blind","Redo"]},{"damage_healed":19,"gold_gain":0,"player_choice":"Writhe","damage_taken":0,"max_hp_gain":0,"max_hp_loss":0,"event_name":"Winding Halls","floor":37,"gold_loss":0,"cards_obtained":["Writhe"]},{"damage_healed":0,"gold_gain":0,"player_choice":"Ignored","damage_taken":0,"max_hp_gain":0,"max_hp_loss":0,"event_name":"Tomb of Lord Red Mask","floor":39,"gold_loss":0}],"is_beta":false,"boss_relics":[{"not_picked":["Fusion Hammer","Runic Dome"],"picked":"Empty Cage"},{"not_picked":["Runic Pyramid","Astrolabe"],"picked":"Calling Bell"}],"items_purged_floors":[41],"is_endless":false,"potions_floor_spawned":[1,5,6,11,14,16,22,27,30,31,33,35,36,38,42,45,47,48],"killed_by":"Donu and Deca","ascension_level":8}}