{"host":"4kgga43fr9t628g1","time":1608451189,"event":{"mods":["Act Like it!","BaseMod","Gensokyo","MarisaÅiñ∂âJÅ@ñÇóùçπÅj","Minty Spire (QoL Compilation)","StSLib","everything is the same but u backflip on backflip"],"gold_per_floor":[109,109,59,72,86,128,155,197,197,197,197,47,82,131,131,257,257,285,321,271,295,322,376,0,48,128,172,172,200,251,47,47,165,165,185,212,9,9,9,9,9,9,33,33,66,66,101,101,101,101],"floor_reached":51,"playtime":3158,"items_purged":["Pain","Defend_MRS","Strike_MRS","Strike_MRS"],"score":1075,"play_id":"2201a5d8-90e5-423f-9543-e81e469edcca","local_time":"20201219235949","is_ascension_mode":true,"campfire_choices":[{"data":"StarBarrage","floor":10,"key":"SMITH"},{"data":"UpSweep","floor":15,"key":"SMITH"},{"data":"MaximisePower","floor":28,"key":"SMITH"},{"data":"BinaryStars","floor":32,"key":"SMITH"},{"data":"DeepEcoloBomb","floor":40,"key":"SMITH"},{"data":"PulseMagic","floor":42,"key":"SMITH"},{"data":"PowerUp","floor":46,"key":"SMITH"},{"floor":49,"key":"REST"}],"circlet_count":0,"master_deck":["Strike_MRS+1","Defend_MRS","Defend_MRS+1","MasterSpark+1","UpSweep+1","DC+1","StarBarrage+1","WitchOfGreed","BinaryStars+1","PulseMagic+1","PowerUp+1","UltimateShortwave","Acceleration+1","MaximisePower+1","AsteroidBelt+1","ManaRampage+1","DeepEcoloBomb+1","Singularity+1"],"relics":["MiniHakkero","Smiling Mask","Gensokyo:LunaticRedEyes","AmplifyWand","Lantern","CeramicFish","Tiny Chest","Letter Opener","ExperimentalFamiliar","WingedGreaves","PreservedInsect","Darkstone Periapt","Kunai","Centennial Puzzle","Lee\u0027s Waffle","Busted Crown","Whetstone","Vajra","Omamori","Lizard Tail","Question Card"],"acts_visited":["Exordium","Gensokyo:Gensokyo","TheBeyond"],"potions_floor_usage":[8,8,14,21,25,50,50],"damage_taken":[{"damage":1,"enemies":"Gensokyo:2_Kodama","floor":1,"turns":4},{"damage":0,"enemies":"Gensokyo:Gryphon","floor":4,"turns":2},{"damage":0,"enemies":"Gensokyo:3_Fairies","floor":5,"turns":3},{"damage":19,"enemies":"Gensokyo:Cirno","floor":6,"turns":7},{"damage":0,"enemies":"Gensokyo:2_Rabbits","floor":7,"turns":4},{"damage":10,"enemies":"Gensokyo:Mamizou","floor":8,"turns":7},{"damage":0,"enemies":"Gensokyo:Kitsune","floor":13,"turns":3},{"damage":1,"enemies":"Gensokyo:Aya","floor":14,"turns":4},{"damage":27,"enemies":"Gensokyo:Yukari","floor":16,"turns":11},{"damage":14,"enemies":"Gensokyo:AngelMirror","floor":18,"turns":2},{"damage":0,"enemies":"Gensokyo:3_Dogs","floor":19,"turns":5},{"damage":7,"enemies":"Gensokyo:Wraith","floor":21,"turns":3},{"damage":0,"enemies":"Gensokyo:3_Gloops","floor":22,"turns":4},{"damage":0,"enemies":"Gensokyo:Reisen","floor":23,"turns":4},{"damage":16,"enemies":"Gensokyo:Tenshi","floor":25,"turns":3},{"damage":0,"enemies":"Gensokyo:Reisen","floor":27,"turns":2},{"damage":0,"enemies":"Gensokyo:Tenshi","floor":29,"turns":3},{"damage":4,"enemies":"Gensokyo:Slime_Group","floor":30,"turns":3},{"damage":39,"enemies":"Gensokyo:Eiki","floor":33,"turns":7},{"damage":0,"enemies":"Orb Walker","floor":35,"turns":2},{"damage":0,"enemies":"3 Shapes","floor":45,"turns":3},{"damage":3,"enemies":"Giant Head","floor":47,"turns":5},{"damage":33,"enemies":"Awakened One","floor":50,"turns":8}],"seed_played":"-5632913897377094830","potions_obtained":[{"floor":6,"key":"SteroidPotion"},{"floor":6,"key":"Explosive Potion"},{"floor":7,"key":"Fire Potion"},{"floor":8,"key":"SneckoOil"},{"floor":8,"key":"Fire Potion"},{"floor":13,"key":"BottledSpark"},{"floor":14,"key":"SkillPotion"},{"floor":19,"key":"Strength Potion"},{"floor":19,"key":"Block Potion"},{"floor":21,"key":"SneckoOil"},{"floor":23,"key":"LiquidMemories"},{"floor":25,"key":"DuplicationPotion"},{"floor":30,"key":"DuplicationPotion"}],"is_trial":false,"path_per_floor":["M","?","$","M","M","E","M","E","T","R","?","$","M","E","R","B",null,"M","M","$","M","M","E","?","E","T","E","R","E","M","$","R","B",null,"M","T","$","?","?","R","$","R","T","?","M","R","E","T","R","B",null],"character_chosen":"MARISA","items_purchased":["Tiny Chest","Lee\u0027s Waffle","Vajra"],"campfire_rested":1,"item_purchase_floors":[12,31,37],"current_hp_per_floor":[74,74,74,74,74,55,55,45,45,45,68,68,68,67,67,40,75,61,61,61,54,54,54,54,38,38,38,38,38,34,82,82,43,82,82,82,82,82,72,72,72,72,72,72,72,72,69,69,82,49],"gold":101,"neow_bonus":"RANDOM_COMMON_RELIC","is_daily":false,"chose_seed":false,"campfire_upgraded":7,"win_rate":0.0,"timestamp":1608451189,"path_taken":["M","?","$","M","M","E","M","E","T","R","?","$","?","E","R","BOSS","M","M","$","M","M","E","?","E","T","E","R","E","?","$","R","BOSS","M","?","$","?","?","R","$","R","T","?","M","R","E","?","R","BOSS"],"items_purchased_type":["Relic","Relic","Relic"],"build_version":"2020-12-13","purchased_purges":4,"victory":true,"max_hp_per_floor":[75,75,75,75,75,75,75,75,75,75,75,75,75,75,75,75,75,75,75,75,75,75,75,75,75,75,75,75,75,75,82,82,82,82,82,82,82,82,82,82,82,82,82,82,82,82,82,82,82,82],"card_choices":[{"not_picked":["NonDirectionalLaser","ShootingEcho"],"picked":"DC","floor":1},{"not_picked":["Orbital","WitchLeyline"],"picked":"StarBarrage","floor":4},{"not_picked":["StarBarrage","DC"],"picked":"WitchOfGreed","floor":5},{"not_picked":["GasGiant","NonDirectionalLaser"],"picked":"BinaryStars","floor":6},{"not_picked":["SporeBomb","Acceleration"],"picked":"PulseMagic","floor":7},{"not_picked":["GalacticHalo","LuminesStrike"],"picked":"PowerUp","floor":8},{"not_picked":["UnstableBomb","Orbital","MachineGunSpark"],"picked":"SKIP","floor":13},{"not_picked":["OpenUniverse","DC","EventHorizon"],"picked":"SKIP","floor":14},{"not_picked":["BinaryStars","FinalSpark"],"picked":"UltimateShortwave","floor":16},{"not_picked":["DoubleSpark","PowerUp"],"picked":"Acceleration","floor":18},{"not_picked":["6A","Acceleration+1"],"picked":"MaximisePower","floor":19},{"not_picked":["SprinkleStarSeal","NonDirectionalLaser"],"picked":"AsteroidBelt+1","floor":21},{"not_picked":["WitchLeyline","Orbital","UnstableBomb"],"picked":"SKIP","floor":22},{"not_picked":["DarkSpark","IllusionStar+1"],"picked":"ManaRampage","floor":23},{"not_picked":["NonDirectionalLaser","EscapeVelocity","Acceleration"],"picked":"SKIP","floor":25},{"not_picked":["OneTimeOff","MilkyWay"],"picked":"DeepEcoloBomb","floor":27},{"not_picked":["ShootingEcho","LuminesStrike+1","MaximisePower"],"picked":"SKIP","floor":29},{"not_picked":["ShootTheMoon","MeteoricShower+1"],"picked":"Singularity+1","floor":30},{"not_picked":["Acceleration"],"picked":"SKIP","floor":35},{"not_picked":["WitchOfGreed"],"picked":"SKIP","floor":45},{"not_picked":["SporeBomb"],"picked":"SKIP","floor":47}],"player_experience":822028,"relics_obtained":[{"floor":6,"key":"AmplifyWand"},{"floor":8,"key":"Lantern"},{"floor":9,"key":"CeramicFish"},{"floor":14,"key":"Letter Opener"},{"floor":23,"key":"WingedGreaves"},{"floor":25,"key":"PreservedInsect"},{"floor":26,"key":"Darkstone Periapt"},{"floor":27,"key":"Kunai"},{"floor":29,"key":"Centennial Puzzle"},{"floor":36,"key":"Whetstone"},{"floor":43,"key":"Omamori"},{"floor":47,"key":"Lizard Tail"},{"floor":48,"key":"Question Card"}],"event_choices":[{"cards_removed":["Defend_MRS"],"damage_healed":0,"gold_gain":0,"player_choice":"Removed Skill","damage_taken":0,"max_hp_gain":0,"max_hp_loss":0,"event_name":"Falling","floor":38,"gold_loss":0},{"damage_healed":0,"gold_gain":0,"player_choice":"Memory 3","damage_taken":10,"max_hp_gain":0,"max_hp_loss":0,"event_name":"SensoryStone","floor":39,"gold_loss":0},{"cards_removed":["Strike_MRS"],"damage_healed":0,"gold_gain":0,"player_choice":"Card Removal","damage_taken":0,"max_hp_gain":0,"max_hp_loss":0,"event_name":"Wheel of Change","floor":44,"gold_loss":0}],"is_beta":false,"boss_relics":[{"not_picked":["Calling Bell","Coffee Dripper"],"picked":"ExperimentalFamiliar"},{"not_picked":["Runic Dome","Sozu"],"picked":"Busted Crown"}],"items_purged_floors":[3,20,31,37],"is_endless":false,"potions_floor_spawned":[6,7,8,18,19,21,25,35],"ascension_level":3}}