{"host":"4obge0o2z76jqaxx","time":1608460396,"event":{"mods":["BaseMod","Decade(â§è¨ñæ)","Downfall","Minty Spire (QoL Compilation)","StSLib"],"gold_per_floor":[99,111,125,138,150,177,200,200,225,256,256,13,13,23,42,143,143,143,177,16,26,26,26,95,20,20,20,105,115,125,140,156,253,303,228,248,265,265,265,280,280,205,220,246,256,256,266,266,285,285],"floor_reached":51,"playtime":3573,"items_purged":[],"score":711,"play_id":"4eaba0f4-091c-46d0-9398-57fd2bcb17d8","local_time":"20201220173316","is_ascension_mode":false,"campfire_choices":[{"data":"Guardian:TwinSlam","floor":1,"key":"SMITH"},{"data":"Guardian:StasisField","floor":8,"key":"SMITH"},{"data":"Guardian:PrismaticBeam","floor":18,"key":"SMITH"},{"floor":23,"key":"RECALL"},{"data":"Guardian:PrismaticBeam","floor":25,"key":"SMITH"},{"data":"RitualDagger","floor":27,"key":"SMITH"},{"data":"Guardian:RollAttack","floor":35,"key":"SMITH"},{"data":"Guardian:Harden","floor":39,"key":"SMITH"},{"data":"Guardian:FastForward","floor":42,"key":"SMITH"}],"circlet_count":0,"master_deck":["Guardian:Strike_Guardian+1","Guardian:Strike_Guardian","Guardian:Strike_Guardian+1","Guardian:Strike_Guardian","Guardian:Defend_Guardian","Guardian:Defend_Guardian+1","Guardian:Defend_Guardian","Guardian:Defend_Guardian","Guardian:CurlUp","Guardian:TwinSlam+1","Guardian:PrismaticBeam+1","Guardian:ShieldCharger+1","Guardian:StasisField+1","Guardian:ArmoredProtocol+1","Guardian:Recover","Guardian:RollAttack+1","Guardian:FastForward+1","Guardian:RevengeProtocol+1","Guardian:EvasiveProtocol+1","Guardian:PrismaticBeam+1","Guardian:Clone+1","sneckomod:Bewildered","RitualDagger+1","Guardian:ExploitGems","Guardian:SpikerProtocol+1","Guardian:PiercingHide+1","Guardian:ConstructionForm+1","Guardian:EvasiveProtocol+1","Guardian:Harden+1","Guardian:DonusPower+1","Normality","Guardian:Gem_Synthetic","Guardian:RefractedBeam+1","Guardian:ShieldCharger+1","Guardian:TimeCapacitor+1","Guardian:Gem_Purple"],"relics":["Guardian:ModeShifter","Bag of Marbles","Boot","Oddly Smooth Stone","Regal Pillow","Guardian:PickAxe","War Paint","Frozen Egg 2","Cursed Key","MealTicket","Whetstone","Matryoshka","downfall:HeartBlessingRed","Tiny House","downfall:HeartBlessingGreen","Toy Ornithopter","downfall:HeartBlessingBlue","Ancient Tea Set"],"acts_visited":["Exordium","TheCity","TheBeyond"],"potions_floor_usage":[6,6,10,16,33,33,45,49,50],"damage_taken":[{"damage":1,"enemies":"Cultist","floor":2,"turns":5},{"damage":0,"enemies":"2 Louse","floor":3,"turns":2},{"damage":0,"enemies":"Small Slimes","floor":4,"turns":4},{"damage":0,"enemies":"Exordium Wildlife","floor":5,"turns":3},{"damage":2,"enemies":"Gremlin Nob","floor":6,"turns":4},{"damage":16,"enemies":"3 Sentries","floor":10,"turns":11},{"damage":0,"enemies":"downfall:FleeingMerchant","floor":12,"turns":4},{"damage":0,"enemies":"3 Louse","floor":14,"turns":4},{"damage":0,"enemies":"Gremlin Gang","floor":15,"turns":4},{"damage":27,"enemies":"downfall:Ironclad","floor":16,"turns":14},{"damage":16,"enemies":"Gremlin Leader","floor":19,"turns":7},{"damage":0,"enemies":"downfall:FleeingMerchant","floor":20,"turns":4},{"damage":0,"enemies":"Shell Parasite","floor":21,"turns":5},{"damage":0,"enemies":"Chosen","floor":29,"turns":3},{"damage":12,"enemies":"Centurion and Healer","floor":30,"turns":6},{"damage":8,"enemies":"Snake Plant","floor":31,"turns":4},{"damage":15,"enemies":"Snecko","floor":32,"turns":6},{"damage":1,"enemies":"downfall:Silent","floor":33,"turns":6},{"damage":3,"enemies":"Orb Walker","floor":36,"turns":3},{"damage":0,"enemies":"3 Darklings","floor":37,"turns":5},{"damage":0,"enemies":"Spire Growth","floor":40,"turns":7},{"damage":4,"enemies":"Sphere and 2 Shapes","floor":43,"turns":7},{"damage":48,"enemies":"Reptomancer","floor":44,"turns":11},{"damage":4,"enemies":"Transient","floor":45,"turns":5},{"damage":20,"enemies":"Maw","floor":47,"turns":9},{"damage":21,"enemies":"Spire Growth","floor":49,"turns":5},{"damage":1,"enemies":"downfall:Watcher","floor":50,"turns":11}],"seed_played":"-2202718630853384458","potions_obtained":[{"floor":3,"key":"ColorlessPotion"},{"floor":4,"key":"Dexterity Potion"},{"floor":5,"key":"Weak Potion"},{"floor":10,"key":"PowerPotion"},{"floor":14,"key":"Ancient Potion"},{"floor":19,"key":"Swift Potion"},{"floor":29,"key":"SkillPotion"},{"floor":34,"key":"Swift Potion"},{"floor":43,"key":"Energy Potion"},{"floor":47,"key":"Strength Potion"},{"floor":49,"key":"Block Potion"}],"is_trial":false,"path_per_floor":["R","M","M","M","M","E","T","R","T","E","?","$","?","M","M","B",null,"R","E","$","M","?","R","T","R","?","R","?","M","M","M","M","B",null,"R","M","M","?","R","M","T","R","M","E","M","?","M","?","M","B",null],"character_chosen":"GUARDIAN","items_purchased":["War Paint","Guardian:Recover","Guardian:Gem_Cyan","Whetstone"],"campfire_rested":0,"item_purchase_floors":[12,12,12,20],"current_hp_per_floor":[88,87,87,87,87,85,85,85,85,69,57,57,54,54,54,27,88,88,72,87,87,87,87,87,87,81,81,65,65,53,45,30,29,93,93,90,90,90,90,90,90,100,96,48,49,90,70,70,54,58],"gold":285,"neow_bonus":"TEN_PERCENT_HP_BONUS","is_daily":false,"chose_seed":false,"campfire_upgraded":8,"win_rate":0.0,"timestamp":1608460396,"path_taken":["R","M","M","M","M","E","T","R","?","E","?","$","?","M","M","BOSS","R","E","$","M","?","R","T","R","?","R","?","M","M","M","M","BOSS","R","M","M","?","R","?","T","R","M","E","M","?","M","?","M","BOSS"],"items_purchased_type":["Relic","Card","Card","Relic"],"build_version":"2020-12-13","purchased_purges":0,"victory":true,"max_hp_per_floor":[88,88,88,88,88,88,88,88,88,88,88,88,88,88,88,88,88,88,88,88,88,88,88,88,88,88,88,88,88,88,88,88,88,93,93,93,93,93,93,93,93,103,103,103,103,90,90,90,90,90],"card_choices":[{"not_picked":["Guardian:RollAttack","Guardian:DonusPower"],"picked":"Guardian:Gem_Purple","floor":2},{"not_picked":["Guardian:VentSteam","Guardian:TemporalShield"],"picked":"Guardian:PrismaticBeam","floor":3},{"not_picked":["Guardian:Planning","Guardian:ArmoredProtocol"],"picked":"Guardian:ShieldCharger","floor":4},{"not_picked":["Guardian:RollAttack","Guardian:PiercingHide"],"picked":"Guardian:Gem_Red","floor":5},{"not_picked":["Guardian:ShieldSpikes","Guardian:TemporalStrike"],"picked":"Guardian:StasisField","floor":6},{"not_picked":["Guardian:Incinerate","Guardian:Planning"],"picked":"Guardian:Gem_Green","floor":10},{"not_picked":["Guardian:SentryBeam","Guardian:EvasiveProtocol"],"picked":"Guardian:ArmoredProtocol","floor":12},{"not_picked":["Guardian:ChargeCore","Guardian:Reroute"],"picked":"Guardian:RollAttack","floor":14},{"not_picked":["Guardian:Planning","Guardian:Recover"],"picked":"Guardian:FastForward","floor":15},{"not_picked":["Guardian:Gem_Orange","Guardian:Gem_Synthetic"],"picked":"Guardian:RevengeProtocol+1","floor":16},{"not_picked":["Guardian:RollAttack","Guardian:Gem_Red"],"picked":"Guardian:EvasiveProtocol+1","floor":19},{"not_picked":["Guardian:Planning","Guardian:Gem_Lightblue"],"picked":"Guardian:PrismaticBeam","floor":20},{"not_picked":["Guardian:TemporalShield","Guardian:DonusPower"],"picked":"Guardian:Clone+1","floor":21},{"not_picked":["Guardian:PiercingHide","Guardian:Reroute"],"picked":"Guardian:Gem_Purple","floor":29},{"not_picked":["Guardian:Reroute","Guardian:Planning"],"picked":"Guardian:ExploitGems","floor":30},{"not_picked":["Guardian:TemporalShield","Guardian:RollAttack"],"picked":"Guardian:SpikerProtocol+1","floor":31},{"not_picked":["Guardian:Gem_Fragmented","Guardian:Suspension"],"picked":"Guardian:PiercingHide+1","floor":32},{"not_picked":["Guardian:ExploitGems","Guardian:StasisField"],"picked":"Guardian:ConstructionForm+1","floor":33},{"not_picked":["Guardian:WalkerClaw","Guardian:ChargeCore"],"picked":"Guardian:EvasiveProtocol+1","floor":34},{"not_picked":["Guardian:Gem_White","Guardian:PrismaticBeam"],"picked":"Guardian:Harden","floor":36},{"not_picked":["Guardian:ArmoredProtocol+1","Guardian:Planning+1"],"picked":"Guardian:DonusPower+1","floor":37},{"not_picked":["Guardian:Reroute+1","Guardian:Clone"],"picked":"Guardian:Planning+1","floor":40},{"not_picked":["Guardian:MultiBeam","Guardian:PrismaticBeam+1"],"picked":"Guardian:Gem_Synthetic","floor":43},{"not_picked":["Guardian:Emergency+1","Guardian:Harden+1"],"picked":"Guardian:RefractedBeam+1","floor":44},{"not_picked":["Guardian:Harden","Guardian:ArmoredProtocol+1"],"picked":"Guardian:ShieldCharger+1","floor":45},{"not_picked":["Guardian:DecasProtection","Guardian:RollAttack"],"picked":"Guardian:TimeCapacitor+1","floor":47},{"not_picked":["Guardian:DecasProtection","Guardian:Gem_Fragmented"],"picked":"Guardian:Gem_Purple","floor":49}],"player_experience":149809,"relics_obtained":[{"floor":6,"key":"Bag of Marbles"},{"floor":7,"key":"Boot"},{"floor":9,"key":"Oddly Smooth Stone"},{"floor":10,"key":"Regal Pillow"},{"floor":19,"key":"MealTicket"},{"floor":24,"key":"Matryoshka"},{"floor":41,"key":"Toy Ornithopter"},{"floor":44,"key":"Ancient Tea Set"}],"event_choices":[{"damage_healed":0,"gold_gain":0,"player_choice":"Success","damage_taken":3,"relics_obtained":["Frozen Egg 2"],"max_hp_gain":0,"max_hp_loss":0,"event_name":"Scrap Ooze","floor":13,"gold_loss":0},{"damage_healed":0,"gold_gain":0,"player_choice":"Ignored","damage_taken":0,"max_hp_gain":0,"max_hp_loss":0,"event_name":"Vampires","floor":22,"gold_loss":0},{"cards_removed":["Guardian:Planning"],"damage_healed":0,"gold_gain":0,"player_choice":"Removed Skill","damage_taken":0,"max_hp_gain":0,"max_hp_loss":0,"event_name":"Falling","floor":48,"gold_loss":0}],"is_beta":false,"boss_relics":[{"not_picked":["Coffee Dripper","Philosopher\u0027s Stone"],"picked":"Cursed Key"},{"not_picked":["Guardian:StasisSlotReductionRelic","Runic Dome"],"picked":"Tiny House"}],"items_purged_floors":[],"is_endless":false,"potions_floor_spawned":[3,4,5,10,14,19,29,31,32,43,44,47,49],"ascension_level":0}}