{"host":"kg3sujd0l7l0va61","time":1608431801,"event":{"mods":["AchievementEnabler","Aspiration","Bard","BaseMod","Bestiary","Better Match","Better Note","BetterRewards","Challenge The Spire","Colored Powertips","Custom Start","Decade(王小明)","Displayed Cursed Tome","Downfall","GifTheSpireLib","Hermit","HololiveMod","Infinite Spire","KinomotoSakuraMod(木之本樱)","Koishi","KomeijiMod","Luminous","Marisa（F雨　魔理沙）","Marked Mod","Minty Spire (QoL Compilation)","MostiFishMod","Prisma Mod","Puzzle Mod","Quick Restart","READ ME - Guardian Mod","Rare Cards Sparkle","Reimu（博丽灵梦）","Replay The Spire","RumiaBox-露米娅的神秘盒子","StSLib","The Servant 0.9.4","Waifu the Spire","WarShipGirlsR/战舰少女R mod","Youmu（魂魄妖梦）","【东方二次创作】八云紫mod","【遗物卡牌】REMEMod"],"gold_per_floor":[109,109,109,124,139,139,158,197,223,262,275,310,59,59,59,188,188,212,231,244,244,244,282,282,296,296,296,174,209,228,153,153,277,277,290,290,290,304,318,318,2,2,2,2,35,61,124,214,214,342,342,342],"floor_reached":51,"playtime":1908,"items_purged":["hermit:ImpendingDoom"],"score":1072,"play_id":"a84a08f5-a5bf-4eea-84e5-f28b8743fd57","local_time":"20201220103641","is_ascension_mode":true,"campfire_choices":[{"floor":6.0,"key":"RECALL"},{"floor":24.0,"key":"REST"},{"floor":32,"key":"REST"},{"floor":40,"key":"REST"},{"floor":44,"key":"REST"}],"circlet_count":0,"master_deck":["Strike_P+1","Defend_P+1","Defend_P+1","Eruption+1","Vigilance+1","ReplayTheSpireMod:System Scan+1","EmptyFist+1","Skewer+1","MostiFishMod:GrandStart+1","Neutralize+1","FlurryOfBlows+1","Replay:Cycle+1","MostiFishMod:DisColor+1","Replay:BluntJabs+1","Vault+1","FearNoEvil+1","REME_AllRoundStrike+1","WreathOfFlame+1","MarkedMod:ChiBlock+1","MarkedMod:OneThousandNeedles+1","EmptyMind+1","CarveReality+1","WheelKick+1","MostiFishMod:KamiSmash+1","Evaluate+1","Replay:DivineShield+1","MostiFishMod:LegendTransform+1","expansioncontent:QuickStudy+1","MarkedMod:GracefulMovements","MostiFishMod:Zero-Sum"],"relics":["HolyWater","DaveBox","REME_ComplimentaryCards","BirthdayGift-Tetrahedron","Question Card","Golden Idol","infinitespire:Bottled Soul","SSSystem","MagicDraw2","ImportantClient","Replay:Grab Bag","Fusion Hammer","SlaversCollar","aspiration:SecretTechniqueScroll","RedLine:ReiMu","Pocketwatch","Happy Flower","Replay:Wax Seal","Replay:Bottled Snecko","REME_PuzzleBoxRelic","Replay:Ringing Soul","GuanYuAspect","Mirror","aspiration:Nostalgia","hexamod:SpiritBrand","MagicDraw1","Oddly Smooth Stone","Orichalcum","CatCart","ReplayTheSpireMod:CursedCoin"],"acts_visited":["Exordium","TheCity","TheBeyond","Exordium"],"potions_floor_usage":[],"damage_taken":[{"damage":1.0,"enemies":"2 Louse","floor":1.0,"turns":1.0},{"damage":2.0,"enemies":"Jaw Worm","floor":4.0,"turns":2.0},{"damage":2.0,"enemies":"Cultist","floor":5.0,"turns":2.0},{"damage":0.0,"enemies":"Red Slaver","floor":7.0,"turns":1.0},{"damage":2.0,"enemies":"Gremlin Nob","floor":8.0,"turns":2.0},{"damage":8.0,"enemies":"Lagavulin","floor":10.0,"turns":5.0},{"damage":3.0,"enemies":"Lots of Slimes","floor":11.0,"turns":2.0},{"damage":0.0,"enemies":"3 Sentries","floor":12.0,"turns":1.0},{"damage":17.0,"enemies":"Hexaghost","floor":16.0,"turns":5.0},{"damage":0.0,"enemies":"2 Thieves","floor":18.0,"turns":1.0},{"damage":2.0,"enemies":"Shell Parasite","floor":19.0,"turns":2.0},{"damage":0.0,"enemies":"3 Cultists","floor":20.0,"turns":1.0},{"damage":2.0,"enemies":"Book of Stabbing","floor":23.0,"turns":2.0},{"damage":0.0,"enemies":"Centurion and Healer","floor":25.0,"turns":1.0},{"damage":48,"enemies":"Nightmare","floor":29,"turns":4},{"damage":0,"enemies":"Cultist and Chosen","floor":30,"turns":1},{"damage":6,"enemies":"Champ","floor":33,"turns":4},{"damage":0,"enemies":"Orb Walker","floor":35,"turns":1},{"damage":0,"enemies":"3 Darklings","floor":38,"turns":1},{"damage":0,"enemies":"Sphere and 2 Shapes","floor":39,"turns":1},{"damage":18,"enemies":"Giant Head","floor":45,"turns":3},{"damage":9,"enemies":"Orin","floor":47,"turns":4},{"damage":12,"enemies":"Orin","floor":49,"turns":5},{"damage":2,"enemies":"Donu and Deca","floor":50,"turns":2}],"seed_played":"5515111477688571075","potions_obtained":[{"floor":4.0,"key":"Dexterity Potion"},{"floor":5.0,"key":"AttackPotion"},{"floor":8.0,"key":"Venom Potion"},{"floor":12.0,"key":"Regen Potion"}],"is_trial":false,"path_per_floor":["M","?","?","M","M","R","M","E","T","E","M","E","$","$","R","B",null,"M","M","M","AVR","T","E","R","M","T","?","$","NM","M","?","R","B",null,"M","?","?","M","M","R","$","?","T","R","E","T","?","$","R","B",null],"character_chosen":"WATCHER","items_purchased":["FearNoEvil","REME_AllRoundStrike","REME_PuzzleBoxRelic","aspiration:Nostalgia","MostiFishMod:LegendTransform","expansioncontent:QuickStudy","ReplayTheSpireMod:CursedCoin"],"campfire_rested":4,"item_purchase_floors":[13,13,28,41,41,41,48],"current_hp_per_floor":[71,53,53,51,49,49,49,47,47,39,36,36,36,36,36,19,72,72,70,70,70,70,68,72,72,72,72,72,27,30,30,53,50,41,41,43,45,47,49,50,52,52,52,53,52,52,54,56,62,64,65,65],"gold":342,"neow_bonus":"","is_daily":false,"chose_seed":false,"campfire_upgraded":0,"win_rate":0.0,"timestamp":1608431801,"path_taken":["M","?","?","M","M","R","?","E","T","E","M","E","?","$","R","BOSS","M","M","M","AVR","?","E","R","?","T","?","$","NM","M","?","R","BOSS","M","?","?","M","M","R","$","?","T","R","E","?","?","?","R","BOSS"],"items_purchased_type":["Card","Card","Relic","Relic","Card","Card","Relic"],"build_version":"2020-12-13","purchased_purges":1,"victory":false,"max_hp_per_floor":[72,72,72,72,72,72,72,72,72,72,72,72,72,72,72,72,72,72,72,72,72,72,72,72,72,72,72,72,75,78,78,78,81,41,41,44,47,47,50,50,53,53,53,53,56,56,56,59,62,65,65,65],"card_choices":[{"not_picked":["EmptyBody","Evaluate"],"picked":"EmptyFist","floor":1.0},{"not_picked":["Protect","FlyingSleeves","Halt","ClearTheMind"],"picked":"SKIP","floor":4.0},{"not_picked":["CutThroughFate","JustLucky","Conclude"],"picked":"FlurryOfBlows","floor":5.0},{"not_picked":["CrushJoints","Halt","PathToVictory"],"picked":"Replay:Cycle","floor":7.0},{"not_picked":["MentalFortress","Wireheading","REME_Repentance"],"picked":"MostiFishMod:DisColor","floor":8.0},{"not_picked":["Consecrate","MarkedMod:GentlePulse","ReachHeaven","SandsOfTime"],"picked":"SKIP","floor":10.0},{"not_picked":["MostiFishMod:Clarity","FlyingSleeves","Nirvana"],"picked":"Replay:BluntJabs","floor":11.0},{"not_picked":["SashWhip","MarkedMod:OneThousandNeedles","ReachHeaven"],"picked":"Vault","floor":12.0},{"not_picked":["MostiFishMod:StarWish","MostiFishMod:ScryFuture","MarkedMod:NorthStar"],"picked":"MarkedMod:ChiBlock","floor":16.0},{"not_picked":["EmptyBody","WindmillStrike+1","MentalFortress"],"picked":"MarkedMod:OneThousandNeedles","floor":18.0},{"not_picked":["TalkToTheHand","Wireheading","Prostrate+1","Crescendo"],"picked":"SKIP","floor":19.0},{"not_picked":["SashWhip+1","ThirdEye","JustLucky"],"picked":"EmptyMind","floor":20.0},{"not_picked":["Replay:Vibes+1","JustLucky","MostiFishMod:KamiSmash"],"picked":"CarveReality","floor":23.0},{"not_picked":["BowlingBash","Replay:ManipulateFuture","Replay:BluntJabs","FlyingSleeves+1"],"picked":"SKIP","floor":25.0},{"not_picked":["MarkedMod:PinPointDefense+1","InnerPeace","CrushJoints"],"picked":"Wallop+1","floor":29},{"not_picked":["BowlingBash+1","MarkedMod:GentlePulse+1","Vengeance"],"picked":"WheelKick","floor":30},{"not_picked":["MostiFishMod:StarOceanP","Judgement","LessonLearned"],"picked":"MostiFishMod:KamiSmash","floor":33},{"not_picked":["FlurryOfBlows+1","Replay:AtTheReady+1","EmptyFist","SandsOfTime+1"],"picked":"SKIP","floor":35},{"not_picked":["FollowUp+1","TalkToTheHand+1","Consecrate+1"],"picked":"Evaluate","floor":37},{"not_picked":["Replay:AtTheReady","ThirdEye+1","FlyingSleeves+1","FlurryOfBlows"],"picked":"SKIP","floor":38},{"not_picked":["JustLucky","Tantrum+1","Consecrate+1"],"picked":"Replay:DivineShield+1","floor":39},{"not_picked":["Wallop+1","InnerPeace+1","Fasting2+1"],"picked":"MostiFishMod:Zero-Sum","floor":45},{"not_picked":["CutThroughFate","Replay:Cycle+1","REME_Repentance+1"],"picked":"MarkedMod:GracefulMovements","floor":49},{"not_picked":["MostiFishMod:Dust","Vault","REME_EmptyShield"],"picked":"MostiFishMod:Zero-Sum","floor":50}],"player_experience":107323,"relics_obtained":[{"floor":1.0,"key":"Question Card"},{"floor":8.0,"key":"infinitespire:Bottled Soul"},{"floor":10.0,"key":"SSSystem"},{"floor":12.0,"key":"MagicDraw2"},{"floor":16.0,"key":"ImportantClient"},{"floor":22.0,"key":"Happy Flower"},{"floor":23.0,"key":"Replay:Wax Seal"},{"floor":26.0,"key":"Replay:Bottled Snecko"},{"floor":29,"key":"Replay:Ringing Soul"},{"floor":37,"key":"Mirror"},{"floor":43,"key":"MagicDraw1"},{"floor":45,"key":"Oddly Smooth Stone"},{"floor":46,"key":"Orichalcum"},{"floor":47,"key":"CatCart"}],"event_choices":[{"damage_healed":0.0,"max_hp_gain":0.0,"max_hp_loss":0.0,"gold_gain":0.0,"event_name":"Golden Idol","player_choice":"Take Damage","floor":2.0,"gold_loss":0.0,"damage_taken":18.0,"relics_obtained":["Golden Idol"]},{"damage_healed":0.0,"max_hp_gain":0.0,"max_hp_loss":0.0,"gold_gain":0.0,"event_name":"Ghosts","player_choice":"Ignored","floor":27.0,"gold_loss":0.0,"damage_taken":0.0},{"cards_removed":["FearNoEvil"],"damage_healed":0,"gold_gain":0,"player_choice":"Gave Gold","damage_taken":0,"max_hp_gain":0,"max_hp_loss":0,"event_name":"Beggar","floor":31,"gold_loss":75},{"cards_removed":["Defend_P"],"damage_healed":0,"gold_gain":0,"player_choice":"Removed Skill","damage_taken":0,"max_hp_gain":0,"max_hp_loss":0,"event_name":"Falling","floor":42,"gold_loss":0},{"damage_healed":0,"gold_gain":0,"player_choice":"Fight","damage_taken":0,"max_hp_gain":0,"max_hp_loss":0,"event_name":"OrinTheCat","floor":47,"gold_loss":0}],"is_beta":false,"boss_relics":[{"not_picked":["Kintsugi","SynthV:MejaisSoulstealer"],"picked":"Replay:Grab Bag"},{"not_picked":["Velvet Choker","Runic Dome"],"picked":"Fusion Hammer"},{"not_picked":["ChewingGum","Cursed Key"],"picked":"SlaversCollar"},{"not_picked":["Snecko Eye","Hololive_TopUpMoneyS"],"picked":"aspiration:SecretTechniqueScroll"},{"not_picked":["aspiration:PoetsPen_weak","Calling Bell"],"picked":"RedLine:ReiMu"},{"not_picked":["Hololive_ChaosS","Honey Jar"],"picked":"GuanYuAspect"},{"not_picked":["BloodWine","Tiny House"],"picked":"HolyWater"}],"items_purged_floors":[48],"is_endless":true,"potions_floor_spawned":[4,5,8,12,18,23,29,33,38,45],"ascension_level":2}}