{"host":"7mrmd33mpx7q5wx9","time":1608443737,"event":{"mods":["AchievementEnabler","BaseMod","Colored Map","Defuse TimeMaze Blight","Minty Spire (QoL Compilation)","Permanent Neow","Quick Restart","StSLib","SuperFastMode","slay the spire mod where everything is the same but ironclad has a cowboy hat"],"gold_per_floor":[113,113,132,145,245,245,286,286,309,309,349,349,372,392,392,392,392],"floor_reached":16,"playtime":493,"items_purged":[],"score":110,"play_id":"b70b6f26-d06b-4eda-8a3a-67c866488b42","local_time":"20201219235537","is_ascension_mode":false,"campfire_choices":[{"data":"Bash","floor":6,"key":"SMITH"},{"data":"Carnage","floor":8,"key":"SMITH"},{"data":"Sever Soul","floor":10,"key":"SMITH"},{"floor":12,"key":"REST"},{"data":"Flame Barrier","floor":15,"key":"SMITH"}],"circlet_count":0,"master_deck":["Strike_R","Strike_R","Strike_R","Strike_R","Strike_R","Defend_R","Defend_R","Defend_R","Defend_R","Bash+1","Doubt","Carnage+1","Headbutt","Sever Soul+1","Flame Barrier+1"],"relics":["Burning Blood","Charon\u0027s Ashes","Golden Idol","Oddly Smooth Stone","Art of War","The Courier"],"acts_visited":["Exordium"],"potions_floor_usage":[11,11,13],"damage_taken":[{"damage":8,"enemies":"Jaw Worm","floor":1,"turns":4},{"damage":10,"enemies":"2 Louse","floor":3,"turns":3},{"damage":1,"enemies":"Cultist","floor":4,"turns":3},{"damage":25,"enemies":"Gremlin Nob","floor":7,"turns":4},{"damage":27,"enemies":"Lagavulin","floor":11,"turns":4},{"damage":7,"enemies":"Gremlin Gang","floor":13,"turns":3},{"damage":0,"enemies":"3 Louse","floor":14,"turns":2},{"damage":53,"enemies":"Hexaghost","floor":16,"turns":11}],"seed_played":"-5846363044748496641","potions_obtained":[{"floor":3,"key":"ColorlessPotion"},{"floor":4,"key":"Fire Potion"},{"floor":7,"key":"SkillPotion"}],"is_trial":false,"path_per_floor":["M","?","M","M","?","R","E","R","T","R","E","R","M","M","R","B"],"character_chosen":"IRONCLAD","items_purchased":[],"campfire_rested":1,"item_purchase_floors":[],"current_hp_per_floor":[78,58,54,59,59,59,40,40,40,40,19,43,42,48,48,0,0],"gold":392,"neow_bonus":"ONE_RARE_RELIC","is_daily":false,"chose_seed":false,"campfire_upgraded":4,"win_rate":0.0,"timestamp":1608443737,"path_taken":["M","?","M","M","?","R","E","R","T","R","E","R","?","M","R","BOSS"],"items_purchased_type":[],"build_version":"2020-12-13","purchased_purges":0,"victory":false,"max_hp_per_floor":[80,80,80,80,80,80,80,80,80,80,80,80,80,80,80,80,80],"card_choices":[{"not_picked":["Havoc","Blood for Blood"],"picked":"Carnage","floor":1},{"not_picked":["Rampage","Anger"],"picked":"Headbutt","floor":3},{"not_picked":["Entrench","Bloodletting"],"picked":"Sever Soul","floor":4},{"not_picked":["Barricade","Dual Wield","Sever Soul"],"picked":"SKIP","floor":7},{"not_picked":["Second Wind","Headbutt"],"picked":"Flame Barrier","floor":11},{"not_picked":["Rampage","Body Slam","Perfected Strike"],"picked":"SKIP","floor":13},{"not_picked":["Body Slam","Headbutt","Heavy Blade"],"picked":"SKIP","floor":14}],"player_experience":334706,"relics_obtained":[{"floor":7,"key":"Oddly Smooth Stone"},{"floor":9,"key":"Art of War"},{"floor":11,"key":"The Courier"}],"event_choices":[{"damage_healed":0,"gold_gain":0,"player_choice":"Take Damage","damage_taken":20,"relics_obtained":["Golden Idol"],"max_hp_gain":0,"max_hp_loss":0,"event_name":"Golden Idol","floor":2,"gold_loss":0},{"damage_healed":0,"gold_gain":100,"player_choice":"Gold","damage_taken":0,"max_hp_gain":0,"max_hp_loss":0,"event_name":"Wheel of Change","floor":5,"gold_loss":0}],"is_beta":false,"boss_relics":[],"items_purged_floors":[],"is_endless":false,"potions_floor_spawned":[3,4,7],"killed_by":"Hexaghost","ascension_level":0}}