{"host":"1hzg86ju9fvxh562","time":1608430004,"event":{"mods":["AchievementEnabler","Act Like it!","AlwaysNeverKeys","BaseMod","Bestiary","Better Altar","Better Match","Better Note","Better Sensory Stone","Better Skull","Better Third Choice","Colored Map","Colored Powertips","Curses Come First","Displayed Cursed Tome","Downfall","Filter the Spire","Highlight Path","Keyboard Shortcuts","Minty Spire (QoL Compilation)","Rare Cards Sparkle","Relic Sorter","Relic Stats","Spicy Shops","StSLib","everything is the same but u backflip on backflip","slay the spire mod where everything is the same but ironclad has a cowboy hat"],"gold_per_floor":[119,137,147,165,179,179,179,179,197,297,328,347,197,230,230,330,330,343,358,376,526,542,41,41,41,58,58,69,101,118,149,149,244,244,264,264,317,333,178,208,258,258,258,272,70,70,86,86,11,11,11,44,44,44,44],"floor_reached":56,"playtime":9984,"items_purged":["champ:Defend","Regret","champ:Defend"],"score":1581,"play_id":"6c88be51-0520-4890-87bc-1ea51643f55e","local_time":"20201220000644","is_ascension_mode":false,"campfire_choices":[{"data":"champ:Taunt","floor":13,"key":"SMITH"},{"floor":15,"key":"REST"},{"data":"champ:BerserkerStyle","floor":32,"key":"SMITH"},{"floor":43,"key":"RECALL"},{"data":"champ:SwordThrow","floor":49,"key":"SMITH"},{"data":"champ:DeathBlow","floor":54,"key":"SMITH"}],"circlet_count":0,"master_deck":["champ:Strike","champ:Strike","champ:Defend","champ:Execute","champ:Taunt+1","champ:BerserkersShout","champ:DeathBlow+1","champ:Backstep","champ:HoldFirm+1","champ:Backstep","champ:ShieldThrow","champ:BerserkersShout","champ:CheapShot","champ:CheapShot","champ:TornadoPunch","champ:Backstep","champ:SwordThrow+1","champ:ArenaPreparation","champ:BerserkerStyle+1","champ:AdrenalArmor+1","champ:CheapShot","champ:HoldFirm+1","champ:BerserkerStyle","champ:BerserkerStyle","champ:FaceSlap"],"relics":["champ:ChampionCrown","champ:FightingForDummies","Blue Candle","Juzu Bracelet","downfall:HeartBlessingGreen","downfall:HeartBlessingBlue","Snecko Eye","Anchor","Sundial","Pocketwatch","Oddly Smooth Stone","Orichalcum","Coffee Dripper","Art of War","Calipers","Medical Kit","Pen Nib","Toy Ornithopter","Pantograph","downfall:HeartBlessingRed","Eternal Feather"],"acts_visited":["Exordium","TheCity","TheBeyond","TheEnding"],"potions_floor_usage":[10,10,16,39,40],"damage_taken":[{"damage":10.0,"enemies":"Cultist","floor":1.0,"turns":4.0},{"damage":8.0,"enemies":"2 Louse","floor":2.0,"turns":3.0},{"damage":26.0,"enemies":"Small Slimes","floor":3.0,"turns":3.0},{"damage":20.0,"enemies":"3 Louse","floor":4.0,"turns":2.0},{"damage":21.0,"enemies":"2 Fungi Beasts","floor":5.0,"turns":3.0},{"damage":47.0,"enemies":"Large Slime","floor":9.0,"turns":8.0},{"damage":47,"enemies":"downfall:Heads","floor":10,"turns":9},{"damage":24,"enemies":"3 Sentries","floor":11,"turns":8},{"damage":14,"enemies":"Exordium Thugs","floor":12,"turns":6},{"damage":28,"enemies":"Lagavulin","floor":14,"turns":5},{"damage":49,"enemies":"downfall:Ironclad","floor":16,"turns":10},{"damage":20,"enemies":"Spheric Guardian","floor":18,"turns":2},{"damage":82,"enemies":"Centurion and Healer","floor":19,"turns":10},{"damage":60,"enemies":"Snecko","floor":20,"turns":7},{"damage":69,"enemies":"Shelled Parasite and Fungi","floor":22,"turns":5},{"damage":51,"enemies":"downfall:FleeingMerchant","floor":23,"turns":4},{"damage":31,"enemies":"Sentry and Sphere","floor":26,"turns":3},{"damage":25,"enemies":"Snake Plant","floor":28,"turns":2},{"damage":46,"enemies":"Slavers","floor":29,"turns":6},{"damage":81,"enemies":"Chosen and Byrds","floor":30,"turns":5},{"damage":56,"enemies":"Book of Stabbing","floor":31,"turns":4},{"damage":92,"enemies":"downfall:Watcher","floor":33,"turns":6},{"damage":16,"enemies":"3 Shapes","floor":35,"turns":5},{"damage":51,"enemies":"3 Darklings","floor":38,"turns":3},{"damage":63,"enemies":"downfall:FleeingMerchant","floor":39,"turns":5},{"damage":73,"enemies":"Reptomancer","floor":40,"turns":6},{"damage":78,"enemies":"Writhing Mass","floor":44,"turns":5},{"damage":38,"enemies":"Sphere and 2 Shapes","floor":47,"turns":3},{"damage":50,"enemies":"downfall:Silent","floor":50,"turns":5},{"damage":83,"enemies":"downfall:CharBossMerchant","floor":52,"turns":6},{"damage":164,"enemies":"downfall:NeowBoss","floor":55,"turns":14}],"seed_played":"-3167796666493734751","potions_obtained":[{"floor":2.0,"key":"CultistPotion"},{"floor":9.0,"key":"SkillPotion"},{"floor":12,"key":"ColorlessPotion"},{"floor":16,"key":"Dexterity Potion"},{"floor":18,"key":"Swift Potion"},{"floor":22,"key":"Fire Potion"},{"floor":28,"key":"ColorlessPotion"},{"floor":40,"key":"ColorlessPotion"}],"is_trial":false,"path_per_floor":["M","M","M","M","M","?","T","?","M","?","E","M","R","E","R","B",null,"M","M","M","?","M","$","T","?","M","?","M","E","M","E","R","B",null,"M","?","?","M","$","E","T","?","R","M","$","T","M","$","R","B",null,"E","$","R","B",null],"character_chosen":"THE_CHAMP","items_purchased":["Anchor","Sundial","Calipers","Fruit Juice","Medical Kit","champ:FaceSlap"],"campfire_rested":1,"item_purchase_floors":[23,23,39,39,39,45],"current_hp_per_floor":[94,91,91,91,90,90,90,68,52,25,25,19,29,36,70,70,116,116,121,121,121,121,121,121,121,121,121,121,126,126,126,126,126,126,123,123,123,123,128,128,128,128,128,128,128,128,128,128,128,126,131,128,128,131,128],"gold":44,"neow_bonus":"TEN_PERCENT_HP_BONUS","is_daily":false,"chose_seed":false,"campfire_upgraded":4,"win_rate":0.0,"timestamp":1608430004,"path_taken":["M","M","M","?","M","?","T","?","M","?","E","M","R","E","R","BOSS","M","M","M","?","M","$","T","?","M","?","M","E","M","E","R","BOSS","M","?","?","M","?","E","T","?","R","M","$","?","M","$","R","BOSS","E","$","R","BOSS"],"items_purchased_type":["Relic","Relic","Relic","Potion","Relic","Card"],"build_version":"2020-12-13","purchased_purges":3,"victory":true,"max_hp_per_floor":[99,99,99,99,99,99,99,99,99,99,99,99,109,116,116,116,116,116,121,121,121,121,121,121,121,121,121,121,126,126,126,126,126,126,126,126,126,126,131,131,131,131,131,131,131,131,131,131,131,131,131,131,131,131,131],"relic_stats":{"counters":[31,167],"Blue Candle":[3],"Eternal Feather":3,"Pen Nib":[5],"Juzu Bracelet":0,"Orichalcum":[6],"Medical Kit":[0],"Sundial":[12],"Pantograph":3,"Snecko Eye":[196,208,188,199],"Art of War":[7],"obtain_stats":[{"Calipers":39,"downfall:HeartBlessingRed":49,"Blue Candle":8,"Oddly Smooth Stone":29,"champ:ChampionCrown":0,"downfall:HeartBlessingGreen":13,"Eternal Feather":52,"Pen Nib":40,"Juzu Bracelet":11,"Orichalcum":31,"Medical Kit":39,"Anchor":23,"downfall:HeartBlessingBlue":13,"Sundial":23,"Strawberry":14,"Pantograph":46,"Snecko Eye":17,"Coffee Dripper":34,"Art of War":37,"champ:FightingForDummies":8,"Toy Ornithopter":41,"Pocketwatch":24},{"Calipers":25,"downfall:HeartBlessingRed":28,"Blue Candle":5,"Oddly Smooth Stone":19,"champ:ChampionCrown":0,"downfall:HeartBlessingGreen":9,"Eternal Feather":30,"Pen Nib":26,"Juzu Bracelet":8,"Orichalcum":21,"Medical Kit":25,"Anchor":16,"downfall:HeartBlessingBlue":9,"Sundial":16,"Strawberry":10,"Pantograph":27,"Snecko Eye":11,"Coffee Dripper":22,"Art of War":23,"champ:FightingForDummies":5,"Toy Ornithopter":26,"Pocketwatch":16},{"Calipers":128,"downfall:HeartBlessingRed":142,"Blue Candle":15,"Oddly Smooth Stone":100,"champ:ChampionCrown":0,"downfall:HeartBlessingGreen":46,"Eternal Feather":153,"Pen Nib":134,"Juzu Bracelet":40,"Orichalcum":109,"Medical Kit":128,"Anchor":89,"downfall:HeartBlessingBlue":46,"Sundial":89,"Strawberry":51,"Pantograph":139,"Snecko Eye":61,"Coffee Dripper":115,"Art of War":120,"champ:FightingForDummies":15,"Toy Ornithopter":134,"Pocketwatch":89}],"Toy Ornithopter":0,"Pocketwatch":[48]},"card_choices":[{"not_picked":["champ:BladeFlurry","champ:DefensiveShout"],"picked":"champ:BerserkersShout","floor":1.0},{"not_picked":["champ:Haymaker","champ:FlashCut"],"picked":"champ:DeathBlow","floor":2.0},{"not_picked":["champ:FlashCut","champ:EnragedBash"],"picked":"champ:Backstep","floor":3.0},{"not_picked":["champ:StanceDance","champ:Backstep"],"picked":"champ:HoldFirm","floor":4.0},{"not_picked":["champ:Haymaker","champ:Circumvent"],"picked":"champ:Backstep","floor":5.0},{"not_picked":["champ:StanceDance","champ:GladiatorStyle"],"picked":"champ:ShieldThrow","floor":9.0},{"not_picked":["champ:Circumvent","champ:GladiatorsShout"],"picked":"champ:BerserkersShout","floor":10},{"not_picked":["champ:FocusedDefense","champ:TornadoPunch"],"picked":"champ:CheapShot","floor":11},{"not_picked":["champ:FocusedGladiator","champ:BladeFlurry"],"picked":"champ:TornadoPunch","floor":12},{"not_picked":["champ:BladeFlurry","champ:FaceSlap"],"picked":"champ:Backstep","floor":14},{"not_picked":["champ:StrikeOfGenius","champ:MurderStrike"],"picked":"champ:SwordThrow","floor":16},{"not_picked":["champ:AdrenalArmor","champ:FocusedBerserking"],"picked":"champ:FightOn","floor":18},{"not_picked":["champ:RapidStrikes+1","champ:Haymaker","champ:FanOfKnives"],"picked":"SKIP","floor":19},{"not_picked":["champ:Haymaker","champ:StanceDance"],"picked":"champ:ArenaPreparation","floor":20},{"not_picked":["champ:FanOfKnives","champ:Haymaker","champ:Circumvent+1"],"picked":"SKIP","floor":22},{"not_picked":["champ:FlashCut","champ:BringItOn"],"picked":"champ:BerserkerStyle","floor":23},{"not_picked":["champ:ShieldWall","champ:Circumvent","champ:PreciseThrust"],"picked":"SKIP","floor":26},{"not_picked":["champ:PerfectedStrike","champ:AdrenalArmor"],"picked":"champ:FightOn","floor":28},{"not_picked":["champ:Backstep+1","champ:Circumvent"],"picked":"champ:AdrenalArmor+1","floor":29},{"not_picked":["champ:PerfectedStrike+1","champ:StanceDance","champ:Encircle+1"],"picked":"SKIP","floor":30},{"not_picked":["champ:ArenaPreparation+1","champ:HeavySlash","champ:CrookedStrike"],"picked":"SKIP","floor":31},{"not_picked":["champ:Improvising","champ:MurderStrike"],"picked":"champ:CheapShot","floor":33},{"not_picked":["champ:TornadoPunch","champ:StanceDance","champ:BladeFlurry"],"picked":"SKIP","floor":35},{"not_picked":["champ:StanceDance","champ:FightOn"],"picked":"champ:BerserkerStyle","floor":38},{"not_picked":["champ:TornadoPunch","champ:DefensiveShout","champ:Haymaker"],"picked":"SKIP","floor":39},{"not_picked":["champ:FocusedDefense+1","champ:FocusedGladiator","champ:GladiatorsShout"],"picked":"SKIP","floor":40},{"not_picked":["champ:BladeFlurry","champ:GladiatorsShout"],"picked":"champ:BerserkerStyle","floor":44},{"not_picked":["champ:AdrenalArmor","champ:EnGarde+1","champ:PerfectForm"],"picked":"SKIP","floor":47},{"not_picked":["champ:Backstep+1","champ:BladeFlurry+1","champ:EnragedBash+1"],"picked":"SKIP","floor":52}],"player_experience":439565,"relics_obtained":[{"floor":11,"key":"Juzu Bracelet"},{"floor":14,"key":"Strawberry"},{"floor":24,"key":"Pocketwatch"},{"floor":29,"key":"Oddly Smooth Stone"},{"floor":31,"key":"Orichalcum"},{"floor":37,"key":"Art of War"},{"floor":40,"key":"Pen Nib"},{"floor":41,"key":"Toy Ornithopter"},{"floor":46,"key":"Pantograph"},{"floor":52,"key":"Eternal Feather"}],"event_choices":[{"damage_healed":0.0,"max_hp_gain":0.0,"max_hp_loss":0.0,"gold_gain":1.0,"event_name":"betterThird:BetterScrap","player_choice":"Relic Relic ","floor":8.0,"gold_loss":0.0,"damage_taken":22.0,"cards_obtained":["Thunder Strike"]},{"cards_removed":["champ:HoldFirm"],"damage_healed":0,"gold_gain":0,"player_choice":"Give","damage_taken":0,"max_hp_gain":0,"max_hp_loss":0,"event_name":"betterNote:BetterNote","floor":25,"gold_loss":0,"cards_obtained":["None"]},{"damage_healed":0,"gold_gain":0,"player_choice":"Ignored","damage_taken":0,"max_hp_gain":0,"max_hp_loss":0,"event_name":"Ghosts","floor":27,"gold_loss":0},{"damage_healed":0,"gold_gain":3,"player_choice":"4","damage_taken":0,"max_hp_gain":0,"max_hp_loss":0,"event_name":"betterStone:BetterStone","floor":36,"gold_loss":0,"cards_obtained":["champ:HoldFirm"]},{"cards_removed":["champ:Defend"],"damage_healed":0,"gold_gain":0,"player_choice":"Removed Skill","damage_taken":0,"max_hp_gain":0,"max_hp_loss":0,"event_name":"Falling","floor":42,"gold_loss":0}],"is_beta":false,"boss_relics":[{"not_picked":["Black Star","Cursed Key"],"picked":"Snecko Eye"},{"not_picked":["Empty Cage","SacredBark"],"picked":"Coffee Dripper"}],"items_purged_floors":[23,39,45],"is_endless":false,"potions_floor_spawned":[2,9,12,16,18,22,28,29,30,31,40],"ascension_level":0}}