{"host":"njruw0b0uprlitpx","time":1608439015,"event":{"mods":["2.2 Compatiblity","Astrologer","BaseMod","Better Altar","Better Note","Better Sensory Stone","Better Skull","Better Third Choice","BetterRewards","Block Reminder","Colored Map","Colored Powertips","Hermit","Jedi Mod","Keyboard Shortcuts","Minty Spire (QoL Compilation)","Quick Restart","Relic Stats","Replay The Spire","SacredBarkPlus","Spicy Shops","StSLib","SuperFastMode","The Blackbeard","The Bug Knight","The Construct","The Evolution","The Forsaken","The Mystic","The Problem Sleuth","The Runesmith","The Spell Scribe","Wandering Minibosses"],"gold_per_floor":[167,11,11,11,29,67,67,88,88,88,103,117,117,217,217,338,338,382,382,106,30,30,30,101,101,152,186,255,308,361,424,424,439,439,482,482,152,188,257,257,361,361,361,361,440,440,165,165,165,165],"floor_reached":51,"playtime":4163,"items_purged":["Clumsy","astrologer:NorthStar","Writhe"],"score":847,"play_id":"0d808c72-0df5-4b3e-af12-22630fbf4201","local_time":"20201219223655","is_ascension_mode":false,"campfire_choices":[{"floor":7.0,"key":"REST"},{"data":"astrologer:Death","floor":10.0,"key":"SMITH"},{"data":"astrologer:CosmicExpanse","floor":13.0,"key":"SMITH"},{"data":"astrologer:Shine","floor":15.0,"key":"SMITH"},{"data":"Sadistic Nature","floor":23.0,"key":"SMITH"},{"data":"astrologer:Alignment","floor":25.0,"key":"SMITH"},{"floor":32.0,"key":"REST"},{"data":"astrologer:NeutronStar","floor":40.0,"key":"SMITH"},{"floor":46.0,"key":"REST"},{"data":"astrologer:MeteorShower+1","floor":49.0,"key":"PURGE"}],"circlet_count":0,"master_deck":["astrologer:TheFool+1","astrologer:Eclipse+1","astrologer:Shine+1","Sadistic Nature+1","astrologer:CosmicExpanse+1","astrologer:SpaceDust+1","astrologer:Death+1","astrologer:SolarFlare+1","astrologer:Fireball+1","astrologer:Fate+1","astrologer:FadingStar+1","astrologer:StarOfRegret+1","astrologer:TheTower+1","Violence+1","astrologer:TheMoon+1","astrologer:Alignment+1","astrologer:Prismatic+1","astrologer:GlassStar+1","astrologer:CometStrike+1","astrologer:Strength+1","astrologer:TheHermit+1","astrologer:Radiance+1","astrologer:NeutronStar+1","astrologer:HeatDeath+1","astrologer:Moonlight+1","astrologer:Divination+1","ReplayUltimateDefense+1","astrologer:SolarFlare+1","theForsaken:Mantra+1","astrologer:Nova+1","Madness+1"],"relics":["astrologer:SkyMirror","Tiny House","Velvet Choker","ClockworkSouvenir","Golden Idol","jedi:gremlinknob","Peace Pipe","Replay:Ancient Bell","Replay:Bandana","astrologer:Telescope","Replay:PocketPolymizer","Membership Card","BargainBundle","Replay:Baseball","Meat on the Bone","Divine Protection","Gremlin Food","Oddly Smooth Stone","Pet Ghost","Empty Cage","Cursed Key","Golden Egg","War Paint","Bag of Preparation","jedi:ominousloannote","Cauldron","Lizard Tail","Mirror","Happy Flower","Regal Pillow","Mark of the Bloom"],"acts_visited":["Exordium","TheCity","TheBeyond"],"potions_floor_usage":[50,50,50,50,50,50],"damage_taken":[{"damage":1.0,"enemies":"Jaw Worm","floor":1.0,"turns":2.0},{"damage":0.0,"enemies":"Small Slimes","floor":5.0,"turns":2.0},{"damage":22.0,"enemies":"3 Sentries","floor":6.0,"turns":8.0},{"damage":0.0,"enemies":"Cultist","floor":8.0,"turns":3.0},{"damage":0.0,"enemies":"Looter","floor":11.0,"turns":3.0},{"damage":7.0,"enemies":"Exordium Thugs","floor":12.0,"turns":4.0},{"damage":22.0,"enemies":"Hexaghost","floor":16.0,"turns":8.0},{"damage":0.0,"enemies":"Chosen","floor":18.0,"turns":3.0},{"damage":0.0,"enemies":"Gremlin Leader","floor":24.0,"turns":2.0},{"damage":0.0,"enemies":"Spheric Guardian","floor":27.0,"turns":2.0},{"damage":0.0,"enemies":"Centurion and Healer","floor":28.0,"turns":4.0},{"damage":0.0,"enemies":"Cultist and Chosen","floor":29.0,"turns":4.0},{"damage":12.0,"enemies":"Snecko","floor":30.0,"turns":4.0},{"damage":10.0,"enemies":"Shelled Parasite and Fungi","floor":31.0,"turns":4.0},{"damage":35.0,"enemies":"Collector","floor":33.0,"turns":7.0},{"damage":3.0,"enemies":"3 Shapes","floor":35.0,"turns":4.0},{"damage":0.0,"enemies":"Orb Walker","floor":38.0,"turns":2.0},{"damage":0.0,"enemies":"4 Shapes","floor":39.0,"turns":2.0},{"damage":0.0,"enemies":"Sphere and 2 Shapes","floor":41.0,"turns":3.0},{"damage":0.0,"enemies":"Writhing Mass","floor":44.0,"turns":1.0},{"damage":25.0,"enemies":"Giant Head","floor":45.0,"turns":7.0},{"damage":0,"enemies":"Time Eater","floor":50,"turns":6}],"seed_played":"-9138253990403579543","potions_obtained":[{"floor":0.0,"key":"EntropicBrew"},{"floor":6.0,"key":"Fire Potion"},{"floor":11.0,"key":"Fruit Juice"},{"floor":12.0,"key":"ColorlessPotion"},{"floor":16.0,"key":"SmokeBomb"},{"floor":41.0,"key":"Energy Potion"},{"floor":47.0,"key":"EntropicBrew"},{"floor":47.0,"key":"Cursed Concoction"}],"is_trial":false,"path_per_floor":["M","$","?","?","M","E","R","M","T","R","M","M","R","?","R","B",null,"M","?","$","?","?","R","E","R","T","M","M","M","M","M","R","B",null,"M","?","$","M","M","R","M","?","T","M","E","R","$","?","R","B",null],"character_chosen":"ASTROLOGER","items_purchased":["Sadistic Nature","ClockworkSouvenir","Membership Card","BargainBundle","Replay:Baseball","Meat on the Bone","Divine Protection","Adrenaline Potion","SkillPotion","astrologer:StarOfRegret","astrologer:TheTower","Violence","Golden Egg","astrologer:Divination","Fruit Juice","PowerPotion","ReplayUltimateDefense","jedi:ominousloannote","Cauldron","Lizard Tail","Mirror","Happy Flower","Madness","Regal Pillow"],"campfire_rested":3,"item_purchase_floors":[2,2,20,20,20,20,20,20,20,20,20,20,37,37,37,37,37,47,47,47,47,47,47,47],"current_hp_per_floor":[74,74,56,56,56,49,71,71,71,71,76,69,69,69,69,47,80,80,80,80,80,80,80,80,80,80,80,80,80,68,58,80,45,80,77,77,82,82,82,82,82,82,82,82,57,82,82,82,82,82],"gold":165,"neow_bonus":"DOUBLE_BOSS_RELIC","is_daily":false,"chose_seed":false,"campfire_upgraded":6,"win_rate":0.0,"timestamp":1608439015,"path_taken":["M","$","?","?","M","E","R","M","T","R","M","?","R","?","R","BOSS","M","?","$","?","?","R","E","R","T","M","M","M","M","M","R","BOSS","M","?","$","M","?","R","M","?","T","M","E","R","$","?","R","BOSS"],"items_purchased_type":["Card","Relic","Relic","Relic","Relic","Relic","Relic","Potion","Potion","Card","Card","Card","Relic","Card","Potion","Potion","Card","Relic","Relic","Relic","Relic","Relic","Card","Relic"],"build_version":"2020-12-13","purchased_purges":3,"victory":true,"max_hp_per_floor":[75,75,75,75,75,75,75,75,75,75,80,80,80,80,80,80,80,80,80,80,80,80,80,80,80,80,80,80,80,80,80,80,80,80,80,80,85,85,85,85,85,85,85,85,85,85,85,85,85,85],"relic_stats":{"Peace Pipe":2,"Lizard Tail":0,"Regal Pillow":0,"Mark of the Bloom":0,"Happy Flower":[2],"counters":[22,85],"Golden Idol":153,"Bag of Preparation":[2],"War Paint":["astrologer:GlassStar","astrologer:SolarFlare"],"Cursed Key":1,"obtain_stats":[{"Divine Protection":20,"Golden Egg":37,"Regal Pillow":47,"Mark of the Bloom":48,"Tiny House":0,"Replay:PocketPolymizer":17,"astrologer:Telescope":17,"Bag of Preparation":45,"Empty Cage":34,"Cursed Key":34,"Pet Ghost":26,"ClockworkSouvenir":2,"Replay:Bandana":17,"Lizard Tail":47,"astrologer:SkyMirror":0,"Gremlin Food":21,"BargainBundle":20,"Happy Flower":47,"Golden Idol":3,"Velvet Choker":0,"jedi:gremlinknob":6,"Oddly Smooth Stone":24,"Replay:Ancient Bell":17,"War Paint":43,"Peace Pipe":9,"Cauldron":47,"Replay:Baseball":20,"jedi:ominousloannote":47,"Membership Card":20,"Mirror":47,"Meat on the Bone":20},{"Divine Protection":8,"Golden Egg":16,"Regal Pillow":21,"Mark of the Bloom":21,"Tiny House":0,"Replay:PocketPolymizer":7,"astrologer:Telescope":7,"Bag of Preparation":21,"Empty Cage":15,"Cursed Key":15,"Pet Ghost":9,"ClockworkSouvenir":1,"Replay:Bandana":7,"Lizard Tail":21,"astrologer:SkyMirror":0,"Gremlin Food":8,"BargainBundle":8,"Happy Flower":21,"Golden Idol":1,"Velvet Choker":0,"jedi:gremlinknob":3,"Oddly Smooth Stone":9,"Replay:Ancient Bell":7,"War Paint":19,"Peace Pipe":4,"Cauldron":21,"Replay:Baseball":8,"jedi:ominousloannote":21,"Membership Card":8,"Mirror":21,"Meat on the Bone":8},{"Divine Protection":33,"Golden Egg":64,"Regal Pillow":79,"Mark of the Bloom":79,"Tiny House":0,"Replay:PocketPolymizer":30,"astrologer:Telescope":30,"Bag of Preparation":79,"Empty Cage":60,"Cursed Key":60,"Pet Ghost":35,"ClockworkSouvenir":2,"Replay:Bandana":30,"Lizard Tail":79,"astrologer:SkyMirror":0,"Gremlin Food":33,"BargainBundle":33,"Happy Flower":79,"Golden Idol":2,"Velvet Choker":0,"jedi:gremlinknob":12,"Oddly Smooth Stone":35,"Replay:Ancient Bell":30,"War Paint":71,"Peace Pipe":15,"Cauldron":79,"Replay:Baseball":33,"jedi:ominousloannote":79,"Membership Card":33,"Mirror":79,"Meat on the Bone":33}],"Meat on the Bone":0},"card_choices":[{"not_picked":["astrologer:ShiningStar","astrologer:Conjunction"],"picked":"astrologer:Eclipse","floor":0.0},{"not_picked":["astrologer:TheLovers","astrologer:Confirmation"],"picked":"astrologer:Shine","floor":1.0},{"not_picked":["astrologer:Radiance","astrologer:StarOfCourage"],"picked":"astrologer:CosmicExpanse","floor":5.0},{"not_picked":["astrologer:MeteorShower","astrologer:Eclipse"],"picked":"astrologer:SpaceDust","floor":6.0},{"not_picked":["astrologer:Still","astrologer:Eclipse"],"picked":"astrologer:Death","floor":8.0},{"not_picked":["astrologer:Justice","astrologer:Eclipse"],"picked":"astrologer:SolarFlare","floor":11.0},{"not_picked":["astrologer:Opposition","astrologer:Still"],"picked":"astrologer:Fireball","floor":12.0},{"not_picked":["astrologer:Death","astrologer:WheelofFortune"],"picked":"astrologer:Fate","floor":16.0},{"not_picked":["astrologer:MeteorShower","astrologer:ReadTheStars"],"picked":"astrologer:FadingStar","floor":18.0},{"not_picked":["astrologer:Opposition","astrologer:Moonlight"],"picked":"astrologer:Alignment","floor":24.0},{"not_picked":["astrologer:Eclipse+1","astrologer:CometStrike"],"picked":"astrologer:GlassStar","floor":27.0},{"not_picked":["astrologer:SpaceDust","astrologer:ReadTheStars+1"],"picked":"astrologer:CometStrike","floor":28.0},{"not_picked":["astrologer:ReadTheStars","astrologer:TheMoon+1"],"picked":"astrologer:Strength","floor":29.0},{"not_picked":["astrologer:ReadTheStars","astrologer:MeteorShower"],"picked":"astrologer:TheHermit","floor":30.0},{"not_picked":["astrologer:Premeditation","astrologer:Quincunx+1"],"picked":"astrologer:Radiance","floor":31.0},{"not_picked":["astrologer:MeteorShower","astrologer:CometStrike"],"picked":"astrologer:Moonlight","floor":35.0},{"not_picked":["astrologer:Still+1","astrologer:FadingStar+1"],"picked":"astrologer:SolarFlare+1","floor":38.0},{"not_picked":["astrologer:CometStrike","astrologer:Still+1","astrologer:Radiance"],"picked":"SKIP","floor":39.0},{"not_picked":["astrologer:FrozenStar+1","astrologer:Opposition+1","astrologer:SolarFlare"],"picked":"SKIP","floor":41.0},{"not_picked":["astrologer:Eclipse","astrologer:Moonlight"],"picked":"astrologer:Nova","floor":45.0}],"player_experience":1809826,"relics_obtained":[{"floor":6.0,"key":"jedi:gremlinknob"},{"floor":9.0,"key":"Peace Pipe"},{"floor":24.0,"key":"Oddly Smooth Stone"},{"floor":26.0,"key":"Pet Ghost"},{"floor":43.0,"key":"War Paint"},{"floor":45.0,"key":"Bag of Preparation"}],"event_choices":[{"damage_healed":0.0,"max_hp_gain":0.0,"max_hp_loss":0.0,"gold_gain":0.0,"event_name":"Golden Idol","player_choice":"Take Damage","floor":3.0,"gold_loss":0.0,"damage_taken":18.0,"relics_obtained":["Golden Idol"]},{"cards_removed":["astrologer:Strike"],"damage_healed":0.0,"max_hp_gain":0.0,"max_hp_loss":0.0,"gold_gain":0.0,"event_name":"Bonfire Elementals","player_choice":"Offered Basic","floor":4.0,"gold_loss":0.0,"damage_taken":0.0},{"damage_healed":0.0,"max_hp_gain":0.0,"max_hp_loss":0.0,"gold_gain":100.0,"event_name":"Golden Shrine","player_choice":"Pray","floor":14.0,"gold_loss":0.0,"damage_taken":0.0},{"damage_healed":0.0,"max_hp_gain":0.0,"max_hp_loss":0.0,"gold_gain":0.0,"cards_transformed":["astrologer:Defend"],"event_name":"Transmorgrifier","player_choice":"Transformed","floor":19.0,"gold_loss":0.0,"damage_taken":0.0,"cards_obtained":["astrologer:Temperance"]},{"damage_healed":0.0,"max_hp_gain":0.0,"max_hp_loss":0.0,"gold_gain":0.0,"event_name":"WeMeetAgain","player_choice":"Paid Gold","floor":21.0,"gold_loss":76.0,"damage_taken":0.0,"relics_obtained":["Gremlin Food"]},{"damage_healed":0.0,"max_hp_gain":0.0,"max_hp_loss":0.0,"gold_gain":0.0,"event_name":"Upgrade Shrine","player_choice":"Upgraded","floor":22.0,"gold_loss":0.0,"damage_taken":0.0,"cards_upgraded":["astrologer:Fate"]},{"cards_removed":["astrologer:Defend"],"damage_healed":0.0,"max_hp_gain":0.0,"max_hp_loss":0.0,"gold_gain":0.0,"event_name":"Purifier","player_choice":"Purged","floor":36.0,"gold_loss":0.0,"damage_taken":0.0},{"damage_healed":0.0,"max_hp_gain":0.0,"max_hp_loss":0.0,"gold_gain":3.0,"event_name":"betterStone:BetterStone","player_choice":"4","floor":42.0,"gold_loss":0.0,"damage_taken":0.0,"cards_obtained":["theForsaken:Mantra"]},{"damage_healed":0.0,"max_hp_gain":0.0,"max_hp_loss":0.0,"gold_gain":0.0,"event_name":"MindBloom","player_choice":"Upgrade","floor":48.0,"gold_loss":0.0,"damage_taken":0.0,"cards_upgraded":["astrologer:TheFool","astrologer:Eclipse","astrologer:SpaceDust","astrologer:FadingStar","astrologer:TheTower","Violence","astrologer:TheMoon","astrologer:Prismatic","astrologer:CometStrike","astrologer:Strength","astrologer:TheHermit","astrologer:Radiance","astrologer:HeatDeath","astrologer:Moonlight","astrologer:MeteorShower"],"relics_obtained":["Mark of the Bloom"]}],"is_beta":false,"boss_relics":[{"not_picked":["Black Star","Coffee Dripper"],"picked":"Replay:Ancient Bell"},{"not_picked":["Anchor","Toy Ornithopter"],"picked":"Replay:Bandana"},{"not_picked":["HornCleat","Replay:Bottled Steam"],"picked":"astrologer:Telescope"},{"not_picked":["Turnip","Calipers"],"picked":"Replay:PocketPolymizer"},{"not_picked":["Replay:Drink Me","Pandora\u0027s Box"],"picked":"Empty Cage"}],"items_purged_floors":[20,37,47],"is_endless":false,"potions_floor_spawned":[6,11,12,16,27,28,31,41,44],"ascension_level":0}}