{"host":"c6uvvgqwlxq4k23y","time":1608469188,"event":{"mods":["BaseMod","CapriCore","DeckTracker","Hermit","Minty Spire (QoL Compilation)","StSLib","SuperFastMode","The Cursed"],"gold_per_floor":[117,117,117,117,132,132,176,176,176,192,132,153,189,205,205,205,205],"floor_reached":16,"playtime":383,"items_purged":["TheCursedMod:Strike_TheCursed"],"score":135,"play_id":"cb442ca0-41e5-422f-8ce7-c257d80bfe4c","local_time":"20201220215948","is_ascension_mode":false,"campfire_choices":[{"data":"TheCursedMod:CursedWand","floor":6.0,"key":"SMITH"},{"data":"TheCursedMod:TacticalStrike","floor":8.0,"key":"SMITH"},{"data":"TheCursedMod:CleanUpWorkshop","floor":15,"key":"SMITH"}],"circlet_count":0,"master_deck":["TheCursedMod:Strike_TheCursed","TheCursedMod:Strike_TheCursed","TheCursedMod:Strike_TheCursed","TheCursedMod:Defend_TheCursed","TheCursedMod:Defend_TheCursed","TheCursedMod:Defend_TheCursed","TheCursedMod:Defend_TheCursed","TheCursedMod:CursedWand+1","TheCursedMod:CleanUpWorkshop+1","TheCursedMod:Dregs","TheCursedMod:TacticalStrike+1","TheCursedMod:WearCloak","TheCursedMod:SpitefulStrike+1","TheCursedMod:CursedMace+1","TheCursedMod:Stigma+1"],"relics":["TheCursedMod:BlackMagic101","NeowsBlessing","The Courier","Golden Idol","Molten Egg 2","InkBottle","Lantern"],"acts_visited":["Exordium"],"potions_floor_usage":[],"damage_taken":[{"damage":0.0,"enemies":"Jaw Worm","floor":1.0,"turns":1.0},{"damage":0.0,"enemies":"2 Louse","floor":5.0,"turns":1.0},{"damage":0.0,"enemies":"Gremlin Nob","floor":7.0,"turns":1.0},{"damage":0.0,"enemies":"Cultist","floor":10.0,"turns":3.0},{"damage":0,"enemies":"Lots of Slimes","floor":12,"turns":4},{"damage":13,"enemies":"3 Sentries","floor":13,"turns":8},{"damage":0,"enemies":"Large Slime","floor":14,"turns":3},{"damage":23,"enemies":"The Guardian","floor":16,"turns":8}],"seed_played":"7131897708679335762","potions_obtained":[{"floor":1.0,"key":"CultistPotion"},{"floor":14,"key":"SpeedPotion"}],"is_trial":false,"path_per_floor":["M","?","?","?","M","R","E","R","T","M","$","M","E","M","R","B"],"character_chosen":"THE_CURSED","items_purchased":[],"campfire_rested":0,"item_purchase_floors":[],"current_hp_per_floor":[75,68,50,50,50,50,50,50,50,50,50,50,37,37,37,14,14],"gold":205,"neow_bonus":"THREE_ENEMY_KILL","is_daily":false,"chose_seed":false,"campfire_upgraded":3,"win_rate":0.0,"timestamp":1608469188,"path_taken":["M","?","?","?","M","R","E","R","T","M","$","M","E","M","R","BOSS"],"items_purchased_type":[],"build_version":"2020-12-13","purchased_purges":1,"victory":false,"max_hp_per_floor":[75,75,75,75,75,75,75,75,75,75,75,75,75,75,75,75,75],"card_choices":[{"not_picked":["TheCursedMod:Evocation","TheCursedMod:Obscuration"],"picked":"TheCursedMod:TacticalStrike","floor":1.0},{"not_picked":["TheCursedMod:TroublousMinions","TheCursedMod:CircleOfFlame"],"picked":"TheCursedMod:WearCloak","floor":5.0},{"not_picked":["TheCursedMod:Mangle+1","TheCursedMod:Stigma+1"],"picked":"TheCursedMod:SpitefulStrike+1","floor":7.0},{"not_picked":["TheCursedMod:FleshFromBone","TheCursedMod:Torture","TheCursedMod:SpitefulPlan"],"picked":"SKIP","floor":10.0},{"not_picked":["TheCursedMod:CircleOfCorruption","TheCursedMod:CircleOfFlame"],"picked":"TheCursedMod:CursedMace+1","floor":12},{"not_picked":["TheCursedMod:SpitefulStrike+1","TheCursedMod:CircleOfAmplification"],"picked":"TheCursedMod:Stigma+1","floor":13},{"not_picked":["TheCursedMod:TacticalStrike+1","TheCursedMod:CursedMace+1","TheCursedMod:Stretching"],"picked":"SKIP","floor":14}],"player_experience":327143,"relics_obtained":[{"floor":7.0,"key":"Molten Egg 2"},{"floor":9.0,"key":"InkBottle"},{"floor":13,"key":"Lantern"}],"event_choices":[{"damage_healed":0.0,"max_hp_gain":0.0,"max_hp_loss":0.0,"gold_gain":0.0,"event_name":"Scrap Ooze","player_choice":"Success","floor":2.0,"gold_loss":0.0,"damage_taken":7.0,"relics_obtained":["The Courier"]},{"damage_healed":0.0,"max_hp_gain":0.0,"max_hp_loss":0.0,"gold_gain":0.0,"event_name":"Golden Idol","player_choice":"Take Damage","floor":3.0,"gold_loss":0.0,"damage_taken":18.0,"relics_obtained":["Golden Idol"]},{"damage_healed":0.0,"max_hp_gain":0.0,"max_hp_loss":0.0,"gold_gain":0.0,"event_name":"Match and Keep!","player_choice":"0 cards matched","floor":4.0,"gold_loss":0.0,"damage_taken":0.0,"cards_obtained":[]}],"is_beta":false,"boss_relics":[],"items_purged_floors":[11],"is_endless":false,"potions_floor_spawned":[1,14],"killed_by":"The Guardian","ascension_level":0}}