{"host":"nptej036rrbiurf5","time":1608472368,"event":{"mods":["BaseMod","Colored Map","Colored Powertips","DeckTracker","Minty Spire (QoL Compilation)","StSLib","SuperFastMode"],"gold_per_floor":[119,119,142,167,187,187,222,245,245,276,276,291,307,223,223,317,317,335,18,31,56,56,56,331,350,650,306,350,375,52,68,68,164,164,178,52,76,107,121,155,179,179,179,179,179,217,238,238,238,238,238,238],"floor_reached":51,"playtime":1488,"items_purged":["Regret"],"score":1532,"play_id":"628728af-dda3-402a-875e-3f1401fa416f","local_time":"20201220225248","is_ascension_mode":true,"campfire_choices":[{"data":"Perfected Strike","floor":6.0,"key":"SMITH"},{"data":"Perfected Strike","floor":15.0,"key":"SMITH"},{"data":"Offering","floor":23.0,"key":"SMITH"},{"data":"Dark Embrace","floor":32.0,"key":"SMITH"},{"data":"Double Tap","floor":44.0,"key":"SMITH"},{"data":"Perfected Strike","floor":49,"key":"SMITH"}],"circlet_count":0,"master_deck":["AscendersBane","Strike_R+1","Strike_R","Strike_R","Strike_R","Strike_R","Defend_R","Defend_R","Defend_R","Bash","Perfected Strike","Perfected Strike+1","Twin Strike+1","Perfected Strike+1","Impervious","Havoc+1","Perfected Strike+1","Seeing Red","Twin Strike","Rage","Dark Embrace+1","Offering+1","Havoc","Bloodletting","Intimidate+1","Pommel Strike","Shrug It Off","Impervious","Shockwave","Brutality","Havoc","Perfected Strike+1","Purity","Dark Embrace","Body Slam+1","Double Tap+1","Havoc","Perfected Strike"],"relics":["Burning Blood","Golden Idol","Whetstone","Paper Frog","Mercury Hourglass","Velvet Choker","Self Forming Clay","Old Coin","Strange Spoon","InkBottle","Omamori","Strawberry","Mark of Pain","Ginger","Prayer Wheel","Bottled Lightning","War Paint"],"acts_visited":["Exordium","TheCity","TheBeyond"],"potions_floor_usage":[50],"damage_taken":[{"damage":13.0,"enemies":"Cultist","floor":1.0,"turns":5.0},{"damage":15.0,"enemies":"Small Slimes","floor":3.0,"turns":4.0},{"damage":0.0,"enemies":"2 Louse","floor":4.0,"turns":2.0},{"damage":7.0,"enemies":"Looter","floor":5.0,"turns":3.0},{"damage":30.0,"enemies":"Lagavulin","floor":7.0,"turns":6.0},{"damage":7.0,"enemies":"Exordium Thugs","floor":8.0,"turns":3.0},{"damage":8.0,"enemies":"Gremlin Nob","floor":10.0,"turns":3.0},{"damage":5.0,"enemies":"3 Louse","floor":12.0,"turns":3.0},{"damage":0.0,"enemies":"2 Fungi Beasts","floor":13.0,"turns":2.0},{"damage":25.0,"enemies":"Slime Boss","floor":16.0,"turns":6.0},{"damage":0.0,"enemies":"Spheric Guardian","floor":18.0,"turns":1.0},{"damage":7.0,"enemies":"3 Byrds","floor":20.0,"turns":4.0},{"damage":6.0,"enemies":"Cultist and Chosen","floor":21.0,"turns":3.0},{"damage":0.0,"enemies":"Centurion and Healer","floor":25.0,"turns":3.0},{"damage":23.0,"enemies":"Slavers","floor":28.0,"turns":5.0},{"damage":0.0,"enemies":"Snake Plant","floor":29.0,"turns":1.0},{"damage":6.0,"enemies":"Cultist and Chosen","floor":31.0,"turns":4.0},{"damage":18.0,"enemies":"Collector","floor":33.0,"turns":5.0},{"damage":5.0,"enemies":"Orb Walker","floor":35.0,"turns":3.0},{"damage":11.0,"enemies":"3 Darklings","floor":37.0,"turns":6.0},{"damage":9.0,"enemies":"Mind Bloom Boss Battle","floor":38.0,"turns":6.0},{"damage":29.0,"enemies":"Writhing Mass","floor":39.0,"turns":3.0},{"damage":1.0,"enemies":"Nemesis","floor":40.0,"turns":3.0},{"damage":17.0,"enemies":"Sphere and 2 Shapes","floor":41.0,"turns":4.0},{"damage":10.0,"enemies":"Giant Head","floor":46.0,"turns":4.0},{"damage":17,"enemies":"3 Darklings","floor":47,"turns":4},{"damage":59,"enemies":"Donu and Deca","floor":50,"turns":6},{"damage":13,"enemies":"Awakened One","floor":51,"turns":1}],"seed_played":"-6590183487667696394","potions_obtained":[{"floor":1.0,"key":"Regen Potion"},{"floor":7.0,"key":"SmokeBomb"},{"floor":10.0,"key":"SpeedPotion"},{"floor":16.0,"key":"SkillPotion"},{"floor":28.0,"key":"SpeedPotion"},{"floor":31.0,"key":"EssenceOfSteel"},{"floor":38.0,"key":"Regen Potion"},{"floor":46.0,"key":"SpeedPotion"}],"is_trial":false,"path_per_floor":["M","?","M","M","M","R","E","M","T","E","?","M","M","$","R","B",null,"M","$","M","M","?","R","?","M","T","$","E","M","$","M","R","B",null,"M","$","M","?","M","E","M","?","T","R","?","E","M","?","R","B","B"],"character_chosen":"IRONCLAD","items_purchased":["Dark Embrace","Self Forming Clay","Swift Potion","Strange Spoon","Pommel Strike","Shrug It Off","Omamori","Strawberry","Perfected Strike","Purity"],"campfire_rested":0,"item_purchase_floors":[14,19,19,27,27,27,30,30,36,36],"current_hp_per_floor":[68,40,31,37,36,36,27,26,26,24,24,25,31,31,31,12,65,71,71,70,70,70,70,70,76,76,76,59,65,72,72,72,60,82,83,83,78,75,52,57,46,64,64,64,64,60,49,49,49,11,0,0],"gold":238,"neow_bonus":"TEN_PERCENT_HP_BONUS","is_daily":false,"chose_seed":false,"campfire_upgraded":6,"win_rate":0.0,"timestamp":1608472368,"path_taken":["M","?","M","M","M","R","E","M","T","E","?","M","M","$","R","BOSS","M","$","M","?","?","R","?","M","T","$","E","M","$","M","R","BOSS","M","$","M","?","M","E","M","?","T","R","?","E","?","?","R","BOSS","BOSS"],"items_purchased_type":["Card","Relic","Potion","Relic","Card","Card","Relic","Relic","Card","Card"],"build_version":"2020-12-13","purchased_purges":1,"victory":false,"max_hp_per_floor":[82,82,82,82,82,82,82,82,82,82,82,82,82,82,82,82,82,82,82,82,82,82,82,82,82,82,82,82,82,89,89,89,89,89,89,89,89,89,89,89,89,89,89,89,89,89,89,89,89,89,89,89],"card_choices":[{"not_picked":["Second Wind","Iron Wave"],"picked":"Perfected Strike","floor":1.0},{"not_picked":["Flex","Cleave"],"picked":"Perfected Strike","floor":3.0},{"not_picked":["Warcry","Flex"],"picked":"Twin Strike","floor":4.0},{"not_picked":["Clothesline","Blood for Blood"],"picked":"Perfected Strike","floor":5.0},{"not_picked":["Anger","Iron Wave"],"picked":"Impervious","floor":7.0},{"not_picked":["Armaments","True Grit"],"picked":"Havoc","floor":8.0},{"not_picked":["Feel No Pain","Berserk"],"picked":"Perfected Strike","floor":10.0},{"not_picked":["Rampage","Body Slam"],"picked":"Twin Strike","floor":12.0},{"not_picked":["Second Wind","Carnage"],"picked":"Rage","floor":13.0},{"not_picked":["Juggernaut","Feed"],"picked":"Offering","floor":16.0},{"not_picked":["Cleave","Warcry","True Grit"],"picked":"SKIP","floor":18.0},{"not_picked":["Cleave","Iron Wave"],"picked":"Havoc","floor":20.0},{"not_picked":["Thunderclap","Sword Boomerang","Headbutt+1"],"picked":"SKIP","floor":21.0},{"not_picked":["Dark Embrace","Cleave"],"picked":"Intimidate","floor":25.0},{"not_picked":["Body Slam","Cleave"],"picked":"Impervious","floor":28.0},{"not_picked":["Power Through","Reckless Charge","Body Slam"],"picked":"SKIP","floor":29.0},{"not_picked":["Sword Boomerang","Spot Weakness"],"picked":"Shockwave","floor":31.0},{"not_picked":["Reaper","Berserk"],"picked":"Brutality","floor":33.0},{"not_picked":["True Grit+1","Headbutt"],"picked":"Havoc","floor":35.0},{"not_picked":["Cleave","Headbutt+1"],"picked":"Dark Embrace","floor":37.0},{"not_picked":["Wild Strike","Sever Soul+1"],"picked":"Body Slam+1","floor":38.0},{"not_picked":["Reckless Charge","Armaments","True Grit+1"],"picked":"SKIP","floor":39.0},{"not_picked":["Warcry","Twin Strike+1"],"picked":"Double Tap","floor":40.0},{"not_picked":["Shockwave","Dropkick"],"picked":"Havoc","floor":41.0},{"not_picked":["Flex","True Grit","Entrench"],"picked":"SKIP","floor":41.0},{"not_picked":["Pummel","Body Slam","Blood for Blood"],"picked":"SKIP","floor":46.0},{"not_picked":["Rupture+1","Anger"],"picked":"Perfected Strike","floor":47},{"not_picked":["Entrench","Sword Boomerang","Clothesline"],"picked":"SKIP","floor":47}],"player_experience":828910,"relics_obtained":[{"floor":7.0,"key":"Whetstone"},{"floor":9.0,"key":"Paper Frog"},{"floor":10.0,"key":"Mercury Hourglass"},{"floor":26.0,"key":"Old Coin"},{"floor":28.0,"key":"InkBottle"},{"floor":38.0,"key":"Ginger"},{"floor":40.0,"key":"Prayer Wheel"},{"floor":43.0,"key":"Bottled Lightning"},{"floor":46.0,"key":"War Paint"}],"event_choices":[{"damage_healed":0.0,"max_hp_gain":0.0,"max_hp_loss":0.0,"gold_gain":0.0,"event_name":"Golden Idol","player_choice":"Take Damage","floor":2.0,"gold_loss":0.0,"damage_taken":28.0,"relics_obtained":["Golden Idol"]},{"damage_healed":0.0,"max_hp_gain":0.0,"max_hp_loss":0.0,"gold_gain":0.0,"event_name":"Match and Keep!","player_choice":"1 cards matched","floor":11.0,"gold_loss":0.0,"damage_taken":0.0,"cards_obtained":["Seeing Red"]},{"damage_healed":0.0,"max_hp_gain":0.0,"max_hp_loss":0.0,"gold_gain":0.0,"event_name":"The Library","player_choice":"Read","floor":22.0,"gold_loss":0.0,"damage_taken":0.0,"cards_obtained":["Bloodletting"]},{"damage_healed":0.0,"max_hp_gain":0.0,"max_hp_loss":0.0,"gold_gain":275.0,"event_name":"Golden Shrine","player_choice":"Desecrate","floor":24.0,"gold_loss":0.0,"damage_taken":0.0,"cards_obtained":["Regret"]},{"damage_healed":0.0,"max_hp_gain":0.0,"max_hp_loss":0.0,"gold_gain":0.0,"event_name":"MindBloom","player_choice":"Fight","floor":38.0,"gold_loss":0.0,"damage_taken":0.0},{"damage_healed":18.0,"max_hp_gain":0.0,"max_hp_loss":0.0,"gold_gain":0.0,"event_name":"Winding Halls","player_choice":"Writhe","floor":42.0,"gold_loss":0.0,"damage_taken":0.0,"cards_obtained":["Writhe"]},{"damage_healed":0.0,"max_hp_gain":0.0,"max_hp_loss":0.0,"gold_gain":0.0,"event_name":"Upgrade Shrine","player_choice":"Upgraded","floor":45.0,"gold_loss":0.0,"damage_taken":0.0,"cards_upgraded":["Perfected Strike"]},{"cards_removed":["Defend_R"],"damage_healed":0,"gold_gain":0,"player_choice":"Offered Basic","damage_taken":0,"max_hp_gain":0,"max_hp_loss":0,"event_name":"Bonfire Elementals","floor":48,"gold_loss":0}],"is_beta":false,"boss_relics":[{"not_picked":["Calling Bell","Empty Cage"],"picked":"Velvet Choker"},{"not_picked":["Astrolabe","Black Blood"],"picked":"Mark of Pain"}],"items_purged_floors":[27],"is_endless":false,"potions_floor_spawned":[1,7,10,16,20,21,28,29,31,38,39,46],"killed_by":"Awakened One","ascension_level":20}}