{"host":"2k96kai96havp3pq","time":1608443168,"event":{"mods":["AchievementEnabler","BaseMod","Colored Map","Colored Powertips","Downfall","Hermit","Minty Spire (QoL Compilation)","Relic Stats","Replay The Spire","StSLib","The Bug Knight","The Cursed","The Hierophant","The Servant 0.9.4"],"gold_per_floor":[111,129,129,229,244,269,269,302,329,16,34,34],"floor_reached":11,"playtime":867,"items_purged":[],"score":77,"play_id":"6ded4087-e5b8-45d7-903b-3424ba9ddd7c","local_time":"20201219234608","is_ascension_mode":true,"campfire_choices":[],"circlet_count":0,"master_deck":["Strike_G","Strike_G","Strike_G","Strike_G","Strike_G","Defend_G","Defend_G","Defend_G","Defend_G","Defend_G","Survivor","Neutralize+1","All Out Attack","Acrobatics","Prepared","Backflip","Calculated Gamble","Flying Knee","Flying Knee"],"relics":["Ring of the Snake","Pantograph","Replay:Bandana","Tiny Chest","Membership Card","Dead Branch"],"acts_visited":["Exordium"],"potions_floor_usage":[],"damage_taken":[{"damage":0,"enemies":"Cultist","floor":1,"turns":5},{"damage":0,"enemies":"Jaw Worm","floor":2,"turns":3},{"damage":5,"enemies":"2 Louse","floor":5,"turns":2},{"damage":18,"enemies":"3 Sentries","floor":6,"turns":9},{"damage":17,"enemies":"Exordium Thugs","floor":8,"turns":5},{"damage":49,"enemies":"Gremlin Nob","floor":11,"turns":4}],"seed_played":"-2440112970773534926","potions_obtained":[{"floor":5,"key":"sneckomod:MuddlingPotion"}],"is_trial":false,"path_per_floor":["M","M","$","?","M","E","T","M","T","$","E"],"character_chosen":"THE_SILENT","items_purchased":["Membership Card","Dead Branch","Flying Knee"],"campfire_rested":0,"item_purchase_floors":[10,10,10],"current_hp_per_floor":[70,70,70,70,65,47,47,30,30,30,0,0],"gold":34,"neow_bonus":"UPGRADE_CARD","is_daily":false,"chose_seed":false,"campfire_upgraded":0,"win_rate":0.0,"timestamp":1608443168,"path_taken":["M","?","$","?","?","E","?","?","T","?","E"],"items_purchased_type":["Relic","Relic","Card"],"build_version":"2020-12-13","purchased_purges":0,"victory":false,"max_hp_per_floor":[70,70,70,70,70,70,70,70,70,70,70,70],"relic_stats":{"counters":[6,28],"Pantograph":0,"Dead Branch":[1],"Tiny Chest":0,"obtain_stats":[{"Replay:Bandana":7,"Pantograph":6,"Dead Branch":10,"Tiny Chest":9,"Membership Card":10,"Ring of the Snake":0},{"Replay:Bandana":4,"Pantograph":4,"Dead Branch":5,"Tiny Chest":5,"Membership Card":5,"Ring of the Snake":0},{"Replay:Bandana":19,"Pantograph":19,"Dead Branch":24,"Tiny Chest":24,"Membership Card":24,"Ring of the Snake":0}],"Ring of the Snake":[12]},"card_choices":[{"not_picked":["Deflect","Dagger Spray"],"picked":"All Out Attack","floor":1},{"not_picked":["Dagger Throw","Hidden Blade"],"picked":"Acrobatics","floor":2},{"not_picked":["Blade Dance","Deflect"],"picked":"Prepared","floor":5},{"not_picked":["Night Terror","Dodge and Roll"],"picked":"Backflip","floor":6},{"not_picked":["Dash","PiercingWail"],"picked":"Calculated Gamble","floor":8}],"player_experience":368637,"relics_obtained":[{"floor":6,"key":"Pantograph"},{"floor":7,"key":"Replay:Bandana"},{"floor":9,"key":"Tiny Chest"}],"event_choices":[{"damage_healed":0,"gold_gain":100,"player_choice":"Pray","damage_taken":0,"max_hp_gain":0,"max_hp_loss":0,"event_name":"Golden Shrine","floor":4,"gold_loss":0}],"is_beta":false,"boss_relics":[],"items_purged_floors":[],"is_endless":false,"potions_floor_spawned":[5],"killed_by":"Gremlin Nob","ascension_level":1}}