{"host":"19kf8tqwqindyscq","time":1608446222,"event":{"mods":["2.2 Compatiblity","BaseMod","Colored Map","Colored Powertips","Conspire","Downfall","Hermit","Hubris","Infinite Spire","Minty Spire (QoL Compilation)","Quick Restart","Rare Cards Sparkle","Replay The Spire","StSLib","SuperFastMode","The Bladedancer","The Bug Knight","The Construct","The Cursed","The Disciple","The Hierophant","The Mystic","The Necromancer","The Runesmith","The Servant 0.9.4"],"gold_per_floor":[116,126,126,30,49,49,60,85,108,108,127,127,147,123,123,223,273,293,155,168,184,34,34,62,80,154,154,170,190,190,190,190,288,288,300,317,317,245,307,407,421,421,447,458,458,458,458],"floor_reached":46,"playtime":2993,"items_purged":[],"score":467,"play_id":"28827d9b-950a-4538-ab26-9ba8e6725c35","local_time":"20201220033702","is_ascension_mode":false,"campfire_choices":[{"floor":6,"key":"RECALL"},{"floor":10,"key":"REST"},{"data":"HollowMod:HowlingWraiths","floor":12,"key":"SMITH"},{"data":"HollowMod:SlysStrikes","floor":15,"key":"SMITH"},{"floor":23,"key":"REST"},{"floor":27,"key":"REST"},{"floor":30,"key":"REST"},{"floor":42,"key":"REST"},{"floor":45,"key":"REST"}],"circlet_count":0,"master_deck":["HollowMod:NailStrikeStart","HollowMod:NailStrikeStart","HollowMod:NailStrikeStart+1","HollowMod:NailStrikeStart","HollowMod:QuickDashStart+1","HollowMod:QuickDashStart+1","HollowMod:QuickDashStart+1","HollowMod:QuickDashStart+1","HollowMod:FocusHealStart","HollowMod:PogoStrike","HollowMod:DashSlash","HollowMod:SoulVessel","HollowMod:HowlingWraiths+1","HollowMod:SoulSplash","HollowMod:MonarchWings+1","HollowMod:SlysStrikes+1","HollowMod:SoulStrike","HollowMod:MonarchWings","HollowMod:CycloneSlash","Trip","HollowMod:SoulStrike+1","HollowMod:CoiledNail","HollowMod:DoubleDash","HollowMod:CloakDash+1","HollowMod:HornetsHelp","HollowMod:Weaversong","HollowMod:SoulSplash","HollowMod:DesolateDive","HollowMod:LifebloodCocoon+1","HollowMod:LifebloodCocoon+1","HollowMod:GrimmsGift+1","HollowMod:BaldurShell+1"],"relics":["HollowMod:VesselMask","Oddly Smooth Stone","Replay:Rubber Ducky","Tiny House","Bag of Marbles","Blood Vial","Replay:Bottled Eggs","Replay:Bronze Core","Replay:Ringing Soul","conspire:Dentures","Blue Doll"],"acts_visited":["Exordium","TheCity","TheBeyond"],"potions_floor_usage":[8,16,16,24,24,24,29,29,33,44],"damage_taken":[{"damage":1,"enemies":"Cultist","floor":1,"turns":3},{"damage":0,"enemies":"Small Slimes","floor":2,"turns":2},{"damage":1,"enemies":"Jaw Worm","floor":5,"turns":4},{"damage":5,"enemies":"Blue Slaver","floor":7,"turns":3},{"damage":23,"enemies":"3 Sentries","floor":8,"turns":5},{"damage":0,"enemies":"Red Slaver","floor":11,"turns":3},{"damage":0,"enemies":"2 Fungi Beasts","floor":13,"turns":2},{"damage":1,"enemies":"Slime Boss","floor":16,"turns":8},{"damage":0,"enemies":"Chosen","floor":18,"turns":5},{"damage":15,"enemies":"Spheric Guardian","floor":20,"turns":5},{"damage":32,"enemies":"Centurion and Healer","floor":21,"turns":6},{"damage":60,"enemies":"Gremlin Leader","floor":24,"turns":6},{"damage":8,"enemies":"Snecko","floor":25,"turns":5},{"damage":20,"enemies":"Cultist and Chosen","floor":28,"turns":7},{"damage":0,"enemies":"3 Cultists","floor":29,"turns":5},{"damage":60,"enemies":"conspire:MysteriousRune","floor":33,"turns":9},{"damage":15,"enemies":"3 Shapes","floor":35,"turns":6},{"damage":0,"enemies":"Orb Walker","floor":36,"turns":4},{"damage":24,"enemies":"3 Darklings","floor":41,"turns":7},{"damage":57,"enemies":"Maw","floor":44,"turns":11},{"damage":86,"enemies":"Sphere and 2 Shapes","floor":46,"turns":7}],"seed_played":"-1092414446404991422","potions_obtained":[{"floor":5,"key":"Strength Potion"},{"floor":8,"key":"GamblersBrew"},{"floor":13,"key":"EssenceOfSteel"},{"floor":17,"key":"LifebloodPotion"},{"floor":18,"key":"PowerPotion"},{"floor":20,"key":"Toxic Potion"},{"floor":25,"key":"SpeedPotion"},{"floor":28,"key":"SkillPotion"},{"floor":29,"key":"ColorlessPotion"},{"floor":35,"key":"Elixir"},{"floor":41,"key":"Adrenaline Potion"}],"is_trial":false,"path_per_floor":["M","M","T","$","M","R","M","E","T","R","M","R","M","$","R","B",null,"M","$","M","M","$","R","E","M","T","R","M","M","R","?","R_BF","B",null,"M","M","T","$","?","?","M","R","T","M","R","M"],"character_chosen":"THE_BUGKNIGHT","items_purchased":["HollowMod:HowlingWraiths","HollowMod:SoulSplash","HollowMod:SoulStrike","HollowMod:CycloneSlash","Trip","Bag of Marbles","HollowMod:DesolateDive"],"campfire_rested":6,"item_purchase_floors":[4,4,14,19,19,22,38],"current_hp_per_floor":[81,81,81,81,80,80,75,58,58,82,82,82,82,82,82,81,87,87,87,72,40,40,66,6,6,6,32,14,16,42,42,68,20,87,72,74,74,77,80,80,61,89,89,46,75,0,0],"gold":458,"neow_bonus":"TEN_PERCENT_HP_BONUS","is_daily":false,"chose_seed":false,"campfire_upgraded":2,"win_rate":0.0,"timestamp":1608446222,"path_taken":["M","M","?","$","M","R","M","E","T","R","M","R","M","$","R","BOSS","M","$","M","?","$","R","E","M","T","R","M","M","R","?","R_BF","BOSS","M","M","?","$","?","?","M","R","T","M","R","M"],"items_purchased_type":["Card","Card","Card","Card","Card","Relic","Card"],"build_version":"2020-12-13","purchased_purges":0,"victory":false,"max_hp_per_floor":[82,82,82,82,82,82,82,82,82,82,82,82,82,82,82,82,87,87,87,87,87,87,87,87,87,87,87,87,87,87,87,87,87,87,87,87,87,90,93,93,96,96,96,99,99,99,99],"card_choices":[{"not_picked":["HollowMod:DesolateDive","HollowMod:MawleksShell"],"picked":"HollowMod:DashSlash","floor":1},{"not_picked":["HollowMod:GoodIntentions","HollowMod:DescendingDark"],"picked":"HollowMod:SoulVessel","floor":2},{"not_picked":["HollowMod:SharpenedNail","HollowMod:VengefulVoid","HollowMod:MothsMistake"],"picked":"SKIP","floor":5},{"not_picked":["HollowMod:TaintedHusks","HollowMod:GoodIntentions","HollowMod:GrimmsGift"],"picked":"SKIP","floor":7},{"not_picked":["HollowMod:HeavyBlow","HollowMod:RecoilStrike"],"picked":"HollowMod:MonarchWings","floor":8},{"not_picked":["HollowMod:NewLittleFool","HollowMod:DoubleDash","HollowMod:WraithStrike"],"picked":"SKIP","floor":11},{"not_picked":["HollowMod:NewJinnsSoul","HollowMod:BlackTendrils"],"picked":"HollowMod:SlysStrikes","floor":13},{"not_picked":["HollowMod:HornetsHelp","HollowMod:ElderbugsWisdom"],"picked":"HollowMod:LifebloodCore","floor":16},{"not_picked":["HollowMod:SiblingsSouls","HollowMod:CornifersMapStart"],"picked":"HollowMod:MonarchWings","floor":17},{"not_picked":["HollowMod:InfectedCysts","HollowMod:MidwifesHunger","HollowMod:NewJinnsSoul+1"],"picked":"SKIP","floor":18},{"not_picked":["HollowMod:WraithStrike","HollowMod:TaintedHusks"],"picked":"HollowMod:SoulStrike+1","floor":20},{"not_picked":["HollowMod:BlackTendrils","HollowMod:SharpenedNail"],"picked":"HollowMod:CoiledNail","floor":21},{"not_picked":["HollowMod:HeavyBlow+1","HollowMod:ElderbugsWisdom"],"picked":"HollowMod:DoubleDash","floor":24},{"not_picked":["HollowMod:GoodIntentions+1","HollowMod:WraithStrike+1","HollowMod:SharpenedNail"],"picked":"SKIP","floor":25},{"not_picked":["HollowMod:HeavyBlow+1","HollowMod:RecoilStrike"],"picked":"HollowMod:CloakDash+1","floor":28},{"not_picked":["HollowMod:NewJinnsSoul","HollowMod:GoodIntentions","HollowMod:VengefulVoid"],"picked":"SKIP","floor":29},{"not_picked":["HollowMod:AwokenDreamNail","HollowMod:LifebloodCore"],"picked":"HollowMod:Weaversong","floor":33},{"not_picked":["HollowMod:NewLittleFool","HollowMod:MothsMistake+1","HollowMod:DashSlash"],"picked":"SKIP","floor":35},{"not_picked":["HollowMod:CoiledNail+1","HollowMod:CornifersMapStart"],"picked":"HollowMod:SoulSplash","floor":36},{"not_picked":["HollowMod:ShapeofUnn+1","HollowMod:MothsMistake+1"],"picked":"HollowMod:LifebloodCocoon+1","floor":39},{"not_picked":["HollowMod:DesolateDive","HollowMod:DreamGate"],"picked":"HollowMod:LifebloodCocoon+1","floor":39},{"not_picked":["HollowMod:QuirrelsAssistance","HollowMod:ShadowDash+1"],"picked":"HollowMod:GrimmsGift+1","floor":41},{"not_picked":["HollowMod:SiblingsSouls","HollowMod:SoulStrike+1"],"picked":"HollowMod:BaldurShell+1","floor":44}],"player_experience":158093,"relics_obtained":[{"floor":8,"key":"Oddly Smooth Stone"},{"floor":9,"key":"Replay:Rubber Ducky"},{"floor":24,"key":"Blood Vial"},{"floor":26,"key":"Replay:Bottled Eggs"},{"floor":37,"key":"Replay:Ringing Soul"},{"floor":39,"key":"conspire:Dentures"},{"floor":43,"key":"Blue Doll"}],"event_choices":[{"damage_healed":0,"gold_gain":0,"cards_transformed":["HollowMod:LifebloodCore"],"player_choice":"Transformed","damage_taken":0,"max_hp_gain":0,"max_hp_loss":0,"event_name":"Transmorgrifier","floor":31,"gold_loss":0,"cards_obtained":["HollowMod:HornetsHelp"]},{"damage_healed":0,"gold_gain":100,"player_choice":"Pray","damage_taken":0,"max_hp_gain":0,"max_hp_loss":0,"event_name":"Golden Shrine","floor":40,"gold_loss":0}],"is_beta":false,"boss_relics":[{"not_picked":["construct:ClawGrip","Pandora\u0027s Box"],"picked":"Tiny House"},{"not_picked":["hubris:CrackedHourglass","Snecko Eye"],"picked":"Replay:Bronze Core"}],"items_purged_floors":[],"is_endless":false,"potions_floor_spawned":[5,8,13,18,20,25,28,29,35,41],"killed_by":"Sphere and 2 Shapes","ascension_level":0}}