{"host":"mi0eibewekhugwl1","time":1608479508,"event":{"mods":["AchievementEnabler","BaseMod","Colored Map","Colored Powertips","DeckTracker","Keyboard Shortcuts","Minty Spire (QoL Compilation)","Quick Restart","Rare Cards Sparkle","Relic Stats","StSLib","SuperFastMode","everything is the same but u backflip on backflip"],"gold_per_floor":[117,129,141,66,76,76,104,25,25,25,25,35,53,128,128,204,204,224,224,237,251,270,270,545,565,617,201,221,221,251,267,267,267,267],"floor_reached":33,"playtime":576,"items_purged":["Regret"],"score":542,"play_id":"3b1f9404-9ffe-487a-9620-adbe433c41bf","local_time":"20201221005148","is_ascension_mode":true,"campfire_choices":[{"data":"Bash","floor":6,"key":"SMITH"},{"data":"Disarm","floor":10,"key":"SMITH"},{"data":"Fire Breathing","floor":15,"key":"SMITH"},{"data":"Immolate","floor":23,"key":"SMITH"},{"data":"Barricade","floor":29,"key":"SMITH"},{"data":"Burning Pact","floor":32,"key":"SMITH"}],"circlet_count":0,"master_deck":["AscendersBane","Strike_R","Strike_R","Strike_R","Defend_R","Defend_R","Defend_R","Defend_R","Bash+1","Wild Strike+1","Cleave","Power Through","Disarm+1","Reckless Charge","Shrug It Off","Fire Breathing+1","Immolate+1","Sword Boomerang","True Grit+1","Power Through","Barricade+1","Pommel Strike","Burning Pact+1"],"relics":["Burning Blood","Ancient Tea Set","Self Forming Clay","CaptainsWheel","Mark of Pain","PreservedInsect","Orrery","Torii"],"acts_visited":["Exordium","TheCity"],"potions_floor_usage":[7,25,30,33],"damage_taken":[{"damage":9,"enemies":"Jaw Worm","floor":1,"turns":4},{"damage":10,"enemies":"Small Slimes","floor":2,"turns":3},{"damage":1,"enemies":"Cultist","floor":3,"turns":3},{"damage":7,"enemies":"Large Slime","floor":5,"turns":5},{"damage":49,"enemies":"Lagavulin","floor":7,"turns":8},{"damage":1,"enemies":"Lots of Slimes","floor":12,"turns":5},{"damage":0,"enemies":"2 Fungi Beasts","floor":13,"turns":4},{"damage":12,"enemies":"Hexaghost","floor":16,"turns":9},{"damage":11,"enemies":"Spheric Guardian","floor":18,"turns":4},{"damage":10,"enemies":"3 Byrds","floor":20,"turns":4},{"damage":0,"enemies":"Snake Plant","floor":21,"turns":4},{"damage":16,"enemies":"Sentry and Sphere","floor":22,"turns":4},{"damage":1,"enemies":"Cultist and Chosen","floor":25,"turns":4},{"damage":10,"enemies":"Shelled Parasite and Fungi","floor":28,"turns":6},{"damage":5,"enemies":"Book of Stabbing","floor":30,"turns":6},{"damage":1,"enemies":"3 Cultists","floor":31,"turns":3},{"damage":76,"enemies":"Automaton","floor":33,"turns":10}],"seed_played":"7244861847770130984","potions_obtained":[{"floor":2,"key":"FearPotion"},{"floor":16,"key":"Fire Potion"},{"floor":18,"key":"Explosive Potion"},{"floor":25,"key":"Dexterity Potion"}],"is_trial":false,"path_per_floor":["M","M","M","?","M","R","E","$","T","R","?","M","M","?","R","B",null,"M","?","M","M","M","R","?","M","T","$","M","R","E","M","R","B"],"character_chosen":"IRONCLAD","items_purchased":["Reckless Charge","Orrery","Barricade"],"campfire_rested":0,"item_purchase_floors":[8,27,27],"current_hp_per_floor":[65,61,66,66,65,65,22,22,22,22,22,27,33,22,22,16,60,55,55,51,57,47,47,47,52,52,52,48,48,49,54,54,0,0],"gold":267,"neow_bonus":"RANDOM_COMMON_RELIC","is_daily":false,"chose_seed":false,"campfire_upgraded":6,"win_rate":0.0,"timestamp":1608479508,"path_taken":["M","M","M","?","M","R","E","$","T","R","?","M","M","?","R","BOSS","M","?","?","M","M","R","?","?","T","$","M","R","E","M","R","BOSS"],"items_purchased_type":["Card","Relic","Card"],"build_version":"2020-12-13","purchased_purges":1,"victory":false,"max_hp_per_floor":[75,75,75,75,75,75,75,75,75,75,75,75,75,75,75,75,75,75,75,75,75,75,75,75,75,75,75,75,75,75,75,75,75,75],"relic_stats":{"Torii":3,"counters":[17,86],"Self Forming Clay":[87],"PreservedInsect":43,"obtain_stats":[{"CaptainsWheel":9,"Torii":30,"Self Forming Clay":7,"Orrery":27,"Mark of Pain":17,"PreservedInsect":26,"Ancient Tea Set":0,"Burning Blood":0},{"CaptainsWheel":5,"Torii":15,"Self Forming Clay":5,"Orrery":13,"Mark of Pain":8,"PreservedInsect":13,"Ancient Tea Set":0,"Burning Blood":0},{"CaptainsWheel":23,"Torii":73,"Self Forming Clay":23,"Orrery":61,"Mark of Pain":41,"PreservedInsect":61,"Ancient Tea Set":0,"Burning Blood":0}],"Burning Blood":96},"card_choices":[{"not_picked":["Rupture","Seeing Red"],"picked":"Wild Strike","floor":1},{"not_picked":["Shrug It Off","Clothesline"],"picked":"Cleave","floor":2},{"not_picked":["Rupture","Sword Boomerang"],"picked":"Power Through","floor":3},{"not_picked":["Seeing Red","Wild Strike"],"picked":"Disarm","floor":5},{"not_picked":["Cleave","Juggernaut","Clothesline"],"picked":"SKIP","floor":7},{"not_picked":["Armaments","Clash"],"picked":"Shrug It Off","floor":12},{"not_picked":["Anger","Corruption"],"picked":"Fire Breathing","floor":13},{"not_picked":["Corruption","Feed"],"picked":"Immolate","floor":16},{"not_picked":["Carnage","Havoc","Shockwave"],"picked":"SKIP","floor":18},{"not_picked":["Clash","Metallicize+1","Perfected Strike"],"picked":"SKIP","floor":20},{"not_picked":["Thunderclap","True Grit","Rupture"],"picked":"SKIP","floor":21},{"not_picked":["Warcry","Armaments","Iron Wave+1"],"picked":"SKIP","floor":22},{"not_picked":["Clash","Iron Wave"],"picked":"True Grit+1","floor":25},{"not_picked":["Double Tap","Anger"],"picked":"Power Through","floor":27},{"not_picked":["Demon Form","Iron Wave"],"picked":"Pommel Strike","floor":28},{"not_picked":["Infernal Blade","Clothesline","Twin Strike"],"picked":"SKIP","floor":30},{"not_picked":["Dropkick","Immolate"],"picked":"Burning Pact","floor":31}],"player_experience":1692197,"relics_obtained":[{"floor":7,"key":"Self Forming Clay"},{"floor":9,"key":"CaptainsWheel"},{"floor":26,"key":"PreservedInsect"},{"floor":30,"key":"Torii"}],"event_choices":[{"cards_removed":["Strike_R"],"damage_healed":0,"gold_gain":0,"player_choice":"Card Removal","damage_taken":0,"max_hp_gain":0,"max_hp_loss":0,"event_name":"The Cleric","floor":4,"gold_loss":75},{"damage_healed":0,"gold_gain":0,"player_choice":"Grow","damage_taken":0,"max_hp_gain":0,"max_hp_loss":0,"event_name":"Living Wall","floor":11,"gold_loss":0,"cards_upgraded":["Wild Strike"]},{"damage_healed":0,"gold_gain":75,"player_choice":"Gather Gold","damage_taken":11,"max_hp_gain":0,"max_hp_loss":0,"event_name":"World of Goop","floor":14,"gold_loss":0},{"damage_healed":0,"gold_gain":0,"cards_transformed":["Strike_R"],"player_choice":"Transformed","damage_taken":0,"max_hp_gain":0,"max_hp_loss":0,"event_name":"Transmorgrifier","floor":19,"gold_loss":0,"cards_obtained":["Sword Boomerang"]},{"damage_healed":0,"gold_gain":275,"player_choice":"Desecrate","damage_taken":0,"max_hp_gain":0,"max_hp_loss":0,"event_name":"Golden Shrine","floor":24,"gold_loss":0,"cards_obtained":["Regret"]}],"is_beta":false,"boss_relics":[{"not_picked":["Tiny House","Runic Pyramid"],"picked":"Mark of Pain"}],"items_purged_floors":[27],"is_endless":false,"potions_floor_spawned":[2,16,18,21,25,28],"killed_by":"Automaton","ascension_level":20}}