{"host":"vq3zw93bgn8m7spi","time":1608464977,"event":{"mods":["BaseMod","Downfall","Hermit","Jorbs\u0027s Wanderer Trilogy","Minty Spire (QoL Compilation)","READ ME - Guardian Mod","Remilia¡]Á¢¦Ì²ú?¡^","Replay The Spire","StSLib","The Bug Knight","The Cursed","The Servant 0.9.4"],"gold_per_floor":[116,116,132,87,97,125,125,155,155,155,80,80,96,112,112,216,216,229,255,265,111,164,164,164],"floor_reached":23,"playtime":2084,"items_purged":["Misdirection"],"score":259,"play_id":"bf39686e-8564-42df-94e8-9a148365e6b3","local_time":"20201220194937","is_ascension_mode":true,"campfire_choices":[{"data":"DancingSilver","floor":7,"key":"SMITH"},{"data":"Replace","floor":10,"key":"SMITH"},{"floor":12,"key":"REST"},{"data":"BestPractice","floor":15,"key":"SMITH"}],"circlet_count":0,"master_deck":["Strike_S","Strike_S","Strike_S","Defend_S","Defend_S","Defend_S","KidneyShot","Exchange","GearUp","DancingSilver+1","Rearm","Replace+1","Hightail","BestPractice+1","DoubleEdge","Moondial","Sunlight","Deadline","FanOfKnives+1","ReplayTheSpireMod:Splinters"],"relics":["Uniform","NeowsBlessing","Mango","Dead Branch","Replay:PocketPolymizer","Busted Crown","Red Mask","Pen Nib","Centennial Puzzle"],"acts_visited":["Exordium","TheCity"],"potions_floor_usage":[19,19,23,23],"damage_taken":[{"damage":1,"enemies":"Small Slimes","floor":1,"turns":2},{"damage":0,"enemies":"Cultist","floor":3,"turns":1},{"damage":0,"enemies":"Jaw Worm","floor":5,"turns":1},{"damage":26,"enemies":"Gremlin Nob","floor":6,"turns":6},{"damage":23,"enemies":"3 Sentries","floor":8,"turns":12},{"damage":17,"enemies":"Exordium Wildlife","floor":13,"turns":9},{"damage":15,"enemies":"3 Louse","floor":14,"turns":6},{"damage":9,"enemies":"The Guardian","floor":16,"turns":9},{"damage":0,"enemies":"Chosen","floor":18,"turns":5},{"damage":12,"enemies":"Masked Bandits","floor":19,"turns":4},{"damage":29,"enemies":"2 Thieves","floor":20,"turns":4},{"damage":22,"enemies":"Slavers","floor":23,"turns":1}],"seed_played":"-8381156884164110549","potions_obtained":[{"floor":1,"key":"SpeedPotion"},{"floor":5,"key":"Adrenaline Potion"},{"floor":14,"key":"Fire Potion"},{"floor":19,"key":"GamblersBrew"},{"floor":20,"key":"LiquidBronze"},{"floor":22,"key":"champ:CounterPotion"}],"is_trial":false,"path_per_floor":["M","?","M","$","M","E","R","E","T","R","$","R","M","M","R","B",null,"M","?","M","$","?","E"],"character_chosen":"THE_SERVANT","items_purchased":["Rearm","Pen Nib"],"campfire_rested":1,"item_purchase_floors":[4,21],"current_hp_per_floor":[58,58,58,58,58,46,46,23,23,23,23,46,29,14,14,5,61,61,49,20,20,20,0,0],"gold":164,"neow_bonus":"THREE_ENEMY_KILL","is_daily":false,"chose_seed":false,"campfire_upgraded":3,"win_rate":0.0,"timestamp":1608464977,"path_taken":["M","?","?","$","M","E","R","E","T","R","$","R","?","?","R","BOSS","M","?","M","$","?","E"],"items_purchased_type":["Card","Relic"],"build_version":"2020-12-13","purchased_purges":1,"victory":false,"max_hp_per_floor":[65,65,65,65,65,79,79,79,79,79,79,79,79,79,79,79,79,79,79,79,79,79,79,79],"card_choices":[{"not_picked":["WasteNot","Hightail"],"picked":"GearUp","floor":1},{"not_picked":["Deadline","RealityMarble"],"picked":"DancingSilver","floor":3},{"not_picked":["Rewind","RealityMarble"],"picked":"Misdirection","floor":5},{"not_picked":["DualDimension","ShatteredReality"],"picked":"Replace","floor":6},{"not_picked":["ShatteredReality","RealityMarble"],"picked":"Hightail","floor":8},{"not_picked":["ShatteredReality","TimeWarp"],"picked":"DoubleEdge","floor":13},{"not_picked":["PendulumOfEternity","FastForward"],"picked":"Moondial","floor":14},{"not_picked":["Deny","MurderousAura"],"picked":"Sunlight","floor":16},{"not_picked":[],"picked":"Deadline","floor":18},{"not_picked":[],"picked":"FanOfKnives+1","floor":20}],"player_experience":862348,"relics_obtained":[{"floor":6,"key":"Mango"},{"floor":8,"key":"Dead Branch"},{"floor":9,"key":"Replay:PocketPolymizer"},{"floor":19,"key":"Red Mask"},{"floor":22,"key":"Centennial Puzzle"}],"event_choices":[{"cards_removed":["Strike_S"],"damage_healed":0,"gold_gain":0,"player_choice":"Offered Basic","damage_taken":0,"max_hp_gain":0,"max_hp_loss":0,"event_name":"Bonfire Elementals","floor":2,"gold_loss":0},{"damage_healed":0,"gold_gain":0,"player_choice":"Fought Bandits","damage_taken":0,"max_hp_gain":0,"max_hp_loss":0,"event_name":"Masked Bandits","floor":19,"gold_loss":0}],"is_beta":false,"boss_relics":[{"not_picked":["Tiny House","Replay:Wanted Poster"],"picked":"Busted Crown"}],"items_purged_floors":[11],"is_endless":false,"potions_floor_spawned":[1,5,14,16,18,19,20],"killed_by":"Slavers","ascension_level":6}}