{"host":"6pgtslebjnyv5xmi","time":1608448799,"event":{"mods":["AchievementEnabler","BaseMod","Colored Map","Minty Spire (QoL Compilation)","Rare Cards Sparkle","SuperFastMode","everything is the same but u backflip on backflip"],"gold_per_floor":[114,129,144,144,144,144,30,30,55,74,93,112,112,112,112,237,237,256,78,78,41,41,41,41,41,41,41,41,41,60,79,79,79,79],"floor_reached":33,"playtime":1445,"items_purged":["Choke","Choke"],"score":233,"play_id":"28b03de3-ea4c-4eb1-9f84-9cf6ad8886d3","local_time":"20201220161959","daily_mods":["Specialized","Flight","Terminal"],"is_ascension_mode":false,"campfire_choices":[{"data":"Neutralize","floor":6,"key":"SMITH"},{"data":"Infinite Blades","floor":8,"key":"SMITH"},{"data":"Finisher","floor":13,"key":"SMITH"},{"data":"Choke","floor":15,"key":"SMITH"},{"data":"Wraith Form v2","floor":23,"key":"SMITH"},{"data":"Mind Blast","floor":24,"key":"SMITH"},{"data":"Venomology","floor":25,"key":"SMITH"},{"data":"Infinite Blades","floor":28,"key":"SMITH"},{"data":"Blade Dance","floor":29,"key":"SMITH"},{"data":"PiercingWail","floor":32,"key":"SMITH"}],"circlet_count":0,"master_deck":["Strike_G","Strike_G","Strike_G","Strike_G","Strike_G","Defend_G","Defend_G","Defend_G","Defend_G","Defend_G","Survivor","Neutralize+1","Choke","Choke+1","Finisher+1","Infinite Blades+1","PiercingWail+1","Well Laid Plans","Venomology+1","CurseOfTheBell","Prepared","Wraith Form v2+1","Blade Dance+1","Infinite Blades+1","Mind Blast+1","Endless Agony"],"relics":["Ring of the Snake","Golden Idol","Ancient Tea Set","Potion Belt","Bronze Scales","Calling Bell","Blood Vial","Singing Bowl","FossilizedHelix","Toxic Egg 2"],"acts_visited":["TheCity"],"potions_floor_usage":[16,16,18,18,33,33],"damage_taken":[{"damage":0,"enemies":"Small Slimes","floor":1,"turns":4},{"damage":1,"enemies":"2 Louse","floor":2,"turns":2},{"damage":3,"enemies":"Jaw Worm","floor":3,"turns":2},{"damage":4,"enemies":"Gremlin Gang","floor":10,"turns":4},{"damage":0,"enemies":"Large Slime","floor":11,"turns":4},{"damage":8,"enemies":"Lots of Slimes","floor":12,"turns":5},{"damage":31,"enemies":"The Guardian","floor":16,"turns":9},{"damage":10,"enemies":"Spheric Guardian","floor":18,"turns":4},{"damage":0,"enemies":"Shell Parasite","floor":30,"turns":2},{"damage":0,"enemies":"Snake Plant","floor":31,"turns":5},{"damage":50,"enemies":"Automaton","floor":33,"turns":6}],"seed_played":"4005297234989847306","potions_obtained":[{"floor":1,"key":"Energy Potion"},{"floor":3,"key":"BlessingOfTheForge"},{"floor":16,"key":"Poison Potion"},{"floor":31,"key":"SteroidPotion"}],"is_trial":false,"path_per_floor":["M","M","M","?","?","R","$","R","T","M","M","M","R","?","R","B",null,"M","$","?","$","?","R","R","R","T","$","R","R","M","M","R","B"],"character_chosen":"THE_SILENT","items_purchased":["Infinite Blades","Wraith Form v2","Infinite Blades"],"campfire_rested":0,"item_purchase_floors":[7,19,21],"current_hp_per_floor":[68,67,64,48,45,45,45,45,45,41,41,33,33,33,33,2,52,42,42,42,42,42,42,42,42,42,42,41,40,41,42,41,0,0],"gold":79,"neow_bonus":"","is_daily":true,"chose_seed":false,"campfire_upgraded":10,"win_rate":0.0,"timestamp":1608448799,"path_taken":["M","M","M","?","?","R","$","R","T","?","?","M","R","?","R","BOSS","M","?","?","$","?","R","R","R","T","$","R","R","M","?","R","BOSS"],"items_purchased_type":["Card","Card","Card"],"build_version":"2020-12-13","purchased_purges":2,"victory":false,"max_hp_per_floor":[68,67,66,65,64,63,62,61,60,59,58,57,56,55,54,53,52,51,50,49,48,47,46,45,44,43,42,41,40,41,42,41,41,41],"card_choices":[{"not_picked":["Dodge and Roll","Setup"],"picked":"Finisher","floor":1},{"not_picked":["Expertise","Concentrate","Dodge and Roll"],"picked":"SKIP","floor":2},{"not_picked":["Outmaneuver","Bane","Sucker Punch"],"picked":"SKIP","floor":3},{"not_picked":["Deflect","Flying Knee"],"picked":"PiercingWail","floor":10},{"not_picked":["Dagger Throw","Bane"],"picked":"Well Laid Plans","floor":11},{"not_picked":["PiercingWail","Dagger Spray","Blur"],"picked":"SKIP","floor":12},{"not_picked":["Adrenaline","Doppelganger"],"picked":"Venomology","floor":16},{"not_picked":["Bane+1","Poisoned Stab+1"],"picked":"Prepared","floor":18},{"not_picked":["Dodge and Roll+1","Dash+1","Flying Knee"],"picked":"Singing Bowl","floor":30},{"not_picked":["Dash","Sucker Punch","Dagger Spray+1"],"picked":"Singing Bowl","floor":31}],"player_experience":273377,"relics_obtained":[{"floor":9,"key":"Potion Belt"},{"floor":17,"key":"Blood Vial"},{"floor":17,"key":"Singing Bowl"},{"floor":17,"key":"FossilizedHelix"},{"floor":26,"key":"Toxic Egg 2"}],"event_choices":[{"damage_healed":0,"gold_gain":0,"player_choice":"Take Damage","damage_taken":16,"relics_obtained":["Golden Idol"],"max_hp_gain":0,"max_hp_loss":0,"event_name":"Golden Idol","floor":4,"gold_loss":0},{"damage_healed":0,"gold_gain":0,"player_choice":"Success","damage_taken":3,"relics_obtained":["Ancient Tea Set"],"max_hp_gain":0,"max_hp_loss":0,"event_name":"Scrap Ooze","floor":5,"gold_loss":0},{"cards_removed":["Choke"],"damage_healed":0,"gold_gain":0,"player_choice":"Gave Card","damage_taken":0,"relics_obtained":["Bronze Scales"],"max_hp_gain":0,"max_hp_loss":0,"event_name":"WeMeetAgain","floor":14,"gold_loss":0},{"damage_healed":0,"gold_gain":0,"player_choice":"Read","damage_taken":0,"max_hp_gain":0,"max_hp_loss":0,"event_name":"The Library","floor":20,"gold_loss":0,"cards_obtained":["Blade Dance"]},{"damage_healed":0,"gold_gain":0,"player_choice":"2 cards matched","damage_taken":0,"max_hp_gain":0,"max_hp_loss":0,"event_name":"Match and Keep!","floor":22,"gold_loss":0,"cards_obtained":["Mind Blast","Endless Agony"]}],"is_beta":false,"boss_relics":[{"not_picked":["Coffee Dripper","Velvet Choker"],"picked":"Calling Bell"}],"items_purged_floors":[7,19],"is_endless":false,"potions_floor_spawned":[1,3,16,31],"killed_by":"Automaton","ascension_level":0}}