{"host":"4amcrcg6ktw8dbzk","time":1608452576,"event":{"mods":["ATMod(°¢èªMod)","BaseMod","Dota2Spire","Minty Spire (QoL Compilation)","MostiFishMod","Spicy Shops","StSLib","Waifu the Spire"],"gold_per_floor":[118,136,149,0,13,13,45,45,123,150,160,85,105,122,122,196,196,210,130,130,147,174,174,207,226,300,84,84,101,111,141,141,217,217,233,51,51,66,84,113,335,360,372,311,109,127,152,185,185,185,185,185,1,27,57],"floor_reached":56,"playtime":3216,"items_purged":["Strike_G","Strike_G","Strike_G","Defend_G"],"score":2821,"play_id":"24ff5f76-5d1f-4907-8712-c89b0dc6daf3","local_time":"20201220162256","is_ascension_mode":true,"campfire_choices":[{"data":"Noxious Fumes","floor":6.0,"key":"SMITH"},{"data":"MostiFishMod:Neurotoxin","floor":8.0,"key":"SMITH"},{"data":"Cloak And Dagger","floor":15.0,"key":"SMITH"},{"data":"Calculated Gamble","floor":23,"key":"SMITH"},{"data":"MostiFishMod:AdrenalineArouse","floor":28,"key":"SMITH"},{"data":"Bouncing Flask","floor":32,"key":"SMITH"},{"floor":49,"key":"RECALL"},{"data":"Footwork","floor":52,"key":"SMITH"}],"circlet_count":0,"master_deck":["AscendersBane","Strike_G","Strike_G","Defend_G","Defend_G","Defend_G","Survivor","Neutralize+1","AT_CaressingTears","Cloak And Dagger+1","Tactician+1","Noxious Fumes+1","Bouncing Flask+1","MostiFishMod:Neurotoxin+1","Well Laid Plans","MostiFishMod:AdrenalineArouse+1","Calculated Gamble+1","Prepared+1","Tactician","Reflex","Acrobatics","Adrenaline","AT_ShadowStep","Footwork+1","Purity","Backflip","Blade Dance+1","Acrobatics+1","Catalyst","MostiFishMod:AdrenalineArouse","Catalyst","MostiFishMod:Neurotoxin","Acrobatics+1"],"relics":["Ring of the Snake","DaveBox","AT_ATBox","BionicSphere","Question Card","AT_BellDemon","Pocketwatch","AT_ForceNature","Dota2Spire:ArmletOfMordiggian","ImportantClient","HereWithMe","Red Mask","Molten Egg 2","AT_TimeSand","Dota2Spire:CrimsonGuard","Technique","Kunai","xbg","Membership Card","Dota2Spire:ArcaneBoots","Dream Catcher","MawBank","Snake Skull","Ginger","TungstenRod","Medical Kit","Dota2Spire:ShivaGuard","Dota2Spire:HandOfMidas"],"acts_visited":["Exordium","TheCity","TheBeyond","TheEnding"],"potions_floor_usage":[38,50],"damage_taken":[{"damage":0.0,"enemies":"Cultist","floor":1.0,"turns":6.0},{"damage":0.0,"enemies":"2 Louse","floor":2.0,"turns":3.0},{"damage":0.0,"enemies":"Small Slimes","floor":3.0,"turns":4.0},{"damage":0.0,"enemies":"Blue Slaver","floor":5.0,"turns":4.0},{"damage":0.0,"enemies":"Lagavulin","floor":7.0,"turns":7.0},{"damage":0.0,"enemies":"3 Sentries","floor":10.0,"turns":4.0},{"damage":0.0,"enemies":"Large Slime","floor":11.0,"turns":3.0},{"damage":0.0,"enemies":"3 Louse","floor":13.0,"turns":4.0},{"damage":1.0,"enemies":"Exordium Thugs","floor":14.0,"turns":4.0},{"damage":0.0,"enemies":"The Guardian","floor":16.0,"turns":7.0},{"damage":0,"enemies":"Chosen","floor":18,"turns":4},{"damage":0,"enemies":"Spheric Guardian","floor":21,"turns":4},{"damage":0,"enemies":"Masked Bandits","floor":22,"turns":3},{"damage":0,"enemies":"Book of Stabbing","floor":24,"turns":5},{"damage":0,"enemies":"Snecko","floor":25,"turns":5},{"damage":0,"enemies":"Cultist and Chosen","floor":29,"turns":4},{"damage":0,"enemies":"Centurion and Healer","floor":30,"turns":4},{"damage":0,"enemies":"Slavers","floor":31,"turns":4},{"damage":0,"enemies":"Collector","floor":33,"turns":5},{"damage":0,"enemies":"Orb Walker","floor":35,"turns":3},{"damage":23,"enemies":"3 Darklings","floor":38,"turns":3},{"damage":0,"enemies":"4 Shapes","floor":39,"turns":5},{"damage":0,"enemies":"Reptomancer","floor":40,"turns":3},{"damage":0,"enemies":"Giant Head","floor":42,"turns":6},{"damage":0,"enemies":"Maw","floor":46,"turns":5},{"damage":0,"enemies":"Mind Bloom Boss Battle","floor":47,"turns":2},{"damage":0,"enemies":"Nemesis","floor":48,"turns":3},{"damage":0,"enemies":"Donu and Deca","floor":50,"turns":4},{"damage":0,"enemies":"Shield and Spear","floor":54,"turns":2},{"damage":0,"enemies":"The Heart","floor":55,"turns":5}],"seed_played":"-6835395969858774913","potions_obtained":[{"floor":2.0,"key":"Strength Potion"},{"floor":3.0,"key":"Fruit Juice"},{"floor":7.0,"key":"BlessingOfTheForge"},{"floor":10.0,"key":"LiquidMemories"},{"floor":33,"key":"DistilledChaos"},{"floor":40,"key":"ColorlessPotion"}],"is_trial":false,"path_per_floor":["M","M","M","$","M","R","E","R","T","E","M","$","M","M","R","B",null,"M","$","?","M","?","R","E","M","T","$","R","M","M","E","R","B",null,"M","$","?","M","M","E","?","E","T","$","$","M","?","E","R","B",null,"R","$","E","B",null],"character_chosen":"THE_SILENT","items_purchased":["AT_BellDemon","Noxious Fumes","Dota2Spire:CrimsonGuard","Technique","Membership Card","Dota2Spire:ArcaneBoots","Footwork","Snake Skull","Catalyst","MostiFishMod:AdrenalineArouse","Medical Kit","Dota2Spire:ShivaGuard"],"campfire_rested":0,"item_purchase_floors":[4,4,27,27,36,36,36,44,44,45,53,53],"current_hp_per_floor":[65,65,71,71,71,71,71,71,71,75,75,75,75,74,74,74,76,76,76,76,76,76,76,76,76,76,76,76,76,76,76,76,76,77,77,77,77,54,54,54,54,54,54,54,54,54,54,54,54,56,72,72,72,74,74],"gold":57,"neow_bonus":"TEN_PERCENT_HP_BONUS","is_daily":false,"chose_seed":false,"campfire_upgraded":7,"win_rate":0.0,"timestamp":1608452576,"path_taken":["M","M","M","?","?","R","E","R","T","E","M","$","M","M","R","BOSS","M","$","?","M","?","R","E","M","T","$","R","M","M","E","R","BOSS","M","$","?","M","M","E","?","E","T","?","$","M","?","E","R","BOSS","R","$","E","BOSS"],"items_purchased_type":["Relic","Card","Relic","Relic","Relic","Relic","Card","Relic","Card","Card","Relic","Relic"],"build_version":"2020-12-13","purchased_purges":4,"victory":true,"max_hp_per_floor":[72,72,77,77,77,77,77,77,77,77,77,77,77,77,77,77,77,77,77,77,77,77,77,77,77,77,77,77,77,77,77,77,77,77,77,77,77,77,77,77,77,77,77,77,77,77,77,77,77,77,77,77,77,77,77],"card_choices":[{"not_picked":["Heel Hook","MostiFishMod:InvigoratingSolution"],"picked":"Cloak And Dagger","floor":1.0},{"not_picked":["Sucker Punch","Bane","MostiFishMod:ThornCasing","Outmaneuver"],"picked":"SKIP","floor":2.0},{"not_picked":["AT_WindFlip","Acrobatics","MostiFishMod:PerfectParry"],"picked":"Tactician","floor":3.0},{"not_picked":["Blade Dance","PiercingWail","Well Laid Plans"],"picked":"Bouncing Flask","floor":5.0},{"not_picked":["Backstab","Acrobatics","Escape Plan"],"picked":"MostiFishMod:Neurotoxin","floor":7.0},{"not_picked":["Slice","Dodge and Roll","Dagger Throw","Flying Knee"],"picked":"SKIP","floor":10.0},{"not_picked":["Tactician","Concentrate","Deadly Poison"],"picked":"Well Laid Plans","floor":11.0},{"not_picked":["AT_FocusSwordFire","Poisoned Stab","Outmaneuver","Masterful Stab"],"picked":"SKIP","floor":13.0},{"not_picked":["Riddle With Holes","Eviscerate","Poisoned Stab","Predator"],"picked":"SKIP","floor":14.0},{"not_picked":["MostiFishMod:GrandStart","MostiFishMod:Listen","Unload"],"picked":"MostiFishMod:AdrenalineArouse","floor":16.0},{"not_picked":["Bane","Dagger Spray","Underhanded Strike"],"picked":"Calculated Gamble","floor":18},{"not_picked":["Dagger Spray","Outmaneuver","Underhanded Strike","Poisoned Stab"],"picked":"SKIP","floor":21},{"not_picked":["MostiFishMod:PerfectParry+1","Concentrate","A Thousand Cuts"],"picked":"Prepared+1","floor":22},{"not_picked":["Dagger Throw+1","Corpse Explosion","Slice+1"],"picked":"Tactician","floor":24},{"not_picked":["MostiFishMod:InvigoratingSolution","Sucker Punch+1","Poisoned Stab+1"],"picked":"Reflex","floor":25},{"not_picked":["Leg Sweep","MostiFishMod:PerfectParry","AT_WindFlip+1"],"picked":"Acrobatics","floor":29},{"not_picked":["Quick Slash+1","Burst","Sucker Punch+1","Cloak And Dagger"],"picked":"SKIP","floor":30},{"not_picked":["Sucker Punch+1","MostiFishMod:WinterMarkForm","Eviscerate+1","MostiFishMod:InvigoratingSolution"],"picked":"SKIP","floor":31},{"not_picked":["MostiFishMod:Listen","MostiFishMod:WinterMarkForm","Storm of Steel"],"picked":"Adrenaline","floor":33},{"not_picked":["Dodge and Roll+1","MostiFishMod:PreservedThorns+1","Quick Slash+1"],"picked":"AT_ShadowStep","floor":35},{"not_picked":["PanicButton","Trip","Good Instincts"],"picked":"Purity","floor":37},{"not_picked":["Flying Knee+1","Underhanded Strike+1","Blade Dance"],"picked":"Backflip","floor":38},{"not_picked":["PiercingWail","All Out Attack+1","Quick Slash+1"],"picked":"Blade Dance+1","floor":39},{"not_picked":["Concentrate+1","Quick Slash+1","MostiFishMod:FrostNova+1","Bane+1"],"picked":"SKIP","floor":40},{"not_picked":["Quick Slash+1","Deadly Poison","Slice+1"],"picked":"Acrobatics+1","floor":42},{"not_picked":["Eviscerate+1","Backstab+1","Poisoned Stab+1"],"picked":"Catalyst","floor":46},{"not_picked":["Dash+1","Footwork","Dodge and Roll"],"picked":"MostiFishMod:Neurotoxin","floor":47},{"not_picked":["AT_WindFlip+1","Deflect","Outmaneuver"],"picked":"Acrobatics+1","floor":48},{"not_picked":["Terror","Caltrops","Leg Sweep","Quick Slash+1"],"picked":"SKIP","floor":54}],"player_experience":297686,"relics_obtained":[{"floor":1.0,"key":"Question Card"},{"floor":7.0,"key":"Pocketwatch"},{"floor":9.0,"key":"AT_ForceNature"},{"floor":10.0,"key":"Dota2Spire:ArmletOfMordiggian"},{"floor":16.0,"key":"ImportantClient"},{"floor":22,"key":"Red Mask"},{"floor":24,"key":"Molten Egg 2"},{"floor":26,"key":"AT_TimeSand"},{"floor":31,"key":"Kunai"},{"floor":40,"key":"Dream Catcher"},{"floor":42,"key":"MawBank"},{"floor":47,"key":"Ginger"},{"floor":48,"key":"TungstenRod"},{"floor":54,"key":"Dota2Spire:HandOfMidas"}],"event_choices":[{"cards_removed":["Defend_G"],"damage_healed":0,"gold_gain":0,"player_choice":"Elegance","damage_taken":0,"max_hp_gain":0,"max_hp_loss":0,"event_name":"Back to Basics","floor":20,"gold_loss":0},{"damage_healed":0,"gold_gain":0,"player_choice":"Fought Bandits","damage_taken":0,"max_hp_gain":0,"max_hp_loss":0,"event_name":"Masked Bandits","floor":22,"gold_loss":0},{"damage_healed":0,"gold_gain":0,"player_choice":"Memory 1","damage_taken":0,"max_hp_gain":0,"max_hp_loss":0,"event_name":"SensoryStone","floor":37,"gold_loss":0},{"damage_healed":0,"gold_gain":222,"player_choice":"Wore Mask","damage_taken":0,"max_hp_gain":0,"max_hp_loss":0,"event_name":"Tomb of Lord Red Mask","floor":41,"gold_loss":0},{"damage_healed":0,"gold_gain":0,"player_choice":"Fight","damage_taken":0,"max_hp_gain":0,"max_hp_loss":0,"event_name":"MindBloom","floor":47,"gold_loss":0}],"is_beta":false,"boss_relics":[{"not_picked":["RhineFirstAidKit","SlaversCollar"],"picked":"HereWithMe"},{"not_picked":["ExusiaiGun","RhineCircuit"],"picked":"xbg"}],"items_purged_floors":[12,19,45,45],"is_endless":false,"potions_floor_spawned":[2,3,7,10,16,21,30,33,35,40,46],"ascension_level":15}}