{"host":"rmsq46plbpwfbxcc","time":1608445450,"event":{"mods":["AchievementEnabler","BaseMod","Colored Map","DeckTracker","Minty Spire (QoL Compilation)","Permanent Neow","SuperFastMode"],"gold_per_floor":[115,135,148,158,158,158,184,184,208,208,218,249,321,348,348,425,425,442,457,474,474,474],"floor_reached":21,"playtime":652,"items_purged":[],"score":362,"play_id":"b79ccfa3-6543-454f-a862-c69e7e83fbe2","local_time":"20201220152410","is_ascension_mode":true,"campfire_choices":[{"data":"Neutralize","floor":6,"key":"SMITH"},{"data":"Blade Dance","floor":8,"key":"SMITH"},{"data":"Finisher","floor":10,"key":"SMITH"},{"data":"Terror","floor":15,"key":"SMITH"}],"circlet_count":0,"master_deck":["AscendersBane","Strike_G","Strike_G","Strike_G","Strike_G","Strike_G","Defend_G","Defend_G","Defend_G","Defend_G","Defend_G","Survivor","Neutralize+1","CurseOfTheBell","Finisher+1","Blade Dance+1","Adrenaline","Terror+1","Backflip+1","Venomology+1","Backstab","Infinite Blades"],"relics":["Calling Bell","Lantern","StrikeDummy","Shovel","Anchor","Art of War","Smiling Mask","Toxic Egg 2","Question Card","Akabeko","Black Star"],"acts_visited":["Exordium","TheCity"],"potions_floor_usage":[7,14,16,19,20,21,21,21,21],"damage_taken":[{"damage":0,"enemies":"2 Louse","floor":1,"turns":3},{"damage":0,"enemies":"Cultist","floor":2,"turns":3},{"damage":4,"enemies":"Jaw Worm","floor":3,"turns":2},{"damage":8,"enemies":"Blue Slaver","floor":4,"turns":3},{"damage":2,"enemies":"Gremlin Nob","floor":7,"turns":3},{"damage":3,"enemies":"Exordium Thugs","floor":11,"turns":3},{"damage":15,"enemies":"Lagavulin","floor":12,"turns":4},{"damage":2,"enemies":"3 Sentries","floor":14,"turns":5},{"damage":15,"enemies":"Hexaghost","floor":16,"turns":11},{"damage":3,"enemies":"3 Byrds","floor":18,"turns":6},{"damage":7,"enemies":"Chosen","floor":19,"turns":4},{"damage":9,"enemies":"Snake Plant","floor":20,"turns":3},{"damage":33,"enemies":"Sentry and Sphere","floor":21,"turns":5}],"seed_played":"5975413415928237285","potions_obtained":[{"floor":2,"key":"Poison Potion"},{"floor":4,"key":"Poison Potion"},{"floor":12,"key":"SkillPotion"},{"floor":14,"key":"Poison Potion"},{"floor":16,"key":"Poison Potion"}],"is_trial":false,"path_per_floor":["M","M","M","M","?","R","E","R","T","R","M","E","T","E","R","B",null,"M","M","M","M"],"character_chosen":"THE_SILENT","items_purchased":[],"campfire_rested":0,"item_purchase_floors":[],"current_hp_per_floor":[59,59,55,47,47,47,45,45,45,45,42,27,27,25,25,10,52,49,42,33,0,0],"gold":474,"neow_bonus":"BOSS_RELIC","is_daily":false,"chose_seed":false,"campfire_upgraded":4,"win_rate":0.0,"timestamp":1608445450,"path_taken":["M","M","M","M","?","R","E","R","T","R","?","E","?","E","R","BOSS","M","M","?","M"],"items_purchased_type":[],"build_version":"2020-12-13","purchased_purges":0,"victory":false,"max_hp_per_floor":[66,66,66,66,66,66,66,66,66,66,66,66,66,66,66,66,66,66,66,66,66,66],"card_choices":[{"not_picked":["PiercingWail","Sucker Punch"],"picked":"Finisher","floor":1},{"not_picked":["Flechettes","Poisoned Stab"],"picked":"Blade Dance","floor":2},{"not_picked":["Flying Knee","Dagger Throw","Prepared"],"picked":"SKIP","floor":3},{"not_picked":["Cloak And Dagger","PiercingWail"],"picked":"Adrenaline","floor":4},{"not_picked":["Slice","Dagger Throw","Flying Knee"],"picked":"SKIP","floor":7},{"not_picked":["Slice","Poisoned Stab"],"picked":"Terror","floor":11},{"not_picked":["Bane","Tools of the Trade"],"picked":"Backflip+1","floor":12},{"not_picked":["Flechettes","Prepared+1","Slice","Catalyst+1"],"picked":"SKIP","floor":14},{"not_picked":["Glass Knife","Storm of Steel+1","Tools of the Trade"],"picked":"Venomology+1","floor":16},{"not_picked":["Flying Knee","Concentrate+1","Leg Sweep+1","Backflip+1"],"picked":"SKIP","floor":18},{"not_picked":["Quick Slash","Deflect+1","Dodge and Roll+1"],"picked":"Backstab","floor":19},{"not_picked":["Underhanded Strike+1","Expertise+1","Concentrate+1"],"picked":"Infinite Blades","floor":20}],"player_experience":1339206,"relics_obtained":[{"floor":0,"key":"Lantern"},{"floor":0,"key":"StrikeDummy"},{"floor":0,"key":"Shovel"},{"floor":7,"key":"Art of War"},{"floor":9,"key":"Smiling Mask"},{"floor":12,"key":"Toxic Egg 2"},{"floor":13,"key":"Question Card"},{"floor":14,"key":"Akabeko"}],"event_choices":[{"damage_healed":0,"gold_gain":0,"player_choice":"Gave Potion","damage_taken":0,"relics_obtained":["Anchor"],"max_hp_gain":0,"max_hp_loss":0,"event_name":"WeMeetAgain","floor":5,"gold_loss":0}],"is_beta":false,"boss_relics":[{"not_picked":["Tiny House","Sozu"],"picked":"Black Star"}],"items_purged_floors":[],"is_endless":false,"potions_floor_spawned":[2,4,12,14,16],"killed_by":"Sentry and Sphere","ascension_level":16}}