{"host":"o3b7ow6d1xe49css","time":1608464858,"event":{"mods":["Act Like it!","Aspiration","BaseMod","Bestiary","Better Altar","Better Match","Better Note","Better Sensory Stone","Better Skull","Better Third Choice","Colored Powertips","Conspire","Energized Spire","Force Act Four","GifTheSpireLib","Halation","Hermit","Hubris","Infinite Spire","Lobotomy","Minty Spire (QoL Compilation)","Quick Restart","Replay The Spire","Spicy Shops","Spikes Relics","StSLib","Stuff the Spire","The Blue Laboratory","Wandering Minibosses","vexMod"],"gold_per_floor":[112,125,145,145,162,187,187,187],"floor_reached":7,"playtime":298,"items_purged":[],"score":66,"play_id":"197d057a-9d30-4214-9cee-74ea411f7e0f","local_time":"20201220024738","daily_mods":["Heirloom","Flight"],"is_ascension_mode":true,"campfire_choices":[],"circlet_count":0,"master_deck":["Strike_R","Strike_R","Strike_R","Strike_R","Strike_R","Defend_R","Defend_R","Defend_R","Defend_R","Bash","Woodsman","Headbutt","WallGazer","Rage","Scorched","Feel No Pain","Bloodbath","Immolate"],"relics":["Burning Blood","Ring of Chaos","StoneCalendar","CogitoBucket","Art of War","WizardHat"],"acts_visited":["Exordium"],"potions_floor_usage":[5],"damage_taken":[{"damage":0,"enemies":"Small Slimes","floor":1,"turns":4},{"damage":6,"enemies":"Cultist","floor":2,"turns":3},{"damage":12,"enemies":"Jaw Worm","floor":3,"turns":2},{"damage":13,"enemies":"3 Louse","floor":5,"turns":3},{"damage":61,"enemies":"Gremlin Nob","floor":6,"turns":6},{"damage":32,"enemies":"Lagavulin","floor":7,"turns":4}],"seed_played":"-4143991386740975006","potions_obtained":[{"floor":3,"key":"SteroidPotion"}],"is_trial":true,"path_per_floor":["M","M","M","?","M","E","E"],"character_chosen":"IRONCLAD","items_purchased":[],"campfire_rested":0,"item_purchase_floors":[],"current_hp_per_floor":[80,80,80,80,79,30,0,0],"gold":187,"neow_bonus":"","is_daily":false,"chose_seed":false,"campfire_upgraded":0,"win_rate":0.0,"timestamp":1608464858,"path_taken":["M","M","M","?","?","E","E"],"items_purchased_type":[],"build_version":"2020-12-13","purchased_purges":0,"victory":false,"max_hp_per_floor":[80,80,80,80,80,80,80,80],"card_choices":[{"not_picked":["Headbutt","Sentinel"],"picked":"Absolvement","floor":1},{"not_picked":["Wellcheers","PunishingBird"],"picked":"Woodsman","floor":2},{"not_picked":["Clothesline","True Grit"],"picked":"Headbutt","floor":2},{"not_picked":["Wellcheers","Variant"],"picked":"WallGazer","floor":3},{"not_picked":["Body Slam","Heavy Blade"],"picked":"Rage","floor":3},{"not_picked":["MeatLantern","GreedKing"],"picked":"Scorched","floor":5},{"not_picked":["StuffTheSpire:Incineration","Hemokinesis"],"picked":"Feel No Pain","floor":5},{"not_picked":["CherryBlossoms","MeatLantern"],"picked":"Bloodbath","floor":6},{"not_picked":["Infernal Blade","Heavy Blade"],"picked":"Immolate","floor":6}],"player_experience":1769008,"relics_obtained":[{"floor":6,"key":"WizardHat"}],"event_choices":[{"cards_removed":["Absolvement"],"damage_healed":0,"gold_gain":0,"player_choice":"Gave Card","damage_taken":0,"relics_obtained":["Art of War"],"max_hp_gain":0,"max_hp_loss":0,"event_name":"WeMeetAgain","floor":4,"gold_loss":0}],"is_beta":false,"boss_relics":[],"items_purged_floors":[],"is_endless":false,"potions_floor_spawned":[3],"killed_by":"Lagavulin","ascension_level":5}}