{"host":"8o45mh5p3pp1o2mi","time":1608508295,"event":{"mods":["BaseMod","Minty Spire (QoL Compilation)","Replay The Spire","Shop Mod","StSLib"],"gold_per_floor":[114,114,94,118,26,57,57,75,75,111,39,57,57,22,22,22,22],"floor_reached":16,"playtime":595,"items_purged":[],"score":113,"play_id":"9302976e-a9a9-442b-bfe7-35512067a500","local_time":"20201220235135","is_ascension_mode":true,"campfire_choices":[{"data":"Footwork","floor":7,"key":"SMITH"},{"floor":15,"key":"REST"}],"circlet_count":0,"master_deck":["Strike_G","Strike_G","Strike_G","Strike_G","Strike_G","Defend_G","Defend_G","Defend_G","Defend_G","Defend_G","Survivor","Neutralize","Footwork+1","Dagger Throw","Deadly Poison","Calculated Gamble","Blade Dance","Prepared","ReplayTheSpireMod:Exploit Weakness","Adrenaline","Leg Sweep"],"relics":["ChewingGum","Golden Idol","Incense Burner","Replay:Arrowhead","Pantograph"],"acts_visited":["Exordium"],"potions_floor_usage":[6],"damage_taken":[{"damage":6,"enemies":"Jaw Worm","floor":1,"turns":7},{"damage":1,"enemies":"2 Louse","floor":4,"turns":3},{"damage":21,"enemies":"Lagavulin","floor":6,"turns":8},{"damage":0,"enemies":"Cultist","floor":8,"turns":2},{"damage":11,"enemies":"Replay:BlueRogue","floor":10,"turns":7},{"damage":8,"enemies":"Lots of Slimes","floor":12,"turns":5},{"damage":0,"enemies":"Hexaghost","floor":16,"turns":1}],"seed_played":"-6458302088158043568","potions_obtained":[{"floor":1,"key":"Elixir"},{"floor":3,"key":"Languid Potion"},{"floor":8,"key":"SpeedPotion"},{"floor":12,"key":"LiquidMemories"}],"is_trial":false,"path_per_floor":["M","?","?","M","$","E","R","M","T","E","$","M","?","?","R","B"],"character_chosen":"THE_SILENT","items_purchased":["Deadly Poison","Calculated Gamble","Adrenaline"],"campfire_rested":1,"item_purchase_floors":[5,5,11],"current_hp_per_floor":[64,47,47,46,46,25,25,25,25,14,14,6,6,23,44,69,69],"gold":22,"neow_bonus":"BOSS_RELIC","is_daily":false,"chose_seed":false,"campfire_upgraded":1,"win_rate":0.0,"timestamp":1608508295,"path_taken":["M","?","?","M","$","E","R","?","T","E","?","M","?","?","R","BOSS"],"items_purchased_type":["Card","Card","Card"],"build_version":"2020-12-13","purchased_purges":0,"victory":false,"max_hp_per_floor":[70,70,70,70,70,70,70,70,70,70,70,70,70,70,70,70,70],"card_choices":[{"not_picked":["Bane","Dagger Throw"],"picked":"Footwork","floor":1},{"not_picked":["Riddle With Holes","Underhanded Strike"],"picked":"Dagger Throw","floor":4},{"not_picked":["ReplayTheSpireMod:Tripwire","Acrobatics"],"picked":"Blade Dance","floor":6},{"not_picked":["Acrobatics","Caltrops"],"picked":"Prepared","floor":8},{"not_picked":["Slice","Outmaneuver"],"picked":"ReplayTheSpireMod:Exploit Weakness","floor":10},{"not_picked":["Bane","ReplayTheSpireMod:The Works"],"picked":"Leg Sweep","floor":12}],"player_experience":13383,"relics_obtained":[{"floor":6,"key":"Incense Burner"},{"floor":9,"key":"Replay:Arrowhead"},{"floor":10,"key":"Pantograph"}],"event_choices":[{"damage_healed":0,"gold_gain":0,"player_choice":"Take Damage","damage_taken":17,"relics_obtained":["Golden Idol"],"max_hp_gain":0,"max_hp_loss":0,"event_name":"Golden Idol","floor":2,"gold_loss":0},{"damage_healed":0,"gold_gain":0,"player_choice":"Bought 1 Potion","damage_taken":0,"max_hp_gain":0,"max_hp_loss":0,"event_name":"The Woman in Blue","floor":3,"gold_loss":0},{"damage_healed":0,"gold_gain":0,"player_choice":"Searched \u00270\u0027 times","damage_taken":0,"max_hp_gain":0,"max_hp_loss":0,"event_name":"Dead Adventurer","floor":13,"gold_loss":0},{"damage_healed":17,"gold_gain":0,"player_choice":"Healed","damage_taken":0,"max_hp_gain":0,"max_hp_loss":0,"event_name":"The Cleric","floor":14,"gold_loss":35}],"is_beta":false,"boss_relics":[],"items_purged_floors":[],"is_endless":false,"potions_floor_spawned":[1,8,12],"killed_by":"Hexaghost","ascension_level":1}}