{"host":"2461dio7vetlq1z3","time":1608500085,"event":{"mods":["2.2 Compatiblity","AchievementEnabler","BaseMod","Better Third Choice","Downfall","Hermit","Marisa????????","Minty Spire (QoL Compilation)","Relic Stats","Spicy Shops","StSLib","Waifu the Spire"],"gold_per_floor":[118,118,200,45,59,93,113,113,136,136,136],"floor_reached":10,"playtime":627,"items_purged":[],"score":71,"play_id":"d4bf31de-56a9-456e-a619-647c62e8a932","local_time":"20201220223445","is_ascension_mode":true,"campfire_choices":[{"data":"sneckomod:SoulCleanse","floor":8,"key":"SMITH"}],"circlet_count":0,"master_deck":["sneckomod:Strike","sneckomod:Strike","sneckomod:Defend","sneckomod:Defend","sneckomod:TailWhip","sneckomod:SnekBite","sneckomod:Unknown","sneckomod:Unknown","sneckomod:QuickMove","sneckomod:Nope","sneckomod:Mudshield","sneckomod:Mudshield","sneckomod:UnknownClassHEXA_GHOST_PURPLE","sneckomod:Restock","sneckomod:SoulCleanse+1","sneckomod:SoulDraw","sneckomod:UnknownClassMARISA_DERIVATIONS","sneckomod:QuickBite"],"relics":["Empty Cage","SsserpentHead","Orrery","Art of War","sneckomod:LoadedDie"],"acts_visited":["Exordium"],"potions_floor_usage":[10],"damage_taken":[{"damage":0,"enemies":"2 Louse","floor":1,"turns":4},{"damage":2,"enemies":"Cultist","floor":3,"turns":4},{"damage":1,"enemies":"Jaw Worm","floor":5,"turns":4},{"damage":30,"enemies":"Lagavulin","floor":6,"turns":8},{"damage":17,"enemies":"Lots of Slimes","floor":7,"turns":4},{"damage":58,"enemies":"Gremlin Nob","floor":10,"turns":5}],"seed_played":"-2157903168191836012","potions_obtained":[{"floor":3,"key":"SmokeBomb"},{"floor":3,"key":"FearPotion"},{"floor":5,"key":"sneckomod:OffclassReductionPotion"},{"floor":7,"key":"Fruit Juice"}],"is_trial":false,"path_per_floor":["M","?","M","$","M","E","M","R","T","E"],"character_chosen":"THE_SNECKO","items_purchased":["Orrery"],"campfire_rested":0,"item_purchase_floors":[4],"current_hp_per_floor":[90,90,88,88,87,57,40,40,40,0,0],"gold":136,"neow_bonus":"BOSS_RELIC","is_daily":false,"chose_seed":false,"campfire_upgraded":1,"win_rate":0.0,"timestamp":1608500085,"path_taken":["M","?","?","$","M","E","M","R","T","E"],"items_purchased_type":["Relic"],"build_version":"2020-12-13","purchased_purges":0,"victory":false,"max_hp_per_floor":[90,90,90,90,90,90,90,90,90,90,90],"relic_stats":{"SsserpentHead":50,"counters":[6,29],"Art of War":[1],"obtain_stats":[{"SsserpentHead":2,"sneckomod:LoadedDie":9,"Orrery":4,"Art of War":6,"sneckomod:SneckoSoul":0,"Empty Cage":0},{"SsserpentHead":1,"sneckomod:LoadedDie":5,"Orrery":2,"Art of War":4,"sneckomod:SneckoSoul":0,"Empty Cage":0},{"SsserpentHead":4,"sneckomod:LoadedDie":24,"Orrery":8,"Art of War":20,"sneckomod:SneckoSoul":0,"Empty Cage":0}]},"card_choices":[{"not_picked":["sneckomod:UnknownStrike","sneckomod:ImprovisedGuard"],"picked":"sneckomod:QuickMove","floor":1},{"not_picked":["sneckomod:UnknownCommonSkill","sneckomod:SoulRoll"],"picked":"sneckomod:Nope","floor":3},{"not_picked":["sneckomod:SoulDraw","sneckomod:UnknownClassDEFAULT_GRAY_COLOR"],"picked":"sneckomod:Mudshield","floor":4},{"not_picked":["sneckomod:QuickMove","sneckomod:UnknownCommonSkill"],"picked":"sneckomod:Mudshield","floor":4},{"not_picked":["sneckomod:UnknownCommonSkill","sneckomod:UnknownStrike"],"picked":"sneckomod:UnknownClassHEXA_GHOST_PURPLE","floor":4},{"not_picked":["sneckomod:DiceCrush","sneckomod:SoulRoll"],"picked":"sneckomod:Restock","floor":4},{"not_picked":["sneckomod:DiceBlock","sneckomod:UnknownBlock"],"picked":"sneckomod:SoulCleanse","floor":5},{"not_picked":["sneckomod:QuickMove","sneckomod:UnknownX"],"picked":"sneckomod:SoulDraw","floor":5},{"not_picked":["sneckomod:UnknownX","sneckomod:TrashToTreasure"],"picked":"sneckomod:UnknownClassMARISA_DERIVATIONS","floor":6},{"not_picked":["sneckomod:Nope","sneckomod:UnknownClassBLUE"],"picked":"sneckomod:QuickBite","floor":7}],"player_experience":958128,"relics_obtained":[{"floor":6,"key":"Art of War"},{"floor":9,"key":"sneckomod:LoadedDie"}],"event_choices":[{"damage_healed":0,"gold_gain":0,"player_choice":"Trade","damage_taken":0,"relics_obtained":["SsserpentHead"],"max_hp_gain":0,"max_hp_loss":0,"event_name":"FaceTrader","floor":2,"gold_loss":0}],"is_beta":false,"boss_relics":[],"items_purged_floors":[],"is_endless":false,"potions_floor_spawned":[3,5,7],"killed_by":"Gremlin Nob","ascension_level":1}}