{"host":"6ko66ogg91i6g7xq","time":1608464820,"event":{"mods":["AchievementEnabler","Act Like it!","BaseMod","Colored Map","Colored Powertips","Downfall","Hermit","Minty Spire (QoL Compilation)","Quick Restart","Relic Stats","StSLib","The Jungle","everything is the same but u backflip on backflip"],"gold_per_floor":[111,111,111,131,206,206,242,242,269,300,300,325,325,359,359,489,489,512,261,261,261,38,74,74,90,142,417,451,451,466,506,506,506,506],"floor_reached":33,"playtime":4789,"items_purged":["sneckomod:Bewildered"],"score":427,"play_id":"1ccfae0d-c35d-4403-9aa6-fc0b0d74e258","local_time":"20201220064700","is_ascension_mode":true,"campfire_choices":[{"floor":6,"key":"RECALL"},{"data":"Burst","floor":11,"key":"SMITH"},{"data":"Poisoned Stab","floor":13,"key":"SMITH"},{"floor":15,"key":"REST"},{"data":"Venomology","floor":24,"key":"SMITH"},{"data":"Dagger Spray","floor":29,"key":"SMITH"},{"data":"Deadly Poison","floor":32,"key":"SMITH"}],"circlet_count":0,"master_deck":["Strike_G","Strike_G","Strike_G","Strike_G","Defend_G","Defend_G","Defend_G+1","Defend_G+1","Defend_G","Survivor","Neutralize","Poisoned Stab+1","Deadly Poison+1","Burst+1","Venomology+1","Dagger Spray+1","Backflip","Shame","Regret","Catalyst+1","Blur"],"relics":["Ring of the Snake","NeowsBlessing","Golden Idol","Bottled Flame","PreservedInsect","Centennial Puzzle","Odd Mushroom","Cursed Key","Frozen Egg 2","MutagenicStrength","Akabeko","TwistedFunnel","Molten Egg 2","Juzu Bracelet","InkBottle","War Paint"],"acts_visited":["Exordium","TheCity"],"potions_floor_usage":[10,18,23,25,25,28,30,31,33,33,33],"damage_taken":[{"damage":0,"enemies":"Jaw Worm","floor":1,"turns":1},{"damage":0,"enemies":"Small Slimes","floor":4,"turns":1},{"damage":0,"enemies":"Gremlin Nob","floor":7,"turns":1},{"damage":10,"enemies":"Lagavulin","floor":10,"turns":5},{"damage":0,"enemies":"Cultist","floor":12,"turns":3},{"damage":6,"enemies":"The Mushroom Lair","floor":14,"turns":5},{"damage":40,"enemies":"Slime Boss","floor":16,"turns":12},{"damage":0,"enemies":"2 Thieves","floor":18,"turns":4},{"damage":0,"enemies":"Gremlin Leader","floor":23,"turns":4},{"damage":0,"enemies":"Spheric Guardian","floor":25,"turns":1},{"damage":0,"enemies":"Slavers","floor":28,"turns":1},{"damage":0,"enemies":"Centurion and Healer","floor":30,"turns":1},{"damage":0,"enemies":"Gremlin Leader","floor":31,"turns":1},{"damage":83,"enemies":"Champ","floor":33,"turns":11}],"seed_played":"2435434193181549825","potions_obtained":[{"floor":1,"key":"ColorlessPotion"},{"floor":7,"key":"Block Potion"},{"floor":16,"key":"SkillPotion"},{"floor":23,"key":"AttackPotion"},{"floor":28,"key":"SteroidPotion"},{"floor":31,"key":"SkillPotion"}],"is_trial":false,"path_per_floor":["M","?","?","M","?","R","E","?","T","E","R","M","R","?","R","B",null,"M","$","?","T","$","E","R","M","T","?","E","R","M","E","R","B"],"character_chosen":"THE_SILENT","items_purchased":["Frozen Egg 2","TwistedFunnel"],"campfire_rested":1,"item_purchase_floors":[19,22],"current_hp_per_floor":[70,70,53,53,42,42,42,42,42,32,32,32,32,26,47,7,70,70,70,70,70,70,70,70,70,70,70,70,70,70,70,70,0,0],"gold":506,"neow_bonus":"THREE_ENEMY_KILL","is_daily":false,"chose_seed":false,"campfire_upgraded":5,"win_rate":0.0,"timestamp":1608464820,"path_taken":["M","?","?","M","?","R","E","?","T","E","R","?","R","?","R","BOSS","M","$","?","?","$","E","R","?","T","?","E","R","M","E","R","BOSS"],"items_purchased_type":["Relic","Relic"],"build_version":"2020-12-13","purchased_purges":1,"victory":false,"max_hp_per_floor":[70,70,70,70,70,70,70,70,70,70,70,70,70,70,70,70,70,70,70,70,70,70,70,70,70,70,70,70,70,70,70,70,70,70],"relic_stats":{"Centennial Puzzle":[9],"counters":[14,51],"Golden Idol":88,"PreservedInsect":156,"Juzu Bracelet":0,"War Paint":["Defend_G","Defend_G"],"Cursed Key":2,"obtain_stats":[{"TwistedFunnel":22,"NeowsBlessing":0,"Golden Idol":3,"PreservedInsect":9,"Juzu Bracelet":26,"Odd Mushroom":14,"Frozen Egg 2":19,"War Paint":31,"Cursed Key":17,"Akabeko":21,"Bottled Flame":7,"Centennial Puzzle":10,"MutagenicStrength":20,"Molten Egg 2":23,"InkBottle":28,"Ring of the Snake":0},{"TwistedFunnel":8,"NeowsBlessing":0,"Golden Idol":1,"PreservedInsect":3,"Juzu Bracelet":10,"Odd Mushroom":6,"Frozen Egg 2":8,"War Paint":13,"Cursed Key":7,"Akabeko":8,"Bottled Flame":3,"Centennial Puzzle":4,"MutagenicStrength":8,"Molten Egg 2":9,"InkBottle":11,"Ring of the Snake":0},{"TwistedFunnel":32,"NeowsBlessing":0,"Golden Idol":1,"PreservedInsect":3,"Juzu Bracelet":37,"Odd Mushroom":16,"Frozen Egg 2":32,"War Paint":40,"Cursed Key":28,"Akabeko":32,"Bottled Flame":3,"Centennial Puzzle":8,"MutagenicStrength":32,"Molten Egg 2":36,"InkBottle":38,"Ring of the Snake":0}],"InkBottle":[5],"Ring of the Snake":[28]},"card_choices":[{"not_picked":["Dash","Riddle With Holes"],"picked":"Poisoned Stab","floor":1},{"not_picked":["Dagger Spray","Dagger Throw"],"picked":"Deadly Poison","floor":4},{"not_picked":["Cloak And Dagger","Dagger Throw","Sucker Punch"],"picked":"SKIP","floor":7},{"not_picked":["Dagger Spray","Flying Knee"],"picked":"Burst","floor":10},{"not_picked":["Dagger Throw","Sucker Punch","Acrobatics"],"picked":"SKIP","floor":12},{"not_picked":["Adrenaline","Unload"],"picked":"Venomology","floor":16},{"not_picked":["Concentrate","Sucker Punch"],"picked":"Dagger Spray","floor":18},{"not_picked":["Unload+1","Escape Plan"],"picked":"Backflip","floor":23},{"not_picked":["Quick Slash+1","Slice+1","Outmaneuver+1"],"picked":"SKIP","floor":25},{"not_picked":["Tactician+1","Accuracy+1"],"picked":"Catalyst+1","floor":28},{"not_picked":["Accuracy+1","Reflex"],"picked":"Blur","floor":30},{"not_picked":["Outmaneuver","Backstab+1","Blade Dance+1"],"picked":"SKIP","floor":31}],"player_experience":290450,"relics_obtained":[{"floor":7,"key":"Bottled Flame"},{"floor":9,"key":"PreservedInsect"},{"floor":10,"key":"Centennial Puzzle"},{"floor":14,"key":"Odd Mushroom"},{"floor":21,"key":"Akabeko"},{"floor":23,"key":"Molten Egg 2"},{"floor":26,"key":"Juzu Bracelet"},{"floor":28,"key":"InkBottle"},{"floor":31,"key":"War Paint"}],"event_choices":[{"damage_healed":0,"gold_gain":0,"player_choice":"Ignored","damage_taken":0,"max_hp_gain":0,"max_hp_loss":0,"event_name":"Golden Wing","floor":2,"gold_loss":0},{"damage_healed":0,"gold_gain":0,"player_choice":"Take Damage","damage_taken":17,"relics_obtained":["Golden Idol"],"max_hp_gain":0,"max_hp_loss":0,"event_name":"Golden Idol","floor":3,"gold_loss":0},{"damage_healed":0,"gold_gain":75,"player_choice":"Gather Gold","damage_taken":11,"max_hp_gain":0,"max_hp_loss":0,"event_name":"World of Goop","floor":5,"gold_loss":0},{"cards_removed":["Strike_G"],"damage_healed":0,"gold_gain":0,"player_choice":"Offered Basic","damage_taken":0,"max_hp_gain":0,"max_hp_loss":0,"event_name":"Bonfire Elementals","floor":8,"gold_loss":0},{"damage_healed":0,"gold_gain":0,"player_choice":"Fought Mushrooms","damage_taken":0,"max_hp_gain":0,"max_hp_loss":0,"event_name":"Mushrooms","floor":14,"gold_loss":0},{"damage_healed":0,"gold_gain":0,"player_choice":"Inject Mutagens","damage_taken":0,"relics_obtained":["MutagenicStrength"],"max_hp_gain":0,"max_hp_loss":0,"event_name":"Drug Dealer","floor":20,"gold_loss":0},{"damage_healed":0,"gold_gain":275,"player_choice":"Desecrate","damage_taken":0,"max_hp_gain":0,"max_hp_loss":0,"event_name":"Golden Shrine","floor":27,"gold_loss":0,"cards_obtained":["Regret"]}],"is_beta":false,"boss_relics":[{"not_picked":["Ectoplasm","Philosopher\u0027s Stone"],"picked":"Cursed Key"}],"items_purged_floors":[22],"is_endless":false,"potions_floor_spawned":[1,7,16,23,28,31],"killed_by":"Champ","ascension_level":1}}