{"host":"5jn3rki867005t18","time":1608459268,"event":{"mods":["AchievementEnabler","BaseMod","Colored Map","Minty Spire (QoL Compilation)","Rare Cards Sparkle","StSLib","SuperFastMode"],"gold_per_floor":[114,127,140,140,153,153,153,173,173,173,193,209,209,229,229,324,324,335,348,366,20,20,20],"floor_reached":22,"playtime":1036,"items_purged":[],"score":182,"play_id":"497137a4-d52a-44f1-98be-af40b34a0f53","local_time":"20201220191428","is_ascension_mode":false,"campfire_choices":[{"data":"Blood for Blood","floor":6.0,"key":"SMITH"},{"floor":13.0,"key":"REST"},{"floor":15.0,"key":"REST"}],"circlet_count":0,"master_deck":["Strike_R","Strike_R+1","Strike_R+1","Strike_R","Defend_R","Defend_R","Defend_R","Defend_R","Bash","True Grit","Spot Weakness","Blood for Blood+1","Disarm","Iron Wave","Carnage","Sever Soul","Uppercut","Berserk","Clash","Demon Form","Perfected Strike+1","Twin Strike+1","Infernal Blade+1","Chrysalis"],"relics":["Burning Blood","NlothsMask","Sozu","Nunchaku"],"acts_visited":["Exordium","TheCity"],"potions_floor_usage":[16,16,18],"damage_taken":[{"damage":13.0,"enemies":"Small Slimes","floor":1.0,"turns":5.0},{"damage":9.0,"enemies":"Cultist","floor":2.0,"turns":5.0},{"damage":5.0,"enemies":"2 Louse","floor":3.0,"turns":2.0},{"damage":19.0,"enemies":"2 Fungi Beasts","floor":5.0,"turns":5.0},{"damage":8.0,"enemies":"Looter","floor":8.0,"turns":3.0},{"damage":15.0,"enemies":"Gremlin Gang","floor":11.0,"turns":5.0},{"damage":14.0,"enemies":"3 Louse","floor":12.0,"turns":5.0},{"damage":7.0,"enemies":"2 Fungi Beasts","floor":14.0,"turns":4.0},{"damage":17,"enemies":"Slime Boss","floor":16,"turns":10},{"damage":29,"enemies":"3 Byrds","floor":18,"turns":6},{"damage":1,"enemies":"Chosen","floor":19,"turns":4},{"damage":44,"enemies":"Snake Plant","floor":20,"turns":3},{"damage":31,"enemies":"Shelled Parasite and Fungi","floor":22,"turns":2}],"seed_played":"3071724581282854522","potions_obtained":[{"floor":3.0,"key":"Explosive Potion"},{"floor":8.0,"key":"EssenceOfSteel"},{"floor":11.0,"key":"SpeedPotion"},{"floor":12.0,"key":"GamblersBrew"},{"floor":16,"key":"GamblersBrew"}],"is_trial":false,"path_per_floor":["M","M","M","?","M","R","?","M","T","?","M","M","R","M","R","B",null,"M","M","M","$","M"],"character_chosen":"IRONCLAD","items_purchased":["Nunchaku","Chrysalis"],"campfire_rested":2,"item_purchase_floors":[21,21],"current_hp_per_floor":[73,70,71,71,58,58,42,40,40,40,31,23,47,46,70,59,80,57,62,24,24,0,0],"gold":20,"neow_bonus":"TRANSFORM_CARD","is_daily":false,"chose_seed":false,"campfire_upgraded":1,"win_rate":0.0,"timestamp":1608459268,"path_taken":["M","M","M","?","?","R","?","M","T","?","M","M","R","M","R","BOSS","M","?","M","$","M"],"items_purchased_type":["Relic","Card"],"build_version":"2020-12-13","purchased_purges":0,"victory":false,"max_hp_per_floor":[80,80,80,80,80,80,80,80,80,80,80,80,80,80,80,80,80,80,80,80,80,80,80],"card_choices":[{"not_picked":["Shrug It Off","True Grit"],"picked":"Spot Weakness","floor":1.0},{"not_picked":["Warcry","True Grit"],"picked":"Blood for Blood","floor":2.0},{"not_picked":["Spot Weakness","Hemokinesis"],"picked":"Disarm","floor":3.0},{"not_picked":["Metallicize","Entrench"],"picked":"Iron Wave","floor":5.0},{"not_picked":["Uppercut","Metallicize"],"picked":"Carnage","floor":8.0},{"not_picked":["Iron Wave","Warcry"],"picked":"Uppercut","floor":11.0},{"not_picked":["Twin Strike","Shrug It Off"],"picked":"Berserk","floor":12.0},{"not_picked":["Hemokinesis","Iron Wave"],"picked":"Clash","floor":14.0},{"not_picked":["Limit Break","Fiend Fire"],"picked":"Demon Form","floor":16},{"not_picked":["True Grit+1","Thunderclap"],"picked":"Perfected Strike+1","floor":18},{"not_picked":["Flex","Perfected Strike+1"],"picked":"Twin Strike+1","floor":19},{"not_picked":["Heavy Blade+1","Uppercut"],"picked":"Infernal Blade+1","floor":20}],"player_experience":21152,"relics_obtained":[],"event_choices":[{"damage_healed":0.0,"max_hp_gain":0.0,"max_hp_loss":0.0,"gold_gain":0.0,"event_name":"FaceTrader","player_choice":"Trade","floor":4.0,"gold_loss":0.0,"damage_taken":0.0,"relics_obtained":["NlothsMask"]},{"damage_healed":0.0,"max_hp_gain":0.0,"max_hp_loss":0.0,"gold_gain":0.0,"event_name":"Shining Light","player_choice":"Entered Light","floor":7.0,"gold_loss":0.0,"damage_taken":16.0,"cards_upgraded":["Strike_R","Strike_R"]},{"damage_healed":0.0,"max_hp_gain":0.0,"max_hp_loss":0.0,"gold_gain":0.0,"event_name":"Match and Keep!","player_choice":"1 cards matched","floor":10.0,"gold_loss":0.0,"damage_taken":0.0,"cards_obtained":["Sever Soul"]}],"is_beta":false,"boss_relics":[{"not_picked":["Philosopher\u0027s Stone","Cursed Key"],"picked":"Sozu"}],"items_purged_floors":[],"is_endless":false,"potions_floor_spawned":[3,8,11,12,16,18],"killed_by":"Shelled Parasite and Fungi","ascension_level":0}}