{"host":"rwzz6mk6bpmb57ql","time":1608433986,"event":{"mods":["AchievementEnabler","BaseMod","BetterRewards","Colored Map","Highlight Path","Hubris","Minty Spire (QoL Compilation)","Replay The Spire","StSLib"],"gold_per_floor":[5118,5133,5133,5198,4668,4668,4743,4693,4718,4743,3070,3070,3128,3192,3192,3296,3296,3351,3458,3458,3521,3580,2814,2878,2939,2963,2149,2209,2240,2254,2272,2272,2416,2416,2435,2435,2008,2028,280,305,317,342,365,390,390,390,407,407,407,407,407,407,110,135,135],"floor_reached":56,"playtime":2092,"items_purged":["Normality","Defend_R","Defend_R","Defend_R","Strike_R","Defend_R","Strike_R"],"score":2185,"play_id":"7d990ea2-ed6d-4bc1-a552-a07f4f14f81c","local_time":"20201219211306","is_ascension_mode":true,"campfire_choices":[{"floor":6,"key":"RECALL"},{"data":"Bludgeon","floor":12,"key":"SMITH"},{"floor":15,"key":"DIG"},{"data":"Carnage","floor":32,"key":"SMITH"},{"data":"Rampage","floor":46,"key":"SMITH"},{"floor":49,"key":"REST"},{"data":"Madness","floor":52,"key":"SMITH"}],"circlet_count":0,"master_deck":["Strike_R","Strike_R","Bash","Hemokinesis","Anger","Bloodletting","Replay:Undeath\u0027s Touch","Bludgeon+1","Carnage+1","Twin Strike+1","Dropkick","Rampage","ReplayTheSpireMod:Muscle Training","Seeing Red+1","Brutality+1","Rampage+1","Shrug It Off+1","Double Tap+1","hubris:EnhanceAbility+1","Brutality+1","hubris:DuctTapeCard","Inflame+1","ReplayTheSpireMod:Muscle Training","Madness+1","Madness","Heavy Blade"],"relics":["Burning Blood","ReplayTheSpireMod:Ring of Exchange","ReplayTheSpireMod:Ring of Challenge","hubris:ChampionShield","Dream Catcher","ClockworkSouvenir","InkBottle","hubris:PeanutButter","Matryoshka","Bag of Marbles","hubris:Stopwatch","Garlic","hubris:BottledRain","hubris:Backtick","Replay:Bottled Snecko","Mercury Hourglass","hubris:MedicalManual","Frozen Egg 2","Question Card","hubris:IronBody","Red Skull","hubris:TenFootPole","TheAbacus","Happy Flower","hubris:GlazedTorus","Black Star","Replay:Accelerometer","King of Hearts","Pear","hubris:TerracottaHorce","hubris:SlimyHat","Magic Flower","Juzu Bracelet","ReplayTheSpireMod:Lightbulb","Anchor","hubris:DuctTape","Another Sword","Shuriken","hubris:Reverence"],"acts_visited":["Exordium","TheCity","TheBeyond","TheEnding"],"potions_floor_usage":[7,10,16,18,21,22,25,28,31,33,33,40,41,42,50,55,55,55],"damage_taken":[{"damage":14,"enemies":"Jaw Worm","floor":1,"turns":2},{"damage":8,"enemies":"Small Slimes","floor":2,"turns":3},{"damage":7,"enemies":"2 Louse","floor":4,"turns":4},{"damage":50,"enemies":"Replay:BlueRogue","floor":7,"turns":4},{"damage":71,"enemies":"3 Sentries","floor":10,"turns":9},{"damage":21,"enemies":"Gremlin Gang","floor":13,"turns":5},{"damage":0,"enemies":"Looter","floor":14,"turns":1},{"damage":0,"enemies":"Slime Boss","floor":16,"turns":3},{"damage":2,"enemies":"Spheric Guardian","floor":18,"turns":1},{"damage":0,"enemies":"Chosen","floor":21,"turns":2},{"damage":118,"enemies":"Sentry and Sphere","floor":22,"turns":4},{"damage":0,"enemies":"Snake Plant","floor":24,"turns":2},{"damage":2,"enemies":"Shelled Parasite and Fungi","floor":25,"turns":1},{"damage":8,"enemies":"Sentry and Sphere","floor":28,"turns":3},{"damage":43,"enemies":"Book of Stabbing","floor":29,"turns":4},{"damage":5,"enemies":"Snake Plant","floor":30,"turns":2},{"damage":5,"enemies":"Centurion and Healer","floor":31,"turns":3},{"damage":12,"enemies":"hubris:MusketHawk","floor":33,"turns":4},{"damage":9,"enemies":"3 Darklings","floor":35,"turns":2},{"damage":23,"enemies":"3 Shapes","floor":38,"turns":2},{"damage":4,"enemies":"Giant Head","floor":40,"turns":5},{"damage":13,"enemies":"Sphere and 2 Shapes","floor":41,"turns":2},{"damage":0,"enemies":"Reptomancer","floor":42,"turns":2},{"damage":12,"enemies":"R_Hoarder","floor":44,"turns":5},{"damage":0,"enemies":"3 Darklings","floor":47,"turns":2},{"damage":47,"enemies":"Awakened One","floor":50,"turns":5},{"damage":40,"enemies":"Shield and Spear","floor":54,"turns":4},{"damage":54,"enemies":"The Heart","floor":55,"turns":5}],"seed_played":"7333527770770687073","potions_obtained":[{"floor":2,"key":"BloodPotion"},{"floor":4,"key":"SteroidPotion"},{"floor":14,"key":"BlessingOfTheForge"},{"floor":16,"key":"Fire Potion"},{"floor":18,"key":"ColorlessPotion"},{"floor":19,"key":"Doom Potion"},{"floor":24,"key":"Milkshake"},{"floor":25,"key":"Fire Potion"},{"floor":31,"key":"Weak Potion"},{"floor":33,"key":"PowerPotion"},{"floor":35,"key":"SpeedPotion"},{"floor":38,"key":"Toxic Potion"},{"floor":40,"key":"Ancient Potion"},{"floor":44,"key":"Elixir"},{"floor":54,"key":"Strength Potion"}],"is_trial":false,"path_per_floor":["M","M","?","M","$","R","E","?","T","E","$","R","M","M","R_BF","B",null,"M","?","?","M","M","$","M","M","T","$","M","E","M","M","R","B",null,"M","?","$","M","$","E","M","E","T","E","?","R","M","?","R","B",null,"R","$","E","B",null],"character_chosen":"IRONCLAD","items_purchased":["hubris:ChampionShield","Dream Catcher","ClockworkSouvenir","Bludgeon","Matryoshka","Bag of Marbles","hubris:Stopwatch","Frozen Egg 2","Question Card","PowerPotion","DuplicationPotion","Brutality+1","Red Skull","hubris:TenFootPole","TheAbacus","Rampage","Replay:Accelerometer","King of Hearts","Pear","hubris:TerracottaHorce","hubris:EnhanceAbility+1","Heavy Blade","BloodPotion"],"campfire_rested":1,"item_purchase_floors":[5,5,5,11,11,11,11,23,23,23,23,27,27,27,27,27,37,39,39,39,39,53,53],"current_hp_per_floor":[114,112,112,111,111,111,67,67,67,118,118,118,103,109,109,115,126,130,98,98,104,92,92,98,102,102,102,100,63,64,65,65,59,112,109,109,109,92,102,104,100,109,109,106,106,106,115,106,140,102,131,131,131,100,95],"gold":135,"neow_bonus":"THREE_CARDS","is_daily":false,"chose_seed":false,"campfire_upgraded":4,"win_rate":0.0,"timestamp":1608433986,"path_taken":["M","M","?","M","$","R","E","?","T","E","$","R","M","M","R_BF","BOSS","M","?","?","M","?","$","M","M","T","$","M","E","M","M","R","BOSS","M","?","$","?","$","E","M","E","T","E","?","R","M","?","R","BOSS","R","$","E","BOSS"],"items_purchased_type":["Relic","Relic","Relic","Card","Relic","Relic","Relic","Relic","Relic","Potion","Potion","Card","Relic","Relic","Relic","Card","Relic","Relic","Relic","Relic","Card","Card","Potion"],"build_version":"2020-12-13","purchased_purges":7,"victory":true,"max_hp_per_floor":[130,130,130,130,130,130,130,130,130,130,130,130,130,130,130,130,130,130,130,130,130,130,130,130,130,130,130,130,130,130,130,130,130,130,130,130,130,130,140,140,140,140,140,140,140,140,140,140,140,140,140,140,140,140,140],"card_choices":[{"not_picked":["Power Through","hubris:ReadiedAction"],"picked":"Hemokinesis","floor":0},{"not_picked":["hubris:ReadiedAction","Thunderclap"],"picked":"Anger","floor":1},{"not_picked":["Intimidate","Entrench"],"picked":"Bloodletting","floor":2},{"not_picked":["Metallicize","Iron Wave","Havoc"],"picked":"SKIP","floor":4},{"not_picked":["Armaments","Sword Boomerang","ReplayReversal"],"picked":"SKIP","floor":7},{"not_picked":["Battle Trance","Headbutt"],"picked":"Replay:Undeath\u0027s Touch","floor":10},{"not_picked":["Dual Wield","Body Slam"],"picked":"Carnage","floor":13},{"not_picked":["Whirlwind","Iron Wave","Ghostly Armor"],"picked":"SKIP","floor":14},{"not_picked":["Thunderclap","Headbutt"],"picked":"Twin Strike+1","floor":18},{"not_picked":["hubris:CleavingFinish","Heavy Blade"],"picked":"Dropkick","floor":19},{"not_picked":["Corruption","Heavy Blade"],"picked":"Rampage","floor":19},{"not_picked":["Iron Wave+1","Uppercut","Sentinel+1"],"picked":"SKIP","floor":21},{"not_picked":["Havoc","True Grit"],"picked":"ReplayTheSpireMod:Muscle Training","floor":22},{"not_picked":["Wild Strike","Iron Wave+1","Run Through","ReplayTheSpireMod:Stacked"],"picked":"SKIP","floor":24},{"not_picked":["Shrug It Off+1","Bloodletting","ReplayReversal"],"picked":"Seeing Red+1","floor":25},{"not_picked":["Flex","Armaments","Evolve+1","Warcry"],"picked":"SKIP","floor":28},{"not_picked":["Perfected Strike","Heavy Blade","Headbutt"],"picked":"Inflame+1","floor":29},{"not_picked":["ReplayTheSpireMod:Stacked","Flex","Body Slam","Clash"],"picked":"SKIP","floor":30},{"not_picked":["hubris:ReadiedAction","Body Slam+1","True Grit"],"picked":"Shrug It Off+1","floor":31},{"not_picked":["Barricade+1","Fiend Fire","Feed"],"picked":"Double Tap","floor":33},{"not_picked":["Havoc","Warcry+1","Heavy Blade+1","Intimidate+1"],"picked":"SKIP","floor":35},{"not_picked":["Sword Boomerang","Sever Soul+1","Intimidate+1","Run Through+1"],"picked":"SKIP","floor":38},{"not_picked":["Eclipse","Pummel","True Grit","Thunderclap+1"],"picked":"SKIP","floor":40},{"not_picked":["Intimidate+1","Flex+1","Havoc"],"picked":"Inflame+1","floor":41},{"not_picked":["Clothesline","ReplayTheSpireMod:LeadingStrike+1","Life Link+1"],"picked":"Brutality+1","floor":42},{"not_picked":["Twin Strike","Run Through","Dark Embrace+1"],"picked":"Inflame+1","floor":44},{"not_picked":["ReplayReversal+1","Defy Death+1","Thunderclap+1"],"picked":"ReplayTheSpireMod:Muscle Training","floor":47},{"not_picked":["Fiend Fire","hubris:CleavingFinish","hubris:ReadiedAction+1","Wild Strike"],"picked":"SKIP","floor":54}],"player_experience":59747,"relics_obtained":[{"floor":3,"key":"ReplayTheSpireMod:Ring of Exchange"},{"floor":3,"key":"ReplayTheSpireMod:Ring of Challenge"},{"floor":7,"key":"InkBottle"},{"floor":10,"key":"hubris:PeanutButter"},{"floor":14,"key":"Garlic"},{"floor":15,"key":"hubris:BottledRain"},{"floor":19,"key":"Mercury Hourglass"},{"floor":22,"key":"hubris:MedicalManual"},{"floor":26,"key":"hubris:IronBody"},{"floor":28,"key":"Happy Flower"},{"floor":29,"key":"hubris:GlazedTorus"},{"floor":40,"key":"hubris:SlimyHat"},{"floor":40,"key":"Magic Flower"},{"floor":42,"key":"Juzu Bracelet"},{"floor":42,"key":"ReplayTheSpireMod:Lightbulb"},{"floor":43,"key":"Anchor"},{"floor":44,"key":"hubris:DuctTape"},{"floor":44,"key":"Another Sword"},{"floor":54,"key":"Shuriken"},{"floor":54,"key":"hubris:Reverence"}],"event_choices":[{"cards_removed":["Strike_R"],"damage_healed":0,"gold_gain":0,"player_choice":"Card Removal","damage_taken":0,"max_hp_gain":0,"max_hp_loss":0,"event_name":"The Cleric","floor":8,"gold_loss":50},{"damage_healed":0,"gold_gain":0,"player_choice":"0 cards matched","damage_taken":0,"max_hp_gain":0,"max_hp_loss":0,"event_name":"Match and Keep!","floor":20,"gold_loss":0,"cards_obtained":[]},{"damage_healed":0,"gold_gain":0,"player_choice":"Upgraded","damage_taken":0,"max_hp_gain":0,"max_hp_loss":0,"event_name":"Upgrade Shrine","floor":36,"gold_loss":0,"cards_upgraded":["Double Tap"]},{"damage_healed":0,"gold_gain":0,"player_choice":"Ignored","damage_taken":0,"max_hp_gain":0,"max_hp_loss":0,"event_name":"Tomb of Lord Red Mask","floor":45,"gold_loss":0},{"damage_healed":0,"gold_gain":0,"player_choice":"Embrace Madness","damage_taken":18,"max_hp_gain":0,"max_hp_loss":0,"event_name":"Winding Halls","floor":48,"gold_loss":0,"cards_obtained":["Madness","Madness"]}],"is_beta":false,"boss_relics":[{"not_picked":["Strange Spoon","Empty Cage"],"picked":"hubris:Backtick"},{"not_picked":["Kintsugi","hubris:CrackedHourglass"],"picked":"Black Star"}],"items_purged_floors":[5,11,23,27,37,39,53],"is_endless":false,"potions_floor_spawned":[2,4,14,16,18,24,25,31,33,35,38,40,44,54],"ascension_level":12}}