{"host":"lck2g1j0kcwr02ez","time":1608474777,"event":{"mods":["Act Like it!","BaseMod","CapriCore","Hallownest","Mari Mod (Legacy)","Mari\u0027s V1 Patch","Minty Spire (QoL Compilation)","Rare Cards Sparkle","StSLib","The Bug Knight","The Hierophant"],"gold_per_floor":[111,9018,9018,9018,9029,9055,8755,8755,8779,8186,8196,8196,8166,7253,7253,7354,7354,7365,6503,5735,5746,5030,5060,5060,5060,5060,4371,4389,4421,4171,4190,4190,4295,4295,4311,4330,3585,3585,2898,2898,2347,2347,2347,2347,2347,2167,1414,1414,1414,1516],"floor_reached":51,"playtime":2123,"items_purged":["HollowMod:InfectedCysts","HollowMod:CycloneSlash","HollowMod:HowlingWraiths","Injury","HollowMod:LifebloodCocoon"],"score":923,"play_id":"fbdac9b6-c1ba-4994-8213-ae3d00c86353","local_time":"20201220223257","daily_mods":["Draft","Heirloom","Flight"],"is_ascension_mode":false,"campfire_choices":[{"data":"Apotheosis","floor":12,"key":"SMITH"},{"floor":15,"key":"REST"},{"floor":32,"key":"DIG"},{"floor":40,"key":"DIG"},{"floor":42,"key":"DIG"},{"floor":44,"key":"DIG"},{"floor":49,"key":"DIG"}],"circlet_count":0,"master_deck":["HollowMod:SoulSplash","HollowMod:CoiledNail+1","HollowMod:MantisMark","HollowMod:HuntersJournal","HollowMod:SoulStrike","HollowMod:SoulStrike","HollowMod:GoodIntentions","HollowMod:GrimmsGift","HollowMod:SoulStrike","HollowMod:SoulStrike","HollowMod:CloakDash","HollowMod:DashSlash","HollowMod:CoiledNail","HollowMod:CycloneSlash","Apotheosis+1","HollowMod:FastStrike","HollowMod:SiblingsSouls","HollowMod:DashSlash","HollowMod:NewLastStag","HollowMod:HuntersJournal","HollowMod:AwokenDreamNail+1","Panacea","HollowMod:AwokenDreamNail","HollowMod:BaldurShell","HollowMod:DashSlash","HollowMod:SlysStrikes","HollowMod:SoulVessel","Trip","HollowMod:SoulEater+1","HollowMod:SoulEater+1","HollowMod:RecoilStrike+1","HollowMod:PureVessel+1","Clumsy","Hallownest:curseDreamersLament"],"relics":["HollowMod:KingsSoulRelic","Ginger","Bottled Lightning","Strawberry","Frozen Eye","Hallownest:DreamNailRelic","Pen Nib","Nunchaku","Gremlin Horn","Singing Bowl","FossilizedHelix","Peace Pipe","OrangePellets","Medical Kit","Bag of Marbles","Incense Burner","Ice Cream","Pocketwatch","Shovel","Happy Flower","Lee\u0027s Waffle","Whetstone","Hallownest:NailmastersGloryRelic","Shuriken","InkBottle","HollowMod:JonisBlessing","Art of War","PreservedInsect","HollowMod:PaleOreRelic","Hallownest:UnbreakableCardRelic","Boot","Cursed Key","HandDrill","Centennial Puzzle","Matryoshka","Frozen Egg 2","StrikeDummy","Orrery","Anchor","Regal Pillow","Letter Opener","Blue Candle","Vajra","Sundial","HollowMod:IsmasTear","Hallownest:BeastSealRelic","Hallownest:StagBellRelic1","Oddly Smooth Stone","Prayer Wheel","TheAbacus","Bronze Scales"],"acts_visited":["Exordium","Hallownest:Greenpath","Hallownest:CityofTears"],"potions_floor_usage":[14,21,50],"damage_taken":[{"damage":10,"enemies":"Hallownest:2_Baldur","floor":1,"turns":2},{"damage":0,"enemies":"Hallownest:monsterHuskWarrior","floor":5,"turns":2},{"damage":11,"enemies":"Hallownest:eliteCrystalGuardian","floor":6,"turns":3},{"damage":14,"enemies":"Hallownest:2_Tiktiks_and_1_Crawlid","floor":11,"turns":2},{"damage":8,"enemies":"Hallownest:BossBrokenVessel","floor":16,"turns":3},{"damage":0,"enemies":"Hallownest:2_Mistakes","floor":18,"turns":2},{"damage":0,"enemies":"Hallownest:3_Youths","floor":21,"turns":2},{"damage":0,"enemies":"Hallownest:eliteSoulWarrior","floor":23,"turns":3},{"damage":0,"enemies":"Hallownest:2_Husk_Sentries","floor":28,"turns":2},{"damage":0,"enemies":"Hallownest:Nosk","floor":29,"turns":3},{"damage":0,"enemies":"Hallownest:2_Flukemon","floor":31,"turns":2},{"damage":0,"enemies":"Hallownest:BossSoulMaster","floor":33,"turns":4},{"damage":0,"enemies":"Hallownest:3_Siblings","floor":35,"turns":1},{"damage":0,"enemies":"Hallownest:2_Littles","floor":36,"turns":3},{"damage":25,"enemies":"Hallownest:BossHollowKnight","floor":50,"turns":5}],"seed_played":"-6755140816205567973","potions_obtained":[{"floor":1,"key":"SneckoOil"},{"floor":16,"key":"EntropicBrew"},{"floor":28,"key":"Dexterity Potion"},{"floor":29,"key":"PowerPotion"},{"floor":50,"key":"Fire Potion"}],"is_trial":true,"path_per_floor":["M","$","?","?","M","E","?","?","T","$","M","R","?","$","R","B",null,"M","$","$","M","$","E","?","?","T","$","M","E","?","M","R","B",null,"M","M","$","?","$","R","$","R","T","R","?","?","$","?","R","B",null],"character_chosen":"THE_BUGKNIGHT","items_purchased":["Energy Potion","Apotheosis","Bottled Lightning","HollowMod:FastStrike","Strawberry","Frozen Eye","ColorlessPotion","CultistPotion","Gremlin Horn","Singing Bowl","FossilizedHelix","Peace Pipe","OrangePellets","Fruit Juice","Explosive Potion","Medical Kit","Bag of Marbles","Incense Burner","Panacea","Master of Strategy","Ice Cream","Pocketwatch","HollowMod:AwokenDreamNail","Shovel","Happy Flower","Lee\u0027s Waffle","HollowMod:JonisBlessing","Art of War","PreservedInsect","HollowMod:BaldurShell","HandDrill","Centennial Puzzle","Matryoshka","DistilledChaos","Trip","Frozen Egg 2","StrikeDummy","HollowMod:SoulEater+1","Orrery","Regal Pillow","Letter Opener","HollowMod:PureVessel+1","Oddly Smooth Stone","Prayer Wheel","TheAbacus"],"campfire_rested":1,"item_purchase_floors":[2,2,2,2,2,2,2,2,10,10,14,14,14,14,14,19,19,19,19,19,20,20,20,22,22,22,27,27,27,27,37,37,37,37,37,39,39,39,39,41,41,41,47,47,47],"current_hp_per_floor":[65,72,72,72,72,61,61,52,52,52,38,38,60,65,87,79,87,89,89,89,91,98,100,100,100,100,100,102,104,104,104,104,104,104,106,106,106,101,107,107,107,107,107,107,107,107,107,107,107,84],"gold":1516,"neow_bonus":"","is_daily":false,"chose_seed":false,"campfire_upgraded":1,"win_rate":0.0,"timestamp":1608474777,"path_taken":["M","$","?","?","?","E","?","?","T","?","?","R","?","$","R","BOSS","M","$","$","M","$","E","?","?","T","?","?","E","?","?","R","BOSS","M","M","$","?","$","R","$","R","T","R","?","?","?","?","R","BOSS"],"items_purchased_type":["Potion","Card","Relic","Card","Relic","Relic","Potion","Potion","Relic","Relic","Relic","Relic","Relic","Potion","Potion","Relic","Relic","Relic","Card","Card","Relic","Relic","Card","Relic","Relic","Relic","Relic","Relic","Relic","Card","Relic","Relic","Relic","Potion","Card","Relic","Relic","Card","Relic","Relic","Relic","Card","Relic","Relic","Relic"],"build_version":"2020-12-13","purchased_purges":5,"victory":true,"max_hp_per_floor":[75,82,82,82,82,82,82,82,82,82,82,82,82,87,87,87,87,89,89,89,91,98,100,100,100,100,100,102,104,104,104,104,104,104,106,106,106,101,107,107,107,107,107,107,107,107,107,107,107,109],"card_choices":[{"not_picked":["HollowMod:BlackTendrils","HollowMod:CornifersMapStart"],"picked":"HollowMod:HowlingWraiths","floor":0},{"not_picked":["HollowMod:GoodIntentions","HollowMod:MothsMistake"],"picked":"HollowMod:SoulSplash","floor":0},{"not_picked":["HollowMod:MothsMistake","HollowMod:QuirrelsAssistance"],"picked":"HollowMod:CoiledNail","floor":0},{"not_picked":["HollowMod:PureNailStrike","HollowMod:ShadowDash"],"picked":"HollowMod:InfectedCysts","floor":0},{"not_picked":["HollowMod:WraithStrike","HollowMod:DoubleDash"],"picked":"HollowMod:MantisMark","floor":0},{"not_picked":["HollowMod:TaintedHusks","HollowMod:WraithStrike"],"picked":"HollowMod:HuntersJournal","floor":0},{"not_picked":["HollowMod:InfectedCysts","HollowMod:HowlingWraiths"],"picked":"HollowMod:SoulStrike","floor":0},{"not_picked":["HollowMod:SharpenedNail","HollowMod:CornifersMapStart"],"picked":"HollowMod:SoulStrike","floor":0},{"not_picked":["HollowMod:TaintedHusks","HollowMod:InfectedCysts"],"picked":"HollowMod:LifebloodCocoon","floor":0},{"not_picked":["HollowMod:MothsMistake","HollowMod:MawleksShell"],"picked":"HollowMod:GoodIntentions","floor":0},{"not_picked":["HollowMod:SiblingsSouls","HollowMod:ShadowDash"],"picked":"HollowMod:GrimmsGift","floor":0},{"not_picked":["HollowMod:ChannelNail","HollowMod:Grubsong"],"picked":"HollowMod:SoulStrike","floor":0},{"not_picked":["HollowMod:NewGlowingWomb","HollowMod:LuriensSpire"],"picked":"HollowMod:SoulStrike","floor":0},{"not_picked":["HollowMod:GoodIntentions","HollowMod:InfectedCysts"],"picked":"HollowMod:CloakDash","floor":0},{"not_picked":["HollowMod:TaintedHusks","HollowMod:MothsMistake"],"picked":"HollowMod:DashSlash","floor":0},{"not_picked":["HollowMod:GoodIntentions","HollowMod:SiblingsSouls","HollowMod:WraithStrike"],"picked":"SKIP","floor":1},{"not_picked":["HollowMod:LifebloodCocoon","HollowMod:ChannelNail"],"picked":"HollowMod:SiblingsSouls","floor":5},{"not_picked":["HollowMod:BrokenVessel","HollowMod:TaintedHusks"],"picked":"HollowMod:DashSlash","floor":6},{"not_picked":["HollowMod:DesolateDive","HollowMod:ChannelNail"],"picked":"HollowMod:HuntersJournal","floor":11},{"not_picked":["HollowMod:HornetsHelp","HollowMod:MidwifesHunger"],"picked":"HollowMod:AwokenDreamNail","floor":16},{"not_picked":["HollowMod:NewLittleFool","HollowMod:SharpenedShadows","HollowMod:DreamGate"],"picked":"Singing Bowl","floor":18},{"not_picked":["HollowMod:VengefulVoid","HollowMod:GoodIntentions","HollowMod:GreatSlash"],"picked":"Singing Bowl","floor":21},{"not_picked":["HollowMod:SoulStrike","HollowMod:BrokenVessel","HollowMod:CycloneSlash+1"],"picked":"Singing Bowl","floor":23},{"not_picked":["HollowMod:PerfectDash","HollowMod:NewLittleFool","HollowMod:DreamGate"],"picked":"Singing Bowl","floor":28},{"not_picked":["HollowMod:InfectedAttack","HollowMod:DescendingDark","HollowMod:SoulStrike"],"picked":"Singing Bowl","floor":29},{"not_picked":["HollowMod:HeavyBlow","HollowMod:GoodIntentions"],"picked":"HollowMod:DashSlash","floor":31},{"not_picked":["HollowMod:SoulMaster","HollowMod:LifebloodCore"],"picked":"HollowMod:SlysStrikes","floor":33},{"not_picked":["HollowMod:LifebloodCocoon+1","HollowMod:HeavyBlow","HollowMod:HowlingWraiths+1"],"picked":"Singing Bowl","floor":35},{"not_picked":["HollowMod:CloakDash+1","HollowMod:SiblingsSouls"],"picked":"HollowMod:SoulVessel","floor":36},{"not_picked":["HollowMod:CornifersMapStart+1","HollowMod:CrystalDash","HollowMod:RadiancesLament"],"picked":"Singing Bowl","floor":39},{"not_picked":["HollowMod:SoulStrike","HollowMod:InfectedAttack+1"],"picked":"HollowMod:SoulEater+1","floor":39},{"not_picked":["HollowMod:LifebloodCocoon+1","HollowMod:PerfectDash+1"],"picked":"HollowMod:RecoilStrike+1","floor":39},{"not_picked":["HollowMod:ElderbugsWisdom+1","HollowMod:SoulStrike+1","HollowMod:CloakDash"],"picked":"Singing Bowl","floor":39},{"not_picked":["HollowMod:CornifersMapStart","HollowMod:ChannelNail","HollowMod:CloakDash"],"picked":"Singing Bowl","floor":39},{"not_picked":["HollowMod:PaleKingsBlessing","HollowMod:RadiancesLament","HollowMod:NewInfectedGuardian"],"picked":"Singing Bowl","floor":50}],"player_experience":256270,"relics_obtained":[{"floor":6,"key":"Pen Nib"},{"floor":9,"key":"Nunchaku"},{"floor":23,"key":"Whetstone"},{"floor":26,"key":"InkBottle"},{"floor":29,"key":"HollowMod:PaleOreRelic"},{"floor":32,"key":"Boot"},{"floor":40,"key":"Anchor"},{"floor":42,"key":"Blue Candle"},{"floor":43,"key":"Vajra"},{"floor":43,"key":"Sundial"},{"floor":44,"key":"HollowMod:IsmasTear"},{"floor":49,"key":"Bronze Scales"}],"event_choices":[],"is_beta":false,"boss_relics":[{"not_picked":["Runic Pyramid","Sozu"],"picked":"HollowMod:KingsSoulRelic"},{"not_picked":["Runic Dome","Velvet Choker"],"picked":"Cursed Key"}],"items_purged_floors":[2,10,22,27,47],"is_endless":false,"potions_floor_spawned":[1,6,16,28,29,50],"ascension_level":0}}