{"host":"51f0ad793vly1w6u","time":1608446079,"event":{"mods":["BaseMod","Colored Map","DeckTracker","Minty Spire (QoL Compilation)","StSLib","SuperFastMode"],"gold_per_floor":[116,116,166,178,178,178,207,207,207,226,253,253,271,330,330,404,404,418,436,326,345,364,364,396,396,466,476,509,519,549,145,145,218,218,233,245,257,257,267,267,267,267],"floor_reached":41,"playtime":804,"items_purged":["Defend_P"],"score":1136,"play_id":"0c05bc92-5c35-42b1-a745-472c28727411","local_time":"20201220153439","is_ascension_mode":true,"campfire_choices":[{"data":"Eruption","floor":6.0,"key":"SMITH"},{"data":"Conclude","floor":8.0,"key":"SMITH"},{"data":"Scrawl","floor":15.0,"key":"SMITH"},{"data":"Vault","floor":23.0,"key":"SMITH"},{"data":"CrushJoints","floor":32.0,"key":"SMITH"},{"data":"Adaptation","floor":40.0,"key":"SMITH"}],"circlet_count":0,"master_deck":["AscendersBane","Strike_P+1","Strike_P","Strike_P+1","Defend_P","Defend_P","Eruption+1","Vigilance","FollowUp+1","Conclude+1","EmptyBody","Scrawl+1","Halt","Halt","Vault+1","CrushJoints+1","ReachHeaven+1","EmptyFist","SandsOfTime+1","MentalFortress","Wallop+1","TalkToTheHand+1","MentalFortress","Vault+1","DeusExMachina","TalkToTheHand+1","Adaptation+1","FearNoEvil+1"],"relics":["PureWater","NeowsBlessing","Damaru","Toy Ornithopter","Meat on the Bone","FossilizedHelix","Turnip","Coffee Dripper","Molten Egg 2","White Beast Statue","TungstenRod","Red Mask","DollysMirror","Cursed Key"],"acts_visited":["Exordium","TheCity","TheBeyond"],"potions_floor_usage":[41,41],"damage_taken":[{"damage":0.0,"enemies":"2 Louse","floor":1.0,"turns":1.0},{"damage":0.0,"enemies":"Jaw Worm","floor":4.0,"turns":1.0},{"damage":0.0,"enemies":"3 Sentries","floor":7.0,"turns":2.0},{"damage":0.0,"enemies":"Cultist","floor":10.0,"turns":2.0},{"damage":0.0,"enemies":"Lagavulin","floor":11.0,"turns":3.0},{"damage":0.0,"enemies":"Looter","floor":13.0,"turns":2.0},{"damage":0.0,"enemies":"3 Sentries","floor":14.0,"turns":5.0},{"damage":27.0,"enemies":"The Guardian","floor":16.0,"turns":8.0},{"damage":0.0,"enemies":"Shell Parasite","floor":18.0,"turns":3.0},{"damage":0.0,"enemies":"Spheric Guardian","floor":19.0,"turns":3.0},{"damage":5.0,"enemies":"Snecko","floor":21.0,"turns":6.0},{"damage":8.0,"enemies":"Snake Plant","floor":22.0,"turns":3.0},{"damage":0.0,"enemies":"Slavers","floor":24.0,"turns":2.0},{"damage":0.0,"enemies":"Shelled Parasite and Fungi","floor":27.0,"turns":2.0},{"damage":7.0,"enemies":"Book of Stabbing","floor":28.0,"turns":4.0},{"damage":0.0,"enemies":"Snecko","floor":29.0,"turns":3.0},{"damage":0.0,"enemies":"Masked Bandits","floor":30.0,"turns":2.0},{"damage":0.0,"enemies":"Champ","floor":33.0,"turns":11.0},{"damage":14.0,"enemies":"3 Shapes","floor":35.0,"turns":3.0},{"damage":0.0,"enemies":"Orb Walker","floor":36.0,"turns":3.0},{"damage":0.0,"enemies":"Writhing Mass","floor":37.0,"turns":4.0},{"damage":10.0,"enemies":"Spire Growth","floor":39.0,"turns":4.0},{"damage":58,"enemies":"Reptomancer","floor":41,"turns":8}],"seed_played":"-5946574965873481788","potions_obtained":[{"floor":10.0,"key":"ColorlessPotion"},{"floor":13.0,"key":"Weak Potion"},{"floor":14.0,"key":"GamblersBrew"},{"floor":16.0,"key":"DuplicationPotion"},{"floor":19.0,"key":"DuplicationPotion"},{"floor":27.0,"key":"Weak Potion"},{"floor":28.0,"key":"BlessingOfTheForge"},{"floor":33.0,"key":"DuplicationPotion"},{"floor":35.0,"key":"BlessingOfTheForge"},{"floor":37.0,"key":"SpeedPotion"},{"floor":39.0,"key":"LiquidMemories"}],"is_trial":false,"path_per_floor":["M","?","?","M","?","R","E","R","T","M","E","T","M","?","R","B",null,"M","M","?","M","M","R","E","?","T","M","E","M","?","$","R","B",null,"M","M","M","?","M","R","E"],"character_chosen":"WATCHER","items_purchased":["TalkToTheHand+1","MentalFortress","DollysMirror"],"campfire_rested":0,"item_purchase_floors":[31,31,31],"current_hp_per_floor":[61,41,41,41,34,34,34,34,34,34,39,39,39,39,39,29,58,58,58,58,53,45,45,45,45,45,50,48,48,48,48,48,58,66,52,52,57,57,47,47,0,0],"gold":267,"neow_bonus":"THREE_ENEMY_KILL","is_daily":false,"chose_seed":false,"campfire_upgraded":6,"win_rate":0.0,"timestamp":1608446079,"path_taken":["M","?","?","?","?","R","E","R","T","M","E","?","M","?","R","BOSS","M","M","?","M","?","R","E","?","T","M","E","M","?","$","R","BOSS","M","M","M","?","M","R","E"],"items_purchased_type":["Card","Card","Relic"],"build_version":"2020-12-13","purchased_purges":1,"victory":false,"max_hp_per_floor":[68,68,68,68,68,68,68,68,68,68,68,68,68,68,68,68,68,68,68,68,68,68,68,68,68,68,68,68,68,68,68,68,68,68,68,68,68,65,65,65,65,65],"card_choices":[{"not_picked":["CutThroughFate","FlyingSleeves"],"picked":"FollowUp","floor":1.0},{"not_picked":["Crescendo","FlyingSleeves","ClearTheMind"],"picked":"SKIP","floor":4.0},{"not_picked":["CrushJoints","Consecrate"],"picked":"Conclude","floor":7.0},{"not_picked":["SashWhip","Halt"],"picked":"EmptyBody","floor":10.0},{"not_picked":["CutThroughFate","Collect"],"picked":"Scrawl","floor":11.0},{"not_picked":["ThirdEye","ClearTheMind"],"picked":"Halt","floor":13.0},{"not_picked":["FlyingSleeves","FlurryOfBlows"],"picked":"Halt","floor":14.0},{"not_picked":["Brilliance","ConjureBlade"],"picked":"Vault","floor":16.0},{"not_picked":["FollowUp","PathToVictory+1"],"picked":"CrushJoints","floor":18.0},{"not_picked":["LikeWater","WaveOfTheHand","Perseverance"],"picked":"SKIP","floor":19.0},{"not_picked":["Protect","Prostrate"],"picked":"ReachHeaven+1","floor":21.0},{"not_picked":["PathToVictory","Evaluate"],"picked":"EmptyFist","floor":22.0},{"not_picked":["CutThroughFate+1","Vengeance"],"picked":"SandsOfTime+1","floor":24.0},{"not_picked":["WreathOfFlame","FlyingSleeves+1"],"picked":"MentalFortress","floor":27.0},{"not_picked":["SashWhip+1","Perseverance","ConjureBlade"],"picked":"SKIP","floor":28.0},{"not_picked":["WheelKick+1","CarveReality+1","EmptyFist+1"],"picked":"SKIP","floor":29.0},{"not_picked":["Weave+1","Halt"],"picked":"Wallop+1","floor":30.0},{"not_picked":["Establishment","Omniscience"],"picked":"DeusExMachina","floor":33.0},{"not_picked":["SandsOfTime+1","BattleHymn"],"picked":"TalkToTheHand+1","floor":35.0},{"not_picked":["Vengeance","EmptyBody","Prostrate"],"picked":"SKIP","floor":36.0},{"not_picked":["CrushJoints+1","Wireheading"],"picked":"Adaptation","floor":37.0},{"not_picked":["FollowUp+1","CarveReality+1"],"picked":"FearNoEvil+1","floor":39.0}],"player_experience":1370727,"relics_obtained":[{"floor":7.0,"key":"Damaru"},{"floor":9.0,"key":"Toy Ornithopter"},{"floor":11.0,"key":"Meat on the Bone"},{"floor":12.0,"key":"FossilizedHelix"},{"floor":24.0,"key":"Molten Egg 2"},{"floor":26.0,"key":"White Beast Statue"},{"floor":28.0,"key":"TungstenRod"},{"floor":30.0,"key":"Red Mask"}],"event_choices":[{"damage_healed":0.0,"max_hp_gain":0.0,"max_hp_loss":0.0,"gold_gain":0.0,"event_name":"Shining Light","player_choice":"Entered Light","floor":2.0,"gold_loss":0.0,"damage_taken":20.0,"cards_upgraded":["Strike_P","Strike_P"]},{"damage_healed":0.0,"max_hp_gain":0.0,"max_hp_loss":0.0,"gold_gain":50.0,"event_name":"Golden Shrine","player_choice":"Pray","floor":3.0,"gold_loss":0.0,"damage_taken":0.0},{"cards_removed":["Strike_P"],"damage_healed":0.0,"max_hp_gain":0.0,"max_hp_loss":0.0,"gold_gain":0.0,"event_name":"Golden Wing","player_choice":"Card Removal","floor":5.0,"gold_loss":0.0,"damage_taken":7.0},{"damage_healed":0.0,"max_hp_gain":0.0,"max_hp_loss":0.0,"gold_gain":0.0,"event_name":"Dead Adventurer","player_choice":"Searched \u00272\u0027 times","floor":14.0,"gold_loss":0.0,"damage_taken":0.0,"relics_obtained":["Turnip"]},{"cards_removed":["Defend_P"],"damage_healed":0.0,"max_hp_gain":0.0,"max_hp_loss":0.0,"gold_gain":0.0,"event_name":"Designer","player_choice":"Upgrade and Remove","floor":20.0,"gold_loss":110.0,"damage_taken":0.0,"cards_upgraded":["FollowUp"]},{"damage_healed":0.0,"max_hp_gain":0.0,"max_hp_loss":0.0,"gold_gain":0.0,"event_name":"The Mausoleum","player_choice":"Ignored","floor":25.0,"gold_loss":0.0,"damage_taken":0.0},{"damage_healed":0.0,"max_hp_gain":0.0,"max_hp_loss":0.0,"gold_gain":0.0,"event_name":"Masked Bandits","player_choice":"Fought Bandits","floor":30.0,"gold_loss":0.0,"damage_taken":0.0},{"damage_healed":0.0,"max_hp_gain":0.0,"max_hp_loss":3.0,"gold_gain":0.0,"event_name":"Winding Halls","player_choice":"Max HP","floor":38.0,"gold_loss":0.0,"damage_taken":0.0}],"is_beta":false,"boss_relics":[{"not_picked":["Snecko Eye","Ectoplasm"],"picked":"Coffee Dripper"},{"not_picked":["HolyWater","Astrolabe"],"picked":"Cursed Key"}],"items_purged_floors":[31],"is_endless":false,"potions_floor_spawned":[10,13,14,16,18,19,27,28,29,30,33,35,36,37,39],"killed_by":"Reptomancer","ascension_level":20}}