{"host":"ky7yo6dkjgkz9bu2","time":1608425251,"event":{"mods":["AchievementEnabler","Aspiration","BaseMod","Colored Map","Colored Powertips","GifTheSpireLib","Hubris","Ironclad Rager","Minty Spire (QoL Compilation)","Rare Cards Sparkle","Replay The Spire","StSLib","Stuff the Spire","The Hierophant","vexMod"],"gold_per_floor":[116,116,116,116,126,126,158,158,184,194,229,247,247,23,23,128,128,139,39,29,44,44,44,73,73,73,90,90,90,91,109,109,214,214,246,246,1119,398,398,1258,1258,2105,2130,2103,2103,2103,2972,2972,2972,2948],"floor_reached":51,"playtime":2479,"items_purged":["hierophant:Punish","hierophant:Strike_Hierophant","hierophant:Charity+1"],"score":983,"play_id":"e5b5a01e-88d7-4b91-957e-a0355d062d5a","local_time":"20201219164731","is_ascension_mode":true,"campfire_choices":[{"data":"hierophant:FieryStrike","floor":6,"key":"SMITH"},{"data":"StuffTheSpire:Python","floor":8,"key":"PURGE"},{"data":"Pot Of Greed","floor":15,"key":"SMITH"},{"data":"hierophant:ChurchCoffers","floor":23,"key":"SMITH"},{"data":"hierophant:Strike_Hierophant","floor":25,"key":"PURGE"},{"data":"hierophant:Strike_Hierophant","floor":29,"key":"PURGE"},{"data":"hierophant:ArchangelShield","floor":32,"key":"SMITH"},{"data":"Pot Of Greed","floor":41,"key":"SMITH"},{"data":"hierophant:Doomsaying+1","floor":45,"key":"PURGE"},{"data":"hubris:Insight","floor":49,"key":"SMITH"}],"circlet_count":0,"master_deck":["hierophant:ChurchCoffers+1","hierophant:FieryStrike+1","Pot Of Greed+1","hierophant:ArchangelShield+1","hierophant:Batter","hierophant:Cornucopia","Pot Of Greed+1","hierophant:Doubloon","hierophant:Doubloon","hierophant:ConvertCurrency+1","hubris:Insight+1"],"relics":["hierophant:PropheticMaskRelic","aspiration:Nostalgia","Burning Blood","hubris:Towel","Peace Pipe","Grinning Jar","TungstenRod","Unceasing Top","Juzu Bracelet","SacredBark","vexMod:MemoryStick","hubris:DeckOfHolding","Astrolabe","Medical Kit","hubris:FunFungus","Replay:Baseball","Potion Belt"],"acts_visited":["Exordium","TheCity","TheBeyond"],"potions_floor_usage":[7,16,20,21,44,50],"damage_taken":[{"damage":4,"enemies":"Jaw Worm","floor":1,"turns":6},{"damage":0,"enemies":"Small Slimes","floor":5,"turns":4},{"damage":14,"enemies":"Gremlin Nob","floor":7,"turns":3},{"damage":0,"enemies":"2 Louse","floor":10,"turns":1},{"damage":0,"enemies":"Replay:BlueRogue","floor":11,"turns":7},{"damage":8,"enemies":"Red Slaver","floor":12,"turns":3},{"damage":70,"enemies":"Hexaghost","floor":16,"turns":14},{"damage":39,"enemies":"2 Thieves","floor":18,"turns":4},{"damage":3,"enemies":"Shell Parasite","floor":20,"turns":3},{"damage":24,"enemies":"Cultist and Chosen","floor":21,"turns":8},{"damage":1,"enemies":"Gremlin Leader","floor":24,"turns":2},{"damage":0,"enemies":"3 Cultists","floor":27,"turns":2},{"damage":0,"enemies":"Shelled Parasite and Fungi","floor":30,"turns":1},{"damage":0,"enemies":"Centurion and Healer","floor":31,"turns":1},{"damage":0,"enemies":"Champ","floor":33,"turns":1},{"damage":44,"enemies":"3 Shapes","floor":35,"turns":4},{"damage":16,"enemies":"3 Darklings","floor":37,"turns":2},{"damage":0,"enemies":"Giant Head","floor":40,"turns":2},{"damage":17,"enemies":"Spire Growth","floor":42,"turns":3},{"damage":0,"enemies":"Jaw Worm Horde","floor":44,"turns":1},{"damage":0,"enemies":"3 Darklings","floor":47,"turns":1},{"damage":87,"enemies":"Time Eater","floor":50,"turns":7}],"seed_played":"4778470863740004535","potions_obtained":[{"floor":1,"key":"SneckoOil"},{"floor":10,"key":"Venom Potion"},{"floor":12,"key":"Milkshake"},{"floor":16,"key":"Adrenaline Potion"},{"floor":21,"key":"Fruit Juice"},{"floor":27,"key":"Elixir"},{"floor":33,"key":"FearPotion"},{"floor":35,"key":"Explosive Potion"},{"floor":40,"key":"Energy Potion"},{"floor":42,"key":"SpeedPotion"},{"floor":47,"key":"Venom Potion"}],"is_trial":false,"path_per_floor":["M","?","?","?","M","R","E","R","T","M","E","M","T","$","R","B",null,"M","$","M","M","?","R","E","R","T","M","?","R","M","M","R","B",null,"M","?","M","$","?","E","R","M","T","M","R","?","M","?","R","B",null],"character_chosen":"HIEROPHANT","items_purchased":["Juzu Bracelet","Medical Kit","hubris:FunFungus","Replay:Baseball"],"campfire_rested":0,"item_purchase_floors":[14,38,38,38],"current_hp_per_floor":[75,75,75,75,75,75,67,67,67,73,75,73,73,73,73,9,75,42,42,45,37,37,37,42,42,42,48,48,48,54,60,60,66,85,47,47,37,37,37,49,49,85,85,85,85,85,85,85,85,19],"gold":2948,"neow_bonus":"NOSTALGIA","is_daily":false,"chose_seed":false,"campfire_upgraded":6,"win_rate":0.0,"timestamp":1608425251,"path_taken":["M","?","?","?","M","R","E","R","T","M","E","?","?","$","R","BOSS","M","$","M","M","?","R","E","R","T","M","?","R","M","M","R","BOSS","M","?","M","$","?","E","R","M","T","M","R","?","M","?","R","BOSS"],"items_purchased_type":["Relic","Relic","Relic","Relic"],"build_version":"2020-12-13","purchased_purges":3,"victory":true,"max_hp_per_floor":[75,75,75,75,75,75,75,75,75,75,75,75,75,75,75,75,75,75,75,75,85,85,85,85,85,85,85,85,85,85,85,85,85,85,85,85,85,85,85,85,85,85,85,85,85,85,85,85,85,85],"card_choices":[{"not_picked":["hierophant:OrnateBuckler","hierophant:CoinFling","hierophant:SecretStash"],"picked":"SKIP","floor":1},{"not_picked":["hierophant:HammerAndAnvil","hierophant:Charity"],"picked":"hierophant:FieryStrike","floor":5},{"not_picked":["hierophant:Smite","hierophant:Repentance","hierophant:FlamingChariot"],"picked":"SKIP","floor":7},{"not_picked":["hierophant:ThreeLashes","hierophant:FieryStrike","hierophant:Encroach"],"picked":"SKIP","floor":10},{"not_picked":["hierophant:Empathy","hierophant:OrnateBuckler"],"picked":"hierophant:ArchangelShield","floor":11},{"not_picked":["hierophant:Refuge","hierophant:Smite","hierophant:ThreeLashes"],"picked":"SKIP","floor":12},{"not_picked":["hierophant:DivineIntervention","hierophant:Invocation"],"picked":"hierophant:Batter","floor":16},{"not_picked":["hierophant:TollTheBells","hierophant:RepressedViolence","hierophant:Purify"],"picked":"SKIP","floor":18},{"not_picked":["hierophant:Purify","hierophant:Upheaval+1","hierophant:Smite"],"picked":"SKIP","floor":20},{"not_picked":["hierophant:RustyCrate+1","hierophant:SecretStash","hierophant:Purify"],"picked":"SKIP","floor":21},{"not_picked":["hierophant:PassingBell","hierophant:Embezzle","hierophant:AuricShield+1"],"picked":"SKIP","floor":24},{"not_picked":["hierophant:PristineSoul","hierophant:RustyCrate","hierophant:Mercenaries"],"picked":"SKIP","floor":27},{"not_picked":["hierophant:MorningPrayer","hierophant:Embezzle","hierophant:Refuge"],"picked":"SKIP","floor":30},{"not_picked":["hierophant:RustyCrate","hierophant:Shelter","hierophant:Endure"],"picked":"SKIP","floor":31},{"not_picked":["hierophant:DeathKnell","hierophant:Batter"],"picked":"hierophant:Cornucopia","floor":33},{"not_picked":["hierophant:RepressedViolence+1","hierophant:Racketeering","hierophant:HammerAndAnvil+1"],"picked":"SKIP","floor":35},{"not_picked":["hierophant:Remorse","hierophant:AuricShield","hierophant:Community"],"picked":"SKIP","floor":37},{"not_picked":["HandOfGreed","Panache"],"picked":"hubris:Insight","floor":39},{"not_picked":["hierophant:Batter","hierophant:PassingBell+1","hierophant:Bribe"],"picked":"SKIP","floor":40},{"not_picked":["hierophant:Sermon+1","hierophant:DisplayOfPower+1","hierophant:Martyrdom"],"picked":"SKIP","floor":42},{"not_picked":["hierophant:FlamingChariot+1","hierophant:AuricBeam+1","hierophant:Blessing+1"],"picked":"SKIP","floor":44},{"not_picked":["hierophant:Martyrdom","hierophant:Zeal"],"picked":"hierophant:ArchangelShield+1","floor":47}],"player_experience":403826,"relics_obtained":[{"floor":7,"key":"Peace Pipe"},{"floor":9,"key":"Grinning Jar"},{"floor":11,"key":"TungstenRod"},{"floor":13,"key":"Unceasing Top"},{"floor":24,"key":"vexMod:MemoryStick"},{"floor":26,"key":"hubris:DeckOfHolding"},{"floor":40,"key":"Potion Belt"}],"event_choices":[{"cards_removed":["Atom Bomb"],"damage_healed":0,"gold_gain":0,"player_choice":"Purged","damage_taken":0,"max_hp_gain":0,"max_hp_loss":0,"event_name":"Purifier","floor":4,"gold_loss":0},{"damage_healed":0,"gold_gain":0,"player_choice":"Bought 0 Potions","damage_taken":0,"max_hp_gain":0,"max_hp_loss":0,"event_name":"The Woman in Blue","floor":28,"gold_loss":0},{"damage_healed":0,"gold_gain":0,"player_choice":"Ignored","damage_taken":0,"max_hp_gain":0,"max_hp_loss":0,"event_name":"Tomb of Lord Red Mask","floor":36,"gold_loss":0},{"damage_healed":0,"gold_gain":0,"player_choice":"Memory 1","damage_taken":0,"max_hp_gain":0,"max_hp_loss":0,"event_name":"SensoryStone","floor":39,"gold_loss":0},{"damage_healed":0,"gold_gain":0,"player_choice":"0 cards matched","damage_taken":0,"max_hp_gain":0,"max_hp_loss":0,"event_name":"Match and Keep!","floor":46,"gold_loss":0,"cards_obtained":[]},{"cards_removed":["hierophant:ArchangelShield"],"damage_healed":0,"gold_gain":0,"player_choice":"Removed Power","damage_taken":0,"max_hp_gain":0,"max_hp_loss":0,"event_name":"Falling","floor":48,"gold_loss":0}],"is_beta":false,"boss_relics":[{"not_picked":["Snecko Eye","Ring of Chaos"],"picked":"SacredBark"},{"not_picked":["vexMod:EndlessSickness","Replay:Wanted Poster"],"picked":"Astrolabe"}],"items_purged_floors":[14,19,38],"is_endless":false,"potions_floor_spawned":[1,10,12,16,21,27,33,35,40,42,47],"ascension_level":2}}