{"host":"pcbz64t4k17ey4z1","time":1608480968,"event":{"mods":["2.2 Compatiblity","AchievementEnabler","Act Like it!","Aspiration","BaseMod","Beaked The Cultist","Better Match","BetterRewards","Card Forge","Colored Map","Colored Powertips","Conspire","Disable Question Mark Monsters","Fireblade Mod","Friendly Minions","GifTheSpireLib","Glutton Mod","Googly Eyes","Hermit","Hubris","Infinite Spire","Koishi","Marisa????????","Minty Spire (QoL Compilation)","Permanent Neow","Potionbrewer","Quick Restart","Random Character Button","Rare Cards Sparkle","Relic Filter","Replay The Spire","Shade Mod","Shop Mod","Small Relic Pack","StSLib","Stuff the Spire","SuperFastMode","The Animator","The Cursed","The Druid","The Gatherer","The Hierophant","The IronCluck","The Runesmith","Waifu the Spire","Wandering Minibosses","vexMod"],"gold_per_floor":[112,112,130,141,161,190,190,220,245,16,11,30,30,63,63,135,135,167,0,19,19,33,60,60,73,73,100,100,133,148,14,14,91,91,104,104,104,104,120,145,178,196,220,118,118,118],"floor_reached":45,"playtime":2910,"items_purged":[],"score":1788,"play_id":"4e4de337-d9ed-4049-8d3e-46e434fcdb60","local_time":"20201220161608","is_ascension_mode":true,"campfire_choices":[{"data":"conspire:Banana","floor":7,"key":"SMITH"},{"floor":28,"key":"REST"}],"circlet_count":0,"master_deck":["AscendersBane","Strike_P","Defend_P+3","Defend_P","Eruption+1","Vigilance+1","Adaptation+1","Impatience+1","Nirvana+1","Collect+1","conspire:Banana+1","Fasting2+1","BattleHymn+1","LikeWater+1","CutThroughFate+1","CutThroughFate+1","Fasting2+1","FollowUp+1","Adaptation+1","MentalFortress+1","LikeWater+1","Nirvana+1","Devotion+1","Vault+1","AbeCurse","Replay:Cycle+1","TalkToTheHand+1","JustLucky+1","Halt+1","LikeWater+1","CutThroughFate+1","MentalFortress+1","Replay:LoomingThreat","Halt+1","WheelKick","Clumsy","ReplayTheSpireMod:Private Reserves"],"relics":["PureWater","Hammer of Thor","Seething Fire","Anvil of the Gods","TeardropLocket","OrangePellets","TungstenRod","ClockworkSouvenir","vexMod:MemoryStick","Thread and Needle","Medical Kit","StuffTheSpire:Gunfinga","Turnip","aspiration:ArtOfWarUpgrade","Simple Rune","Gremlin Food","Abe\u0027s Treasure","wanderingMiniBosses:ThiefScarf","hubris:CrystalStatue","StuffTheSpire:DarkSteelAnvil","Replay:Baseball","WingedGreaves","StuffTheSpire:OldFever","Mango","WingedGreaves","Blood Vial","Cursed Key","StuffTheSpire:GreaterSneckoEye","Question Card","potionbrewer:ToyAutogyro","Du-Vu Doll","War Paint","infinitespire:Broken Mirror","Pantograph"],"acts_visited":["Exordium","TheCity","TheBeyond"],"potions_floor_usage":[4,6,11,14,18,23,23,35,40],"damage_taken":[{"damage":0,"enemies":"Small Slimes","floor":1,"turns":4},{"damage":0,"enemies":"Cultist","floor":3,"turns":3},{"damage":0,"enemies":"2 Louse","floor":4,"turns":3},{"damage":0,"enemies":"2 Fungi Beasts","floor":5,"turns":2},{"damage":0,"enemies":"Lagavulin","floor":6,"turns":6},{"damage":0,"enemies":"3 Sentries","floor":8,"turns":6},{"damage":4,"enemies":"Exordium Wildlife","floor":11,"turns":6},{"damage":0,"enemies":"Large Slime","floor":12,"turns":5},{"damage":20,"enemies":"Lagavulin","floor":14,"turns":5},{"damage":14,"enemies":"The Guardian","floor":16,"turns":9},{"damage":0,"enemies":"Chosen","floor":18,"turns":6},{"damage":3,"enemies":"3 Byrds","floor":20,"turns":5},{"damage":12,"enemies":"Centurion and Healer","floor":22,"turns":5},{"damage":9,"enemies":"Book of Stabbing","floor":23,"turns":5},{"damage":11,"enemies":"Shelled Parasite and Fungi","floor":25,"turns":3},{"damage":33,"enemies":"Slavers","floor":27,"turns":5},{"damage":22,"enemies":"Book of Stabbing","floor":29,"turns":5},{"damage":17,"enemies":"Snecko","floor":30,"turns":5},{"damage":0,"enemies":"conspire:MysteriousRune","floor":33,"turns":4},{"damage":16,"enemies":"3 Shapes","floor":35,"turns":3},{"damage":28,"enemies":"3 Darklings","floor":39,"turns":5},{"damage":10,"enemies":"Reptomancer","floor":40,"turns":5},{"damage":0,"enemies":"Giant Head","floor":41,"turns":6},{"damage":38,"enemies":"4 Shapes","floor":42,"turns":4},{"damage":27,"enemies":"Nightmare","floor":45,"turns":8}],"seed_played":"4670790981614655735","potions_obtained":[{"floor":4,"key":"Block Potion"},{"floor":6,"key":"SpeedPotion"},{"floor":8,"key":"potionbrewer:CleansingPotion"},{"floor":11,"key":"Fire Potion"},{"floor":12,"key":"potionbrewer:CleansingPotion"},{"floor":20,"key":"potionbrewer:DiscountPotion"},{"floor":22,"key":"Languid Potion"},{"floor":27,"key":"potionbrewer:AcidPotion"},{"floor":30,"key":"Block Potion"},{"floor":33,"key":"Strength Potion"},{"floor":39,"key":"SneckoOil"}],"is_trial":false,"path_per_floor":["M","?","M","M","M","E","R","E","T","$","M","M","?","E","R","B",null,"M","$","M","AVR","M","E","R","M","T","E","R","E","M","$","R","B",null,"M","?","AVR","?","M","E","E","M","T","$","NM"],"character_chosen":"WATCHER","items_purchased":["TeardropLocket","OrangePellets","Adaptation+1","Impatience","TungstenRod","ClockworkSouvenir","vexMod:MemoryStick","Nirvana","Collect","conspire:Banana","hubris:CrystalStatue","Medical Kit","Fasting2","StuffTheSpire:Gunfinga","Block Potion","Simple Rune","MentalFortress+1","Replay:Baseball","CutThroughFate","MentalFortress","ReplayTheSpireMod:Private Reserves"],"campfire_rested":1,"item_purchase_floors":[0,0,0,0,0,0,0,0,0,0,0,0,0,0,0,10,10,19,31,31,44],"current_hp_per_floor":[62,62,63,63,64,65,65,68,68,68,67,70,75,58,58,47,81,84,84,84,84,75,69,69,58,72,46,82,63,51,51,51,56,112,101,72,72,79,56,51,56,20,20,20,0,0],"gold":118,"neow_bonus":"","is_daily":false,"chose_seed":false,"campfire_upgraded":1,"win_rate":0.0,"timestamp":1608480968,"path_taken":["M","?","M","M","M","E","R","E","T","?","M","M","?","E","R","BOSS","M","$","M","AVR","M","E","R","M","T","E","R","E","M","$","R","BOSS","M","?","AVR","?","M","E","E","M","T","$","NM"],"items_purchased_type":["Relic","Relic","Card","Card","Relic","Relic","Relic","Card","Card","Card","Relic","Relic","Card","Relic","Potion","Relic","Card","Relic","Card","Card","Card"],"build_version":"2020-12-13","purchased_purges":0,"victory":false,"max_hp_per_floor":[69,69,70,70,71,72,72,75,75,75,78,81,86,89,89,92,92,95,95,98,98,101,104,104,104,118,121,121,124,127,127,127,130,130,133,133,133,133,136,139,142,142,142,142,145,145],"card_choices":[{"not_picked":["Crescendo","Pray"],"picked":"BattleHymn","floor":1},{"not_picked":["Replay:AtTheReady","Pray"],"picked":"CutThroughFate","floor":3},{"not_picked":["Sanctity","Replay:ManipulateFuture"],"picked":"CutThroughFate","floor":4},{"not_picked":["Scrawl","CrushJoints"],"picked":"Fasting2","floor":5},{"not_picked":["Replay:ManipulateFuture","Consecrate"],"picked":"FollowUp","floor":6},{"not_picked":["Replay:Anticipation","EmptyMind"],"picked":"Adaptation","floor":8},{"not_picked":["BowlingBash","FlyingSleeves"],"picked":"LikeWater","floor":11},{"not_picked":["ReachHeaven","Conclude"],"picked":"Nirvana","floor":12},{"not_picked":["SashWhip","Crescendo"],"picked":"Devotion","floor":14},{"not_picked":["Blasphemy","Scrawl"],"picked":"Vault","floor":16},{"not_picked":["Replay:BluntJabs","Replay:AtTheReady+1","WindmillStrike"],"picked":"SKIP","floor":18},{"not_picked":["ThirdEye","FlurryOfBlows"],"picked":"Replay:Cycle","floor":20},{"not_picked":["ClearTheMind+1","Replay:Battleflow","FollowUp"],"picked":"SKIP","floor":22},{"not_picked":["Prostrate","BowlingBash"],"picked":"TalkToTheHand","floor":23},{"not_picked":["EmptyFist","Evaluate"],"picked":"JustLucky","floor":25},{"not_picked":["Sanctity","FlyingSleeves"],"picked":"Halt","floor":27},{"not_picked":["Brilliance","Swivel","Conclude"],"picked":"SKIP","floor":29},{"not_picked":["Worship","WreathOfFlame"],"picked":"LikeWater","floor":30},{"not_picked":["Alpha","Blasphemy"],"picked":"Replay:LoomingThreat","floor":33},{"not_picked":["Replay:AtTheReady","FollowUp"],"picked":"Halt","floor":35},{"not_picked":["EmptyBody+1","BowlingBash","LessonLearned","JustLucky"],"picked":"SKIP","floor":39},{"not_picked":["ClearTheMind+1","Conclude","Judgement","Prostrate"],"picked":"SKIP","floor":40},{"not_picked":["BattleHymn","Adaptation","JustLucky"],"picked":"WheelKick","floor":41},{"not_picked":["WheelKick","PathToVictory","FollowUp+1","Replay:DivineShield"],"picked":"SKIP","floor":42}],"player_experience":3747135,"relics_obtained":[{"floor":6,"key":"Turnip"},{"floor":8,"key":"Art of War"},{"floor":14,"key":"Gremlin Food"},{"floor":18,"key":"wanderingMiniBosses:ThiefScarf"},{"floor":18,"key":"hubris:CrystalStatue"},{"floor":18,"key":"StuffTheSpire:DarkSteelAnvil"},{"floor":23,"key":"StuffTheSpire:OldFever"},{"floor":26,"key":"Mango"},{"floor":27,"key":"WingedGreaves"},{"floor":29,"key":"Blood Vial"},{"floor":36,"key":"StuffTheSpire:GreaterSneckoEye"},{"floor":40,"key":"potionbrewer:ToyAutogyro"},{"floor":41,"key":"Du-Vu Doll"},{"floor":43,"key":"War Paint"}],"event_choices":[{"damage_healed":0,"gold_gain":0,"cards_transformed":["Strike_P"],"player_choice":"Transformed","damage_taken":0,"max_hp_gain":0,"max_hp_loss":0,"event_name":"Transmorgrifier","floor":2,"gold_loss":0,"cards_obtained":["LikeWater"]},{"damage_healed":0,"gold_gain":0,"player_choice":"Donut","damage_taken":0,"max_hp_gain":5,"max_hp_loss":0,"event_name":"Big Fish","floor":13,"gold_loss":0}],"is_beta":false,"boss_relics":[{"not_picked":["relicPack:KazumaCape","relicPack:StarArrow"],"picked":"Abe\u0027s Treasure"},{"not_picked":["Empty Cage","relicPack:ShieldShield"],"picked":"Cursed Key"}],"items_purged_floors":[],"is_endless":false,"potions_floor_spawned":[4,6,8,11,12,20,22,27,30,33,39],"killed_by":"Nightmare","ascension_level":19}}