{"host":"udzsrhbqdxqtlypj","time":1608478181,"event":{"mods":["BaseMod","Minty Spire (QoL Compilation)","Relic Stats"],"gold_per_floor":[113,113,125,30,205,205,234,245,245,245,256,256,284,303,303,406,406,422,422,438,438,452,487,487,522,522,549,243,262,296,296,296,392,392,409,41,41,56,67,100,100,126,126,126,171,171,171,191,191,191,191,191,37,62,62],"floor_reached":56,"playtime":3287,"items_purged":["Writhe","Strike_R+1"],"score":2119,"play_id":"db600376-6143-44a9-b8b2-8e4b6c6e73d1","local_time":"20201220092941","is_ascension_mode":true,"campfire_choices":[{"data":"Good Instincts","floor":6,"key":"SMITH"},{"data":"Bludgeon","floor":10,"key":"SMITH"},{"data":"Bash","floor":15,"key":"SMITH"},{"data":"Evolve","floor":24,"key":"SMITH"},{"floor":32,"key":"REST"},{"data":"Shockwave","floor":41,"key":"SMITH"},{"floor":44,"key":"RECALL"},{"data":"Demon Form","floor":49,"key":"SMITH"},{"data":"1","floor":52,"key":"LIFT"}],"circlet_count":0,"master_deck":["AscendersBane","Strike_R+1","Strike_R+1","Strike_R+1","Defend_R+1","Defend_R+1","Defend_R+1","Defend_R+1","Bash+1","Pommel Strike","Twin Strike","Good Instincts+1","Bludgeon+1","Evolve+1","Headbutt","Offering","Iron Wave+1","Corruption","Entrench","Feel No Pain","Shrug It Off+1","Demon Form+1","CurseOfTheBell","Dark Embrace+1","Shockwave+1","Writhe","Clothesline+1","Dual Wield+1","Impervious+1","Shockwave+1","Feel No Pain+1","Impervious+1","True Grit+1","Shrug It Off+1","Sentinel+1"],"relics":["Burning Blood","NeowsBlessing","Ornamental Fan","InkBottle","Darkstone Periapt","Snecko Eye","Letter Opener","Regal Pillow","Mango","Anchor","Gambling Chip","Sling","Matryoshka","Enchiridion","Calling Bell","Smiling Mask","Sundial","Girya","Toxic Egg 2","Bronze Scales","Singing Bowl","Art of War","Ginger","Vajra","Question Card","Orrery","Lantern"],"acts_visited":["Exordium","TheCity","TheBeyond","TheEnding"],"potions_floor_usage":[13,16,23,25,33,33,42,47,55,55],"damage_taken":[{"damage":0,"enemies":"Jaw Worm","floor":1,"turns":1},{"damage":0,"enemies":"2 Louse","floor":3,"turns":1},{"damage":0,"enemies":"Lagavulin","floor":7,"turns":2},{"damage":0,"enemies":"Small Slimes","floor":8,"turns":2},{"damage":8,"enemies":"Blue Slaver","floor":11,"turns":3},{"damage":20,"enemies":"3 Sentries","floor":13,"turns":6},{"damage":10,"enemies":"3 Louse","floor":14,"turns":5},{"damage":49,"enemies":"Hexaghost","floor":16,"turns":10},{"damage":11,"enemies":"2 Thieves","floor":18,"turns":3},{"damage":0,"enemies":"Chosen","floor":20,"turns":3},{"damage":0,"enemies":"Snake Plant","floor":22,"turns":1},{"damage":6,"enemies":"Book of Stabbing","floor":23,"turns":3},{"damage":26,"enemies":"Slavers","floor":25,"turns":6},{"damage":16,"enemies":"Gremlin Leader","floor":27,"turns":4},{"damage":9,"enemies":"Centurion and Healer","floor":29,"turns":5},{"damage":6,"enemies":"Slavers","floor":30,"turns":4},{"damage":58,"enemies":"Automaton","floor":33,"turns":13},{"damage":17,"enemies":"3 Darklings","floor":35,"turns":6},{"damage":0,"enemies":"Orb Walker","floor":38,"turns":2},{"damage":12,"enemies":"Spire Growth","floor":39,"turns":3},{"damage":11,"enemies":"Giant Head","floor":40,"turns":6},{"damage":0,"enemies":"Reptomancer","floor":42,"turns":5},{"damage":7,"enemies":"2 Orb Walkers","floor":45,"turns":4},{"damage":0,"enemies":"Nemesis","floor":47,"turns":2},{"damage":3,"enemies":"3 Darklings","floor":48,"turns":3},{"damage":34,"enemies":"Donu and Deca","floor":50,"turns":7},{"damage":6,"enemies":"Shield and Spear","floor":54,"turns":4},{"damage":64,"enemies":"The Heart","floor":55,"turns":7}],"seed_played":"7843941357385647163","potions_obtained":[{"floor":1,"key":"ElixirPotion"},{"floor":8,"key":"Fire Potion"},{"floor":16,"key":"GamblersBrew"},{"floor":20,"key":"BloodPotion"},{"floor":22,"key":"AttackPotion"},{"floor":29,"key":"Weak Potion"},{"floor":30,"key":"AttackPotion"},{"floor":38,"key":"ColorlessPotion"},{"floor":39,"key":"Explosive Potion"},{"floor":45,"key":"SmokeBomb"},{"floor":54,"key":"Swift Potion"}],"is_trial":false,"path_per_floor":["M","?","M","$","?","R","E","M","T","R","M","?","E","M","R","B",null,"M","?","M","?","M","E","R","E","T","E","$","M","E","?","R","B",null,"M","$","?","M","M","E","R","E","T","R","?","T","E","M","R","B",null,"R","$","E","B",null],"character_chosen":"IRONCLAD","items_purchased":["Good Instincts","Feel No Pain","Sling","Shockwave","Toxic Egg 2","Orrery"],"campfire_rested":1,"item_purchase_floors":[4,28,28,36,36,53],"current_hp_per_floor":[78,71,77,77,77,77,80,80,80,80,78,78,64,60,60,17,64,59,65,71,71,77,77,77,71,71,61,61,58,58,42,87,35,90,79,79,112,112,106,101,101,109,109,109,108,108,114,114,114,86,107,107,109,109,74],"gold":62,"neow_bonus":"THREE_ENEMY_KILL","is_daily":false,"chose_seed":false,"campfire_upgraded":6,"win_rate":0.0,"timestamp":1608478181,"path_taken":["M","?","M","$","?","R","E","M","T","R","M","?","E","M","R","BOSS","M","?","M","?","M","E","R","E","T","E","$","M","E","?","R","BOSS","M","$","?","M","M","E","R","E","T","R","?","?","E","M","R","BOSS","R","$","E","BOSS"],"items_purchased_type":["Card","Card","Relic","Card","Relic","Relic"],"build_version":"2020-12-13","purchased_purges":2,"victory":true,"max_hp_per_floor":[80,80,80,80,80,80,80,80,80,80,80,80,80,80,80,80,80,80,86,86,86,86,86,86,100,100,100,100,100,100,100,100,100,106,106,106,112,112,112,112,112,114,114,114,114,114,114,114,114,114,114,114,116,116,116],"relic_stats":{"Darkstone Periapt":18,"Regal Pillow":15,"Singing Bowl":4,"counters":[28,121],"Letter Opener":[162],"Ginger":[2],"Smiling Mask":50,"Question Card":7,"Burning Blood":150,"Ornamental Fan":[156],"Sundial":[10],"Gambling Chip":[58],"Bronze Scales":[168],"Snecko Eye":[189,215,223,182],"Art of War":[1],"obtain_stats":[{"Darkstone Periapt":13,"Regal Pillow":23,"Lantern":54,"Singing Bowl":42,"Enchiridion":31,"Vajra":46,"Mango":25,"Ginger":45,"Sling":28,"Smiling Mask":34,"Burning Blood":0,"Matryoshka":30,"Sundial":34,"Gambling Chip":27,"Toxic Egg 2":36,"InkBottle":9,"Girya":34,"NeowsBlessing":0,"Letter Opener":19,"Question Card":46,"Calling Bell":34,"Anchor":26,"Ornamental Fan":7,"Bronze Scales":40,"Snecko Eye":17,"Orrery":53,"Art of War":43},{"Darkstone Periapt":6,"Regal Pillow":12,"Lantern":27,"Singing Bowl":22,"Enchiridion":16,"Vajra":23,"Mango":13,"Ginger":23,"Sling":14,"Smiling Mask":17,"Burning Blood":0,"Matryoshka":16,"Sundial":17,"Gambling Chip":14,"Toxic Egg 2":18,"InkBottle":4,"Girya":17,"NeowsBlessing":0,"Letter Opener":9,"Question Card":23,"Calling Bell":17,"Anchor":13,"Ornamental Fan":3,"Bronze Scales":21,"Snecko Eye":8,"Orrery":26,"Art of War":22},{"Darkstone Periapt":15,"Regal Pillow":40,"Lantern":114,"Singing Bowl":94,"Enchiridion":59,"Vajra":98,"Mango":46,"Ginger":98,"Sling":50,"Smiling Mask":72,"Burning Blood":0,"Matryoshka":59,"Sundial":72,"Gambling Chip":50,"Toxic Egg 2":78,"InkBottle":6,"Girya":72,"NeowsBlessing":0,"Letter Opener":33,"Question Card":98,"Calling Bell":72,"Anchor":46,"Ornamental Fan":4,"Bronze Scales":89,"Snecko Eye":30,"Orrery":110,"Art of War":94}],"InkBottle":[44]},"card_choices":[{"not_picked":["Sentinel","Clothesline"],"picked":"Pommel Strike","floor":1},{"not_picked":["Flex","Clothesline"],"picked":"Twin Strike","floor":3},{"not_picked":["Cleave","Entrench"],"picked":"Bludgeon","floor":7},{"not_picked":["Searing Blow","Iron Wave","Clash"],"picked":"SKIP","floor":8},{"not_picked":["Wild Strike","Heavy Blade","Perfected Strike"],"picked":"SKIP","floor":11},{"not_picked":["Inflame","Flex"],"picked":"Evolve","floor":13},{"not_picked":["Cleave","Clash"],"picked":"Headbutt","floor":14},{"not_picked":["Impervious","Limit Break"],"picked":"Offering","floor":16},{"not_picked":["Thunderclap","Pommel Strike+1","Fire Breathing"],"picked":"SKIP","floor":18},{"not_picked":["Metallicize+1","Shrug It Off"],"picked":"Iron Wave+1","floor":20},{"not_picked":["Thunderclap","Burning Pact+1","Iron Wave"],"picked":"SKIP","floor":22},{"not_picked":["Fire Breathing","Sword Boomerang","Wild Strike"],"picked":"SKIP","floor":23},{"not_picked":["Clothesline","Perfected Strike"],"picked":"Corruption","floor":25},{"not_picked":["Anger","Cleave+1"],"picked":"Entrench","floor":27},{"not_picked":["Intimidate","Headbutt"],"picked":"Shrug It Off+1","floor":29},{"not_picked":["Clash+1","Headbutt","Rage"],"picked":"SKIP","floor":30},{"not_picked":["Brutality","Double Tap"],"picked":"Demon Form","floor":33},{"not_picked":["Entrench","Seeing Red+1"],"picked":"Dark Embrace+1","floor":35},{"not_picked":["Carnage+1","Dropkick"],"picked":"Clothesline+1","floor":38},{"not_picked":["Headbutt+1","Spot Weakness+1"],"picked":"Dual Wield+1","floor":39},{"not_picked":["Brutality","Power Through+1","Warcry+1"],"picked":"SKIP","floor":40},{"not_picked":["Headbutt","Sword Boomerang+1","Cleave+1"],"picked":"Singing Bowl","floor":42},{"not_picked":["Entrench+1","Anger"],"picked":"Impervious+1","floor":45},{"not_picked":["Anger+1","Rupture","Twin Strike+1"],"picked":"Shockwave+1","floor":48},{"not_picked":["True Grit+1","Warcry+1","Searing Blow+1"],"picked":"Feel No Pain+1","floor":53},{"not_picked":["True Grit+1","Intimidate+1","Iron Wave"],"picked":"Impervious+1","floor":53},{"not_picked":["Havoc+1","Pommel Strike+1","Infernal Blade+1"],"picked":"True Grit+1","floor":53},{"not_picked":["Wild Strike","Warcry+1","Sword Boomerang+1","Thunderclap+1"],"picked":"Singing Bowl","floor":53},{"not_picked":["Double Tap+1","Carnage","True Grit+1"],"picked":"Shrug It Off+1","floor":53},{"not_picked":["Carnage","Rampage","Perfected Strike"],"picked":"Sentinel+1","floor":54}],"player_experience":2695542,"relics_obtained":[{"floor":7,"key":"Ornamental Fan"},{"floor":9,"key":"InkBottle"},{"floor":13,"key":"Darkstone Periapt"},{"floor":23,"key":"Regal Pillow"},{"floor":25,"key":"Mango"},{"floor":26,"key":"Anchor"},{"floor":27,"key":"Gambling Chip"},{"floor":30,"key":"Matryoshka"},{"floor":31,"key":"Enchiridion"},{"floor":34,"key":"Smiling Mask"},{"floor":34,"key":"Sundial"},{"floor":34,"key":"Girya"},{"floor":40,"key":"Bronze Scales"},{"floor":42,"key":"Singing Bowl"},{"floor":43,"key":"Art of War"},{"floor":45,"key":"Ginger"},{"floor":46,"key":"Vajra"},{"floor":46,"key":"Question Card"},{"floor":54,"key":"Lantern"}],"event_choices":[{"cards_removed":["Strike_R"],"damage_healed":0,"gold_gain":0,"player_choice":"Card Removal","damage_taken":7,"max_hp_gain":0,"max_hp_loss":0,"event_name":"Golden Wing","floor":2,"gold_loss":0},{"damage_healed":0,"gold_gain":175,"player_choice":"AGREE","damage_taken":0,"max_hp_gain":0,"max_hp_loss":0,"event_name":"Liars Game","floor":5,"gold_loss":0,"cards_obtained":["Doubt"]},{"cards_removed":["Doubt"],"damage_healed":0,"gold_gain":0,"player_choice":"Forget","damage_taken":0,"max_hp_gain":0,"max_hp_loss":0,"event_name":"Living Wall","floor":12,"gold_loss":0},{"damage_healed":0,"gold_gain":0,"player_choice":"Opened","damage_taken":0,"relics_obtained":["Letter Opener"],"max_hp_gain":0,"max_hp_loss":0,"event_name":"The Mausoleum","floor":19,"gold_loss":0,"cards_obtained":["Writhe"]},{"damage_healed":0,"gold_gain":0,"player_choice":"Simplicity","damage_taken":0,"max_hp_gain":0,"max_hp_loss":0,"event_name":"Back to Basics","floor":21,"gold_loss":0,"cards_upgraded":["Strike_R","Strike_R","Strike_R","Strike_R","Defend_R","Defend_R","Defend_R","Defend_R"]},{"damage_healed":0,"gold_gain":0,"player_choice":"Obtained Book","damage_taken":16,"max_hp_gain":0,"max_hp_loss":0,"event_name":"Cursed Tome","floor":31,"gold_loss":0},{"damage_healed":27,"gold_gain":0,"player_choice":"Writhe","damage_taken":0,"max_hp_gain":0,"max_hp_loss":0,"event_name":"Winding Halls","floor":37,"gold_loss":0,"cards_obtained":["Writhe"]},{"damage_healed":0,"gold_gain":0,"player_choice":"Fight","damage_taken":0,"max_hp_gain":0,"max_hp_loss":0,"event_name":"Mysterious Sphere","floor":45,"gold_loss":0}],"is_beta":false,"boss_relics":[{"not_picked":["Empty Cage","Coffee Dripper"],"picked":"Snecko Eye"},{"not_picked":["Black Blood","Velvet Choker"],"picked":"Calling Bell"}],"items_purged_floors":[28,36],"is_endless":false,"potions_floor_spawned":[1,8,16,20,22,29,30,38,39,40,45,54],"ascension_level":10}}