{"host":"55l6gu6iqfv0egv0","time":1608484074,"event":{"mods":["Act Like it!","BaseMod","Hallownest","Lobotomy","LobotomyExtend","Luminous","Minty Spire (QoL Compilation)","Quick Restart","Relic Stats","StSLib","The Bug Knight","Youmu£®ªÍ∆«—˝√Œ£©"],"gold_per_floor":[110,110,128,143,156,183,197,217,217,232,209,209,244,258,258,357,357,373,373,373,373],"floor_reached":20,"playtime":925,"items_purged":[],"score":188,"play_id":"2a4a8778-9b71-417d-b8de-6cbf82f37073","local_time":"20201221010754","is_ascension_mode":false,"campfire_choices":[{"data":"WindmillStrike","floor":12,"key":"SMITH"},{"floor":15,"key":"REST"}],"circlet_count":0,"master_deck":["Strike_P","Strike_P","Strike_P","Strike_P","Defend_P","Defend_P","Defend_P","Defend_P","Eruption","Vigilance","Vengeance","FlyingSleeves","Fasting2","WindmillStrike+1","EmptyFist","SandsOfTime","Evaluate","EmptyMind","FollowUp","Vault"],"relics":["Philosopher\u0027s Stone","Matryoshka","Eternal Feather","Torii","Singing Bowl","VioletLotus"],"acts_visited":["Exordium","TheCity"],"potions_floor_usage":[6,13,16,16],"damage_taken":[{"damage":0,"enemies":"Small Slimes","floor":1,"turns":4},{"damage":0,"enemies":"Cultist","floor":3,"turns":3},{"damage":2,"enemies":"Jaw Worm","floor":4,"turns":2},{"damage":11,"enemies":"3 Louse","floor":5,"turns":2},{"damage":15,"enemies":"3 Sentries","floor":6,"turns":6},{"damage":0,"enemies":"Looter","floor":7,"turns":2},{"damage":12,"enemies":"2 Fungi Beasts","floor":8,"turns":3},{"damage":1,"enemies":"Large Slime","floor":10,"turns":3},{"damage":1,"enemies":"HollowMod:MossKnight","floor":13,"turns":5},{"damage":11,"enemies":"Exordium Thugs","floor":14,"turns":3},{"damage":36,"enemies":"Hexaghost","floor":16,"turns":9},{"damage":7,"enemies":"3 Byrds","floor":18,"turns":5}],"seed_played":"-2908722998861308969","potions_obtained":[{"floor":1,"key":"SteroidPotion"},{"floor":4,"key":"Fire Potion"},{"floor":6,"key":"SneckoOil"},{"floor":7,"key":"GamblersBrew"},{"floor":10,"key":"BottledMiracle"},{"floor":14,"key":"Block Potion"}],"is_trial":false,"path_per_floor":["M","?","M","M","M","E","M","M","T","M","$","R","E","M","R","B",null,"M","?","$"],"character_chosen":"WATCHER","items_purchased":["FollowUp"],"campfire_rested":1,"item_purchase_floors":[11],"current_hp_per_floor":[72,72,72,70,59,44,44,32,32,31,31,40,41,32,63,27,76,71,71,71,71],"gold":373,"neow_bonus":"BOSS_RELIC","is_daily":false,"chose_seed":false,"campfire_upgraded":1,"win_rate":0.0,"timestamp":1608484074,"path_taken":["M","?","?","M","M","E","M","M","T","M","$","R","E","M","R","BOSS","M","?","?"],"items_purchased_type":["Card"],"build_version":"2020-12-13","purchased_purges":0,"victory":false,"max_hp_per_floor":[72,72,72,72,72,72,72,72,72,72,72,72,74,76,76,76,76,78,78,78,78],"relic_stats":{"Torii":12,"Singing Bowl":6,"counters":[12,47],"Eternal Feather":18,"VioletLotus":[1],"obtain_stats":[{"Matryoshka":6,"Torii":9,"Singing Bowl":13,"Philosopher\u0027s Stone":0,"Eternal Feather":9,"VioletLotus":17,"PureWater":0},{"Matryoshka":5,"Torii":7,"Singing Bowl":9,"Philosopher\u0027s Stone":0,"Eternal Feather":7,"VioletLotus":11,"PureWater":0},{"Matryoshka":17,"Torii":22,"Singing Bowl":30,"Philosopher\u0027s Stone":0,"Eternal Feather":22,"VioletLotus":42,"PureWater":0}]},"card_choices":[{"not_picked":["SashWhip","TalkToTheHand"],"picked":"Vengeance","floor":1},{"not_picked":["Indignation","EmptyBody"],"picked":"FlyingSleeves","floor":3},{"not_picked":["Sanctity","Protect"],"picked":"Fasting2","floor":4},{"not_picked":["Indignation","ClearTheMind"],"picked":"WindmillStrike","floor":5},{"not_picked":["Fasting2","ConjureBlade"],"picked":"EmptyFist","floor":6},{"not_picked":["CutThroughFate","Crescendo"],"picked":"SandsOfTime","floor":7},{"not_picked":["EmptyFist","FlurryOfBlows"],"picked":"Evaluate","floor":8},{"not_picked":["WaveOfTheHand","Halt"],"picked":"EmptyMind","floor":10},{"not_picked":["Omniscience","Nirvana","BattleHymn"],"picked":"Singing Bowl","floor":13},{"not_picked":["Consecrate","FlyingSleeves","EmptyBody"],"picked":"Singing Bowl","floor":14},{"not_picked":["Scrawl","ConjureBlade"],"picked":"Vault","floor":16},{"not_picked":["Evaluate","BowlingBash+1","PathToVictory"],"picked":"Singing Bowl","floor":18}],"player_experience":234477,"relics_obtained":[{"floor":6,"key":"Matryoshka"},{"floor":9,"key":"Eternal Feather"},{"floor":9,"key":"Torii"},{"floor":13,"key":"Singing Bowl"}],"event_choices":[{"damage_healed":0,"gold_gain":0,"player_choice":"Bought 0 Potions","damage_taken":0,"max_hp_gain":0,"max_hp_loss":0,"event_name":"The Woman in Blue","floor":2,"gold_loss":0},{"damage_healed":0,"gold_gain":0,"player_choice":"Ignored","damage_taken":0,"max_hp_gain":0,"max_hp_loss":0,"event_name":"N\u0027loth","floor":19,"gold_loss":0}],"is_beta":false,"boss_relics":[{"not_picked":["Runic Pyramid","SacredBark"],"picked":"VioletLotus"}],"items_purged_floors":[],"is_endless":false,"potions_floor_spawned":[1,4,6,7,10,14],"ascension_level":0}}