{"host":"o3b7ow6d1xe49css","time":1608466009,"event":{"mods":["Act Like it!","Aspiration","BaseMod","Bestiary","Better Altar","Better Match","Better Note","Better Sensory Stone","Better Skull","Better Third Choice","Colored Powertips","Conspire","Energized Spire","Force Act Four","GifTheSpireLib","Halation","Hermit","Hubris","Infinite Spire","Lobotomy","Minty Spire (QoL Compilation)","Quick Restart","Replay The Spire","Spicy Shops","Spikes Relics","StSLib","Stuff the Spire","The Blue Laboratory","Wandering Minibosses","vexMod"],"gold_per_floor":[113,130,150,150,150,184,184,211,290,323,323,323,323],"floor_reached":12,"playtime":508,"items_purged":[],"score":123,"play_id":"52c80e4a-73a2-46ba-8cc2-c54db0e8d671","local_time":"20201220030649","daily_mods":["Heirloom","Flight"],"is_ascension_mode":true,"campfire_choices":[{"data":"Pommel Strike","floor":7,"key":"SMITH"}],"circlet_count":0,"master_deck":["Strike_R","Strike_R","Strike_R","Strike_R","Strike_R","Defend_R","Defend_R","Defend_R","Defend_R","Bash","LongBird","Uppercut","SpiderBud","Battle Trance","Wellcheers","hubris:ReadiedAction","BeautyBeast","Pommel Strike+1","LittlePrince","MHz","Headbutt"],"relics":["Burning Blood","Ring of Chaos","halation:VictoryRuler","CogitoBucket","Du-Vu Doll","Toy Ornithopter","StuffTheSpire:DarkSteelAnvil","RoseTintedShades","Tiny Chest"],"acts_visited":["Exordium"],"potions_floor_usage":[3,8,11,12],"damage_taken":[{"damage":15,"enemies":"Jaw Worm","floor":1,"turns":6},{"damage":6,"enemies":"Cultist","floor":2,"turns":3},{"damage":0,"enemies":"Small Slimes","floor":3,"turns":2},{"damage":34,"enemies":"Gremlin Nob","floor":6,"turns":5},{"damage":18,"enemies":"3 Sentries","floor":8,"turns":6},{"damage":24,"enemies":"Gremlin Nob","floor":10,"turns":4},{"damage":0,"enemies":"Exordium Wildlife","floor":11,"turns":1},{"damage":65,"enemies":"Lagavulin","floor":12,"turns":7}],"seed_played":"7279474634584594689","potions_obtained":[{"floor":1,"key":"Dexterity Potion"},{"floor":2,"key":"Block Potion"},{"floor":6,"key":"blueLaboratory:BottleOfVodka"},{"floor":8,"key":"SmokeBomb"},{"floor":10,"key":"blueLaboratory:SmithPotion"}],"is_trial":true,"path_per_floor":["M","M","M","?","?","E","R","E","T","E","M","E"],"character_chosen":"IRONCLAD","items_purchased":[],"campfire_rested":0,"item_purchase_floors":[],"current_hp_per_floor":[71,71,77,77,77,52,52,48,48,30,41,0,0],"gold":323,"neow_bonus":"","is_daily":false,"chose_seed":false,"campfire_upgraded":1,"win_rate":0.0,"timestamp":1608466009,"path_taken":["M","M","M","?","?","E","R","E","T","E","?","E"],"items_purchased_type":[],"build_version":"2020-12-13","purchased_purges":0,"victory":false,"max_hp_per_floor":[80,80,80,80,80,80,80,80,80,80,80,80,80],"card_choices":[{"not_picked":["Murderer","FairyFestival"],"picked":"LongBird","floor":1},{"not_picked":["Perfected Strike","Ghostly Armor"],"picked":"Uppercut","floor":1},{"not_picked":["CherryBlossoms","BeautyBeast"],"picked":"SpiderBud","floor":2},{"not_picked":["Seeing Red","StuffTheSpire:RagingBull"],"picked":"Battle Trance","floor":2},{"not_picked":["BigBird","BigBadWolf"],"picked":"Wellcheers","floor":3},{"not_picked":["Fire Breathing","Rampage"],"picked":"hubris:ReadiedAction","floor":3},{"not_picked":["CherryBlossoms","OldLady"],"picked":"BeautyBeast","floor":6},{"not_picked":["Replay:Undeath\u0027s Touch","Pommel Strike","StuffTheSpire:RockThrow"],"picked":"SKIP","floor":6},{"not_picked":["Replay:Undeath\u0027s Touch","StuffTheSpire:RockThrow"],"picked":"Pommel Strike","floor":6},{"not_picked":["MHz","PunishingBird"],"picked":"LittlePrince","floor":8},{"not_picked":["StuffTheSpire:Resist","Seeing Red","Bloodletting"],"picked":"SKIP","floor":8},{"not_picked":["StuffTheSpire:Resist","Seeing Red","Bloodletting"],"picked":"SKIP","floor":8},{"not_picked":["PunishingBird","CrumblingArmor","UniverseFragment"],"picked":"Singing Bowl","floor":10},{"not_picked":["UniverseFragment","OSAHOGD"],"picked":"MHz","floor":10},{"not_picked":["Clash","Sever Soul"],"picked":"Headbutt","floor":10}],"player_experience":1769008,"relics_obtained":[{"floor":6,"key":"StuffTheSpire:DarkSteelAnvil"},{"floor":8,"key":"RoseTintedShades"},{"floor":10,"key":"Tiny Chest"}],"event_choices":[{"damage_healed":0,"gold_gain":0,"player_choice":"Box","damage_taken":0,"relics_obtained":["Toy Ornithopter"],"max_hp_gain":0,"max_hp_loss":0,"event_name":"Big Fish","floor":4,"gold_loss":0,"cards_obtained":["Regret"]}],"is_beta":false,"boss_relics":[],"items_purged_floors":[],"is_endless":false,"potions_floor_spawned":[1,2,6,8,10],"killed_by":"Lagavulin","ascension_level":5}}