{"host":"27cnk69rbdk9vsnt","time":1608494598,"event":{"mods":["BaseMod","CatGirl Mod","Ekko","Energized Spire","JesterMod","Mimic Mod","Minty Spire (QoL Compilation)","Shade Mod","Shop Mod","StSLib","The Spell Scribe","Thieving Mod"],"gold_per_floor":[113,125,141,159,177,210,385,385,385,398,144,159,159,174,174,174,174],"floor_reached":16,"playtime":855,"items_purged":["Doubt"],"score":106,"play_id":"57ca1abc-d6e8-43a3-9a69-255b4606a983","local_time":"20201220210318","is_ascension_mode":false,"campfire_choices":[{"data":"jesterMod:Dodge","floor":8,"key":"SMITH"},{"floor":13,"key":"REST"},{"floor":15,"key":"REST"}],"circlet_count":0,"master_deck":["jesterMod:Strike","jesterMod:Strike","jesterMod:Strike","jesterMod:Strike","jesterMod:Sickle","jesterMod:Defend","jesterMod:Defend","jesterMod:Defend","jesterMod:Defend","jesterMod:Dodge+1","jesterMod:Discretion","jesterMod:ButterKnife","jesterMod:JackInTheBox","jesterMod:QuickStrike","jesterMod:Feint","jesterMod:Contradiction","jesterMod:Taunt","jesterMod:Precipitation","jesterMod:Procrastination","jesterMod:Twirl"],"relics":["jesterMod:JesterCap","Bottled Lightning","Juzu Bracelet","Bronze Scales"],"acts_visited":["Exordium"],"potions_floor_usage":[4,5,10,16],"damage_taken":[{"damage":2,"enemies":"Jaw Worm","floor":1,"turns":6},{"damage":1,"enemies":"Cultist","floor":2,"turns":4},{"damage":2,"enemies":"2 Louse","floor":3,"turns":3},{"damage":7,"enemies":"Exordium Thugs","floor":4,"turns":5},{"damage":8,"enemies":"Lots of Slimes","floor":5,"turns":5},{"damage":25,"enemies":"3 Sentries","floor":6,"turns":9},{"damage":6,"enemies":"3 Louse","floor":10,"turns":4},{"damage":18,"enemies":"Exordium Thugs","floor":12,"turns":5},{"damage":2,"enemies":"Large Slime","floor":14,"turns":4},{"damage":53,"enemies":"Slime Boss","floor":16,"turns":10}],"seed_played":"5707891436266425022","potions_obtained":[{"floor":3,"key":"Energy Potion"},{"floor":4,"key":"Ancient Potion"},{"floor":6,"key":"EntropicBrew"}],"is_trial":false,"path_per_floor":["M","M","M","M","M","E","?","R","T","M","$","M","R","M","R","B"],"character_chosen":"THE_JESTER","items_purchased":["Bronze Scales","jesterMod:Precipitation"],"campfire_rested":2,"item_purchase_floors":[11,11],"current_hp_per_floor":[75,74,72,65,57,32,32,32,32,26,26,8,31,29,52,0,0],"gold":174,"neow_bonus":"TEN_PERCENT_HP_BONUS","is_daily":false,"chose_seed":false,"campfire_upgraded":1,"win_rate":0.0,"timestamp":1608494598,"path_taken":["M","M","M","M","M","E","?","R","T","M","$","M","R","M","R","BOSS"],"items_purchased_type":["Relic","Card"],"build_version":"2020-12-13","purchased_purges":1,"victory":false,"max_hp_per_floor":[77,77,77,77,77,77,77,77,77,77,77,77,77,77,77,77,77],"card_choices":[{"not_picked":["jesterMod:Hide","jesterMod:Inspiration"],"picked":"jesterMod:Discretion","floor":1},{"not_picked":["jesterMod:Twirl","jesterMod:TrickyDodge"],"picked":"jesterMod:ButterKnife","floor":2},{"not_picked":["jesterMod:TrickyDodge","jesterMod:Rebuff"],"picked":"jesterMod:JackInTheBox","floor":3},{"not_picked":["jesterMod:Tinker","jesterMod:Hide"],"picked":"jesterMod:QuickStrike","floor":4},{"not_picked":["jesterMod:Patience","jesterMod:QuickStrike"],"picked":"jesterMod:Feint","floor":5},{"not_picked":["jesterMod:SelfMockery","jesterMod:BoilDown"],"picked":"jesterMod:Contradiction","floor":6},{"not_picked":["jesterMod:Frenzy","jesterMod:Loot"],"picked":"jesterMod:Taunt","floor":10},{"not_picked":["jesterMod:Rebuff","jesterMod:TrickyDodge"],"picked":"jesterMod:Procrastination","floor":12},{"not_picked":["jesterMod:Arrythmia","jesterMod:SwiftDodge"],"picked":"jesterMod:Twirl","floor":14}],"player_experience":472496,"relics_obtained":[{"floor":6,"key":"Bottled Lightning"},{"floor":9,"key":"Juzu Bracelet"}],"event_choices":[{"damage_healed":0,"gold_gain":175,"player_choice":"AGREE","damage_taken":0,"max_hp_gain":0,"max_hp_loss":0,"event_name":"Liars Game","floor":7,"gold_loss":0,"cards_obtained":["Doubt"]}],"is_beta":false,"boss_relics":[],"items_purged_floors":[11],"is_endless":false,"potions_floor_spawned":[3,4,6,14],"killed_by":"Slime Boss","ascension_level":0}}