{"host":"ac6e1xz8pi3qqstb","time":1608436923,"event":{"mods":["ATMod(°¢èªMod)","BaseMod","Minty Spire (QoL Compilation)","Relic Stats","StSLib","vexMod","¡¾ÒÅÎï¿¨ÅÆ¡¿REMEMod"],"gold_per_floor":[111,125,56,69,88,88,51,51,76,76,76,76,90,106,106,226,226,239,258,115,30,30,30,129,143,166,166,166,184,194,99,99,203,203,219,219,238,256,102,102,0,29,29,49,66,66,66,66,66,66,66,66,7,32,32,32],"floor_reached":55,"playtime":1935,"items_purged":[],"score":664,"play_id":"734b02db-9d9d-441f-acab-eb60e188fe6e","local_time":"20201220120203","is_ascension_mode":false,"campfire_choices":[{"data":"Storm","floor":6,"key":"SMITH"},{"data":"AT_ThreeBodyProblem","floor":10,"key":"SMITH"},{"floor":12,"key":"REST"},{"data":"Redo","floor":15,"key":"SMITH"},{"data":"Electrodynamics","floor":23,"key":"SMITH"},{"data":"Coolheaded","floor":27,"key":"SMITH"},{"data":"Hello World","floor":32,"key":"SMITH"},{"data":"Reboot","floor":40,"key":"SMITH"},{"floor":46,"key":"REST"},{"floor":49,"key":"RECALL"},{"data":"Hologram","floor":52,"key":"SMITH"}],"circlet_count":0,"master_deck":["Strike_B","Strike_B","Strike_B","Strike_B","Defend_B","Defend_B","Defend_B","Defend_B","Zap","Dualcast+1","AT_RobotInSpace+1","Sweeping Beam","Storm+1","AT_ThreeBodyProblem+1","Redo+1","Coolheaded+1","Electrodynamics+1","Conserve Battery","Hologram+1","Coolheaded+1","White Noise+1","REME_DataAnalysis","Genetic Algorithm","Hello World+1","Reboot+1","AT_DarkMatter","Loop+1","Leap+1","Rainbow+1","Steam+1","Stack+1","Reinforced Body+1","Heatsinks","Blizzard","Steam+1"],"relics":["Cracked Core","AT_ATBox","REME_ComplimentaryCards","AT_SunfireAegis","Bloody Idol","Juzu Bracelet","AT_TrinityForce","Membership Card","Regal Pillow","AT_ChloranthyRing","vexMod:PaidLearning","Red Mask","InkBottle","Bottled Lightning"],"acts_visited":["Exordium","TheCity","TheBeyond","TheEnding"],"potions_floor_usage":[48,50,50],"damage_taken":[{"damage":3,"enemies":"Small Slimes","floor":1,"turns":3},{"damage":1,"enemies":"2 Louse","floor":2,"turns":2},{"damage":6,"enemies":"Jaw Worm","floor":4,"turns":3},{"damage":15,"enemies":"2 Fungi Beasts","floor":5,"turns":3},{"damage":11,"enemies":"Red Slaver","floor":13,"turns":3},{"damage":7,"enemies":"3 Louse","floor":14,"turns":2},{"damage":28,"enemies":"Slime Boss","floor":16,"turns":8},{"damage":0,"enemies":"Chosen","floor":18,"turns":3},{"damage":7,"enemies":"Spheric Guardian","floor":19,"turns":3},{"damage":6,"enemies":"Snecko","floor":25,"turns":3},{"damage":15,"enemies":"Snake Plant","floor":29,"turns":3},{"damage":0,"enemies":"Chosen and Byrds","floor":30,"turns":1},{"damage":24,"enemies":"Champ","floor":33,"turns":5},{"damage":4,"enemies":"3 Shapes","floor":35,"turns":2},{"damage":10,"enemies":"Orb Walker","floor":37,"turns":2},{"damage":12,"enemies":"Jaw Worm Horde","floor":38,"turns":3},{"damage":44,"enemies":"Nemesis","floor":42,"turns":7},{"damage":0,"enemies":"Maw","floor":44,"turns":5},{"damage":14,"enemies":"4 Shapes","floor":45,"turns":2},{"damage":0,"enemies":"Writhing Mass","floor":48,"turns":1},{"damage":45,"enemies":"Awakened One","floor":50,"turns":8},{"damage":68,"enemies":"Shield and Spear","floor":54,"turns":5},{"damage":7,"enemies":"The Heart","floor":55,"turns":2}],"seed_played":"2711415662770849585","potions_obtained":[{"floor":1,"key":"CultistPotion"},{"floor":13,"key":"BlessingOfTheForge"},{"floor":29,"key":"SmokeBomb"}],"is_trial":false,"path_per_floor":["M","M","$","M","M","R","$","?","T","R","?","R","M","M","R","B",null,"M","M","$","?","?","R","?","M","T","R","?","M","M","$","R","B",null,"M","?","M","M","$","R","?","E","T","M","M","R","?","M","R","B",null,"R","$","E","B"],"character_chosen":"DEFECT","items_purchased":["Storm","AT_ThreeBodyProblem","Membership Card","REME_DataAnalysis","Genetic Algorithm","Hello World","Rainbow","vexMod:PaidLearning","Heatsinks","Blizzard"],"campfire_rested":2,"item_purchase_floors":[3,7,20,31,31,31,39,39,53,53],"current_hp_per_floor":[72,71,71,65,50,50,50,50,50,50,36,56,45,38,38,10,69,69,62,62,62,69,69,69,63,63,63,63,53,58,58,58,39,69,69,69,64,57,57,57,57,18,18,23,14,49,49,49,49,4,69,69,69,6,0,0],"gold":32,"neow_bonus":"RANDOM_COMMON_RELIC","is_daily":false,"chose_seed":false,"campfire_upgraded":8,"win_rate":0.0,"timestamp":1608436923,"path_taken":["M","M","$","M","M","R","$","?","T","R","?","R","M","M","R","BOSS","M","M","$","?","?","R","?","M","T","R","?","M","M","$","R","BOSS","M","?","M","M","$","R","?","E","T","M","M","R","?","M","R","BOSS","R","$","E","BOSS"],"items_purchased_type":["Card","Card","Relic","Card","Card","Card","Card","Relic","Card","Card"],"build_version":"2020-12-13","purchased_purges":0,"victory":false,"max_hp_per_floor":[75,75,75,75,75,75,75,69,69,69,69,69,69,69,69,69,69,69,69,69,69,69,69,69,69,69,69,69,69,69,69,69,69,69,69,69,69,69,69,69,69,69,69,69,69,69,69,69,69,69,69,69,69,69,69,69],"relic_stats":{"Regal Pillow":15,"counters":[23,79],"Bloody Idol":49,"Juzu Bracelet":1,"obtain_stats":[{"AT_ChloranthyRing":26,"Regal Pillow":21,"AT_ATBox":0,"Golden Idol":8,"Juzu Bracelet":9,"vexMod:PaidLearning":39,"Bloody Idol":28,"AT_TrinityForce":17,"Red Mask":41,"Membership Card":20,"Bottled Lightning":54,"AT_SunfireAegis":0,"Cracked Core":0,"InkBottle":42,"REME_ComplimentaryCards":0},{"AT_ChloranthyRing":10,"Regal Pillow":9,"AT_ATBox":0,"Golden Idol":4,"Juzu Bracelet":4,"vexMod:PaidLearning":16,"Bloody Idol":10,"AT_TrinityForce":7,"Red Mask":16,"Membership Card":9,"Bottled Lightning":22,"AT_SunfireAegis":0,"Cracked Core":0,"InkBottle":17,"REME_ComplimentaryCards":0},{"AT_ChloranthyRing":33,"Regal Pillow":30,"AT_ATBox":0,"Golden Idol":11,"Juzu Bracelet":11,"vexMod:PaidLearning":49,"Bloody Idol":33,"AT_TrinityForce":24,"Red Mask":49,"Membership Card":30,"Bottled Lightning":77,"AT_SunfireAegis":0,"Cracked Core":0,"InkBottle":56,"REME_ComplimentaryCards":0}],"InkBottle":[13]},"card_choices":[{"not_picked":["Chill","Fusion"],"picked":"Sweeping Beam","floor":1},{"not_picked":["Rebound","Streamline","Redo"],"picked":"SKIP","floor":2},{"not_picked":["Meteor Strike","Defragment","Go for the Eyes"],"picked":"SKIP","floor":4},{"not_picked":["Compile Driver","Sweeping Beam","Rip and Tear"],"picked":"SKIP","floor":5},{"not_picked":["Defragment","Compile Driver"],"picked":"Redo","floor":13},{"not_picked":["Stack","Sweeping Beam"],"picked":"Coolheaded","floor":14},{"not_picked":["Rainbow","Meteor Strike"],"picked":"Electrodynamics","floor":16},{"not_picked":["Cold Snap","Barrage"],"picked":"Conserve Battery","floor":18},{"not_picked":["Leap+1","Darkness+1"],"picked":"Hologram","floor":19},{"not_picked":["Beam Cell","Coolheaded","Hologram"],"picked":"SKIP","floor":25},{"not_picked":["Stack","Genetic Algorithm"],"picked":"Coolheaded+1","floor":29},{"not_picked":["Sweeping Beam","Sunder"],"picked":"White Noise+1","floor":30},{"not_picked":["Biased Cognition","Buffer"],"picked":"Reboot","floor":33},{"not_picked":["Compile Driver+1","REME_DataAnalysis+1"],"picked":"AT_DarkMatter","floor":35},{"not_picked":["Leap","Hello World"],"picked":"Loop","floor":37},{"not_picked":["Conserve Battery","Coolheaded+1"],"picked":"Leap+1","floor":38},{"not_picked":["Static Discharge+1","Scrape+1"],"picked":"Steam+1","floor":42},{"not_picked":["AT_WarpDrive","Leap+1"],"picked":"Stack+1","floor":44},{"not_picked":["Beam Cell","Streamline+1"],"picked":"Reinforced Body+1","floor":45},{"not_picked":["Go for the Eyes","Cold Snap+1"],"picked":"Steam+1","floor":54}],"player_experience":380725,"relics_obtained":[{"floor":9,"key":"Juzu Bracelet"},{"floor":26,"key":"AT_ChloranthyRing"},{"floor":42,"key":"InkBottle"},{"floor":54,"key":"Bottled Lightning"}],"event_choices":[{"damage_healed":0,"gold_gain":0,"player_choice":"Lose Max HP","damage_taken":0,"relics_obtained":["Golden Idol"],"max_hp_gain":0,"max_hp_loss":6,"event_name":"Golden Idol","floor":8,"gold_loss":0},{"damage_healed":0,"gold_gain":0,"player_choice":"Entered Light","damage_taken":14,"max_hp_gain":0,"max_hp_loss":0,"event_name":"Shining Light","floor":11,"gold_loss":0,"cards_upgraded":["Dualcast","AT_RobotInSpace"]},{"damage_healed":0,"gold_gain":0,"player_choice":"Obtained Relic","damage_taken":0,"relics_obtained":["Regal Pillow"],"max_hp_gain":0,"max_hp_loss":0,"event_name":"Addict","floor":21,"gold_loss":85},{"cards_removed":["Forethought"],"damage_healed":7,"gold_gain":0,"player_choice":"Offered Uncommon","damage_taken":0,"max_hp_gain":0,"max_hp_loss":0,"event_name":"Bonfire Elementals","floor":22,"gold_loss":0},{"damage_healed":0,"gold_gain":99,"player_choice":"Stole From Cult","damage_taken":0,"max_hp_gain":0,"max_hp_loss":0,"event_name":"Nest","floor":24,"gold_loss":0},{"damage_healed":0,"gold_gain":0,"player_choice":"Gave Idol","damage_taken":0,"relics_obtained":["Bloody Idol"],"max_hp_gain":0,"max_hp_loss":0,"event_name":"Forgotten Altar","floor":28,"relics_lost":["Golden Idol"],"gold_loss":0},{"damage_healed":0,"gold_gain":0,"player_choice":"Memory 1","damage_taken":0,"max_hp_gain":0,"max_hp_loss":0,"event_name":"SensoryStone","floor":36,"gold_loss":0},{"damage_healed":0,"gold_gain":0,"player_choice":"Paid","damage_taken":0,"relics_obtained":["Red Mask"],"max_hp_gain":0,"max_hp_loss":0,"event_name":"Tomb of Lord Red Mask","floor":41,"gold_loss":102},{"damage_healed":0,"gold_gain":0,"player_choice":"Ignored","damage_taken":0,"max_hp_gain":0,"max_hp_loss":0,"event_name":"Mysterious Sphere","floor":47,"gold_loss":0}],"is_beta":false,"boss_relics":[{"not_picked":["Philosopher\u0027s Stone","REME_DuelDisc"],"picked":"AT_TrinityForce"},{"not_picked":["Velvet Choker","Empty Cage","Cursed Key"]}],"items_purged_floors":[],"is_endless":false,"potions_floor_spawned":[1,13,29,38,42,54],"killed_by":"The Heart","ascension_level":0}}