{"host":"85dtmvttrcbdj5h5","time":1608434417,"event":{"mods":["AchievementEnabler","BaseMod","Bestiary","Colored Powertips","Filter the Spire","Highlight Path","Minty Spire (QoL Compilation)","Potion Indicator Mod","Relic Stats"],"gold_per_floor":[115,125,137,137,87,87,120,138,193,193,193,268,268,303,303,429,429,444,463,388,8,27,27,65,65,65,108,108,146,24,24,24,128,128,139,139,152,200,210,210,237,249,249,265,265,146,146,165,165,165],"floor_reached":51,"playtime":4550,"items_purged":["Strike_G"],"score":791,"play_id":"a6306098-6601-4011-bcf7-b05ed6d2caf8","local_time":"20201219222017","is_ascension_mode":false,"campfire_choices":[{"data":"Neutralize","floor":6.0,"key":"SMITH"},{"floor":11.0,"key":"REST"},{"data":"Terror","floor":15.0,"key":"SMITH"},{"data":"Malaise","floor":23.0,"key":"SMITH"},{"data":"PiercingWail","floor":25.0,"key":"SMITH"},{"floor":32.0,"key":"REST"},{"data":"Night Terror","floor":40.0,"key":"SMITH"},{"floor":49,"key":"REST"}],"circlet_count":0,"master_deck":["Defend_G","Defend_G","Defend_G","Defend_G","Survivor","Neutralize+1","All Out Attack","Dagger Spray+1","Slice+1","PiercingWail+1","Escape Plan","Terror+1","Unload","Malaise+1","Glass Knife+1","PiercingWail+1","Deflect+1","Footwork+1","Blade Dance+1","Tactician+1","Infinite Blades","Cloak And Dagger","Leg Sweep","Night Terror+1","Slice","Backflip+1","Blade Dance+1","Choke+1","Well Laid Plans+1","Cloak And Dagger+1","Acrobatics+1","Phantasmal Killer","Prepared+1","Accuracy+1"],"relics":["Ring of the Snake","Dream Catcher","Mummified Hand","Pen Nib","Bloody Idol","Unceasing Top","Smiling Mask","Astrolabe","Gambling Chip","Whetstone","Sundial","Du-Vu Doll","Ornamental Fan","HoveringKite","Prayer Wheel","White Beast Statue","InkBottle"],"acts_visited":["Exordium","TheCity","TheBeyond"],"potions_floor_usage":[48,48,50],"damage_taken":[{"damage":0.0,"enemies":"2 Louse","floor":1.0,"turns":3.0},{"damage":0.0,"enemies":"Small Slimes","floor":2.0,"turns":2.0},{"damage":0.0,"enemies":"Jaw Worm","floor":3.0,"turns":5.0},{"damage":2.0,"enemies":"3 Sentries","floor":7.0,"turns":6.0},{"damage":0.0,"enemies":"2 Fungi Beasts","floor":8.0,"turns":2.0},{"damage":0.0,"enemies":"Lagavulin","floor":14.0,"turns":5.0},{"damage":7.0,"enemies":"Slime Boss","floor":16.0,"turns":7.0},{"damage":10.0,"enemies":"Spheric Guardian","floor":18.0,"turns":3.0},{"damage":0.0,"enemies":"2 Thieves","floor":19.0,"turns":3.0},{"damage":0.0,"enemies":"Shelled Parasite and Fungi","floor":22.0,"turns":4.0},{"damage":0.0,"enemies":"Gremlin Leader","floor":24.0,"turns":4.0},{"damage":0.0,"enemies":"Slavers","floor":27.0,"turns":2.0},{"damage":9.0,"enemies":"Book of Stabbing","floor":29.0,"turns":4.0},{"damage":5.0,"enemies":"Collector","floor":33.0,"turns":11.0},{"damage":0.0,"enemies":"Orb Walker","floor":35.0,"turns":2.0},{"damage":0.0,"enemies":"3 Darklings","floor":37.0,"turns":4.0},{"damage":37.0,"enemies":"2 Orb Walkers","floor":38.0,"turns":7.0},{"damage":0.0,"enemies":"Transient","floor":39.0,"turns":5.0},{"damage":29.0,"enemies":"Nemesis","floor":41.0,"turns":5.0},{"damage":6.0,"enemies":"Spire Growth","floor":42.0,"turns":3.0},{"damage":0,"enemies":"4 Shapes","floor":44,"turns":6},{"damage":0,"enemies":"Transient","floor":48,"turns":5},{"damage":30,"enemies":"Awakened One","floor":50,"turns":7}],"seed_played":"-6879793072382582738","potions_obtained":[{"floor":1.0,"key":"Strength Potion"},{"floor":7.0,"key":"Energy Potion"},{"floor":16.0,"key":"Energy Potion"},{"floor":19.0,"key":"FairyPotion"},{"floor":27.0,"key":"SteroidPotion"},{"floor":33.0,"key":"SmokeBomb"},{"floor":38.0,"key":"Poison Potion"},{"floor":42.0,"key":"LiquidMemories"},{"floor":44,"key":"SkillPotion"},{"floor":48,"key":"SteroidPotion"}],"is_trial":false,"path_per_floor":["M","M","M","?","?","R","E","M","T","?","R","?","T","E","R","B",null,"M","M","?","$","M","R","E","R","T","E","?","E","$","?","R","B",null,"M","?","M","?","M","R","E","M","T","M","?","$","T","M","R","B",null],"character_chosen":"THE_SILENT","items_purchased":["Gambling Chip","CunningPotion","Infinite Blades","Cloak And Dagger","Phantasmal Killer"],"campfire_rested":3,"item_purchase_floors":[21,21,30,30,46],"current_hp_per_floor":[70,70,70,70,70,70,68,68,68,51,70,59,59,59,59,52,70,60,60,60,60,60,60,60,60,60,60,60,51,51,51,70,70,70,70,70,70,38,43,43,19,18,18,23,23,23,23,28,49,19],"gold":165,"neow_bonus":"RANDOM_COMMON_RELIC","is_daily":false,"chose_seed":false,"campfire_upgraded":5,"win_rate":0.0,"timestamp":1608434417,"path_taken":["M","M","M","?","?","R","E","M","T","?","R","?","?","E","R","BOSS","M","M","?","$","M","R","E","R","T","E","?","E","$","?","R","BOSS","M","?","M","?","M","R","E","M","T","M","?","$","?","?","R","BOSS"],"items_purchased_type":["Relic","Potion","Card","Card","Card"],"build_version":"2020-12-13","purchased_purges":1,"victory":true,"max_hp_per_floor":[70,70,70,70,70,70,70,70,70,70,70,70,70,70,70,70,70,70,70,70,70,70,70,70,70,70,70,70,70,70,70,70,70,70,70,70,70,70,70,70,70,70,70,70,70,70,70,70,70,70],"relic_stats":{"counters":[23,105],"Astrolabe":["Glass Knife","PiercingWail","Deflect"],"HoveringKite":[21],"Pen Nib":[31],"Whetstone":["Slice","Dagger Spray"],"Smiling Mask":25,"Dream Catcher":3,"Mummified Hand":[35],"Sundial":[8],"Ornamental Fan":[220],"Bloody Idol":35,"Gambling Chip":[44],"Prayer Wheel":4,"obtain_stats":[{"Golden Idol":10,"Astrolabe":17,"HoveringKite":34,"Pen Nib":9,"Whetstone":24,"Smiling Mask":14,"White Beast Statue":41,"Du-Vu Doll":27,"Dream Catcher":0,"Mummified Hand":7,"Sundial":26,"Ornamental Fan":29,"Gambling Chip":21,"Bloody Idol":31,"Prayer Wheel":38,"Unceasing Top":13,"InkBottle":47,"Ring of the Snake":0},{"Golden Idol":5,"Astrolabe":7,"HoveringKite":14,"Pen Nib":5,"Whetstone":11,"Smiling Mask":6,"White Beast Statue":19,"Du-Vu Doll":12,"Dream Catcher":0,"Mummified Hand":4,"Sundial":11,"Ornamental Fan":13,"Gambling Chip":9,"Bloody Idol":13,"Prayer Wheel":17,"Unceasing Top":5,"InkBottle":21,"Ring of the Snake":0},{"Golden Idol":18,"Astrolabe":30,"HoveringKite":61,"Pen Nib":18,"Whetstone":44,"Smiling Mask":23,"White Beast Statue":84,"Du-Vu Doll":46,"Dream Catcher":0,"Mummified Hand":16,"Sundial":44,"Ornamental Fan":50,"Gambling Chip":36,"Bloody Idol":50,"Prayer Wheel":74,"Unceasing Top":18,"InkBottle":93,"Ring of the Snake":0}],"Unceasing Top":[56],"InkBottle":[10],"Ring of the Snake":[46]},"card_choices":[{"not_picked":["Terror","Prepared"],"picked":"All Out Attack","floor":1.0},{"not_picked":["Outmaneuver","Reflex"],"picked":"Dagger Spray","floor":2.0},{"not_picked":["Infinite Blades","Dagger Spray"],"picked":"Slice","floor":3.0},{"not_picked":["Heel Hook","Deadly Poison"],"picked":"PiercingWail","floor":7.0},{"not_picked":["Poisoned Stab","Sucker Punch"],"picked":"Escape Plan","floor":8.0},{"not_picked":["Reflex","Poisoned Stab"],"picked":"Terror","floor":11.0},{"not_picked":["Backflip","Deflect"],"picked":"Unload","floor":14.0},{"not_picked":["Doppelganger","Burst"],"picked":"Malaise","floor":16.0},{"not_picked":["Dash+1","Dagger Spray+1"],"picked":"Footwork+1","floor":18.0},{"not_picked":["Prepared","Backstab"],"picked":"Finisher","floor":19.0},{"not_picked":["Terror","Deflect","Poisoned Stab"],"picked":"SKIP","floor":22.0},{"not_picked":["Deflect+1","After Image"],"picked":"Blade Dance+1","floor":24.0},{"not_picked":["Deadly Poison","All Out Attack","Bane+1"],"picked":"SKIP","floor":27.0},{"not_picked":["Slice","Outmaneuver+1"],"picked":"Tactician+1","floor":29.0},{"not_picked":["All Out Attack","Dodge and Roll"],"picked":"Leg Sweep","floor":32.0},{"not_picked":["Venomology","Storm of Steel"],"picked":"Night Terror","floor":33.0},{"not_picked":["Poisoned Stab+1","Terror+1"],"picked":"Slice","floor":35.0},{"not_picked":["Deadly Poison+1","Bouncing Flask","PiercingWail"],"picked":"SKIP","floor":37.0},{"not_picked":["PiercingWail+1","Acrobatics+1"],"picked":"Backflip+1","floor":38.0},{"not_picked":["Infinite Blades+1","Dash"],"picked":"Blade Dance+1","floor":39.0},{"not_picked":["PiercingWail+1","Endless Agony"],"picked":"Choke+1","floor":39.0},{"not_picked":["Bouncing Flask","Tactician","Outmaneuver"],"picked":"SKIP","floor":41.0},{"not_picked":["Bane+1","Sucker Punch"],"picked":"Well Laid Plans+1","floor":42.0},{"not_picked":["Venomology","Heel Hook+1"],"picked":"Cloak And Dagger+1","floor":42.0},{"not_picked":["Cloak And Dagger","Flying Knee"],"picked":"Acrobatics+1","floor":44},{"not_picked":["Bane","Quick Slash+1","Riddle With Holes+1"],"picked":"SKIP","floor":44},{"not_picked":["Finisher","Well Laid Plans+1"],"picked":"Prepared+1","floor":48},{"not_picked":["Finisher","Blade Dance","Malaise"],"picked":"SKIP","floor":48},{"not_picked":["Deflect","Prepared"],"picked":"Accuracy+1","floor":49}],"player_experience":124153,"relics_obtained":[{"floor":7.0,"key":"Mummified Hand"},{"floor":9.0,"key":"Pen Nib"},{"floor":13.0,"key":"Unceasing Top"},{"floor":14.0,"key":"Smiling Mask"},{"floor":24.0,"key":"Whetstone"},{"floor":26.0,"key":"Sundial"},{"floor":27.0,"key":"Du-Vu Doll"},{"floor":29.0,"key":"Ornamental Fan"},{"floor":38.0,"key":"Prayer Wheel"},{"floor":41.0,"key":"White Beast Statue"},{"floor":47,"key":"InkBottle"}],"event_choices":[{"damage_healed":0.0,"max_hp_gain":0.0,"max_hp_loss":0.0,"gold_gain":0.0,"event_name":"Liars Game","player_choice":"Ignored","floor":4.0,"gold_loss":0.0,"damage_taken":0.0},{"cards_removed":["Strike_G"],"damage_healed":0.0,"max_hp_gain":0.0,"max_hp_loss":0.0,"gold_gain":0.0,"event_name":"The Cleric","player_choice":"Card Removal","floor":5.0,"gold_loss":50.0,"damage_taken":0.0},{"damage_healed":0.0,"max_hp_gain":0.0,"max_hp_loss":0.0,"gold_gain":0.0,"event_name":"Golden Idol","player_choice":"Take Damage","floor":10.0,"gold_loss":0.0,"damage_taken":17.0,"relics_obtained":["Golden Idol"]},{"damage_healed":0.0,"max_hp_gain":0.0,"max_hp_loss":0.0,"gold_gain":75.0,"event_name":"World of Goop","player_choice":"Gather Gold","floor":12.0,"gold_loss":0.0,"damage_taken":11.0},{"cards_removed":["Strike_G"],"damage_healed":0.0,"max_hp_gain":0.0,"max_hp_loss":0.0,"gold_gain":0.0,"event_name":"Beggar","player_choice":"Gave Gold","floor":20.0,"gold_loss":75.0,"damage_taken":0.0},{"damage_healed":0.0,"max_hp_gain":0.0,"max_hp_loss":0.0,"gold_gain":0.0,"event_name":"Ghosts","player_choice":"Ignored","floor":28.0,"gold_loss":0.0,"damage_taken":0.0},{"damage_healed":0.0,"max_hp_gain":0.0,"max_hp_loss":0.0,"gold_gain":0.0,"event_name":"Forgotten Altar","player_choice":"Gave Idol","floor":31.0,"relics_lost":["Golden Idol"],"gold_loss":0.0,"damage_taken":0.0,"relics_obtained":["Bloody Idol"]},{"damage_healed":0.0,"max_hp_gain":0.0,"max_hp_loss":0.0,"gold_gain":0.0,"event_name":"Tomb of Lord Red Mask","player_choice":"Ignored","floor":36.0,"gold_loss":0.0,"damage_taken":0.0},{"damage_healed":0.0,"max_hp_gain":0.0,"max_hp_loss":0.0,"gold_gain":0.0,"event_name":"Mysterious Sphere","player_choice":"Fight","floor":38.0,"gold_loss":0.0,"damage_taken":0.0},{"cards_removed":["Finisher"],"damage_healed":0,"gold_gain":0,"player_choice":"Removed Attack","damage_taken":0,"max_hp_gain":0,"max_hp_loss":0,"event_name":"Falling","floor":45,"gold_loss":0}],"is_beta":false,"boss_relics":[{"not_picked":["Calling Bell","Ectoplasm"],"picked":"Astrolabe"},{"not_picked":["Runic Dome","Tiny House"],"picked":"HoveringKite"}],"items_purged_floors":[46],"is_endless":false,"potions_floor_spawned":[1,7,16,19,27,33,38,41,42,44,48],"ascension_level":0}}