{"host":"6z6y4ky8uzsz1dpj","time":1608471400,"event":{"mods":["2.2 Compatiblity","AchievementEnabler","BaseMod","BetterRewards","Challenge The Spire","Colored Map","Hubris","Minty Spire (QoL Compilation)","Quick Restart","Replay The Spire","StSLib"],"gold_per_floor":[115,127,140,156,167,167,192,207,207,217,227,261,272,125,125,228,228,241,9,27,52,67,97,109,109,109,119,148,148,174,193,193,291,291,301,45,95,114,134,167,180,211,211,111,125,125,75,107,107,107],"floor_reached":51,"playtime":2238,"items_purged":["Strike_B","Strike_B","Strike_B"],"score":1124,"play_id":"01ec637b-6915-480c-a1a8-98b6164f9bf2","local_time":"20201220083640","is_ascension_mode":true,"campfire_choices":[{"data":"Zap","floor":6,"key":"SMITH"},{"data":"Dualcast","floor":15,"key":"SMITH"},{"data":"Hologram","floor":25,"key":"SMITH"},{"floor":29,"key":"REST"},{"floor":32,"key":"RECALL"},{"data":"Creative AI","floor":46,"key":"SMITH"},{"data":"Hologram","floor":49,"key":"SMITH"}],"circlet_count":0,"master_deck":["Strike_B","Defend_B","Defend_B","Defend_B","Defend_B","Zap+1","Dualcast+1","Self Repair","Lockon","Doom and Gloom","Lockon","Seek","Barrage","Compile Driver","ReplayTheSpireMod:Calculation Training","Conserve Battery","Tempest","Echo Form","Conserve Battery","Self Repair","Thunder Strike","Electrodynamics","hubris:Ukulele","FIFO Queue","Glacier","Skim","Hologram+1","Coolheaded","Hologram+1","FIFO Queue","hubris:Ukulele","Creative AI+1","Heatsinks","Amplify","Loop","Panic Button","ReplayTheSpireMod:Calculation Training+1","Mirror Shield","Storm+1","Ball Lightning"],"relics":["Cracked Core","DataDisk","Emotion Chip","hubris:OldNail","Ornamental Fan","ReplayTheSpireMod:TigerMarble","Orrery","Painkiller Herb","Raider\u0027s Mask","Red Mask","Incense Burner","Mummified Hand","Ancient Tea Set","Smiling Mask","Nuclear Battery","Mango","Replay:Towering Pillar of Hats","hubris:TinFlute","Prayer Wheel","Nunchaku"],"acts_visited":["Exordium","TheCity","TheBeyond"],"potions_floor_usage":[7,8,12,21,37,37,37,42,48],"damage_taken":[{"damage":6,"enemies":"Cultist","floor":1,"turns":3},{"damage":5,"enemies":"Small Slimes","floor":2,"turns":2},{"damage":8,"enemies":"2 Louse","floor":3,"turns":2},{"damage":3,"enemies":"Blue Slaver","floor":4,"turns":3},{"damage":6,"enemies":"Looter","floor":5,"turns":2},{"damage":35,"enemies":"Lagavulin","floor":7,"turns":4},{"damage":20,"enemies":"3 Louse","floor":8,"turns":2},{"damage":9,"enemies":"Red Slaver","floor":10,"turns":2},{"damage":8,"enemies":"Blue Slaver","floor":11,"turns":2},{"damage":12,"enemies":"Gremlin Nob","floor":12,"turns":3},{"damage":2,"enemies":"2 Fungi Beasts","floor":13,"turns":2},{"damage":6,"enemies":"Hexaghost","floor":16,"turns":6},{"damage":11,"enemies":"Spheric Guardian","floor":18,"turns":3},{"damage":0,"enemies":"3 Byrds","floor":20,"turns":2},{"damage":27,"enemies":"Masked Bandits","floor":21,"turns":3},{"damage":5,"enemies":"Snake Plant","floor":22,"turns":3},{"damage":25,"enemies":"Replay:Snechameleon","floor":23,"turns":5},{"damage":15,"enemies":"Snecko","floor":24,"turns":5},{"damage":9,"enemies":"Centurion and Healer","floor":27,"turns":4},{"damage":11,"enemies":"Slavers","floor":28,"turns":2},{"damage":0,"enemies":"Gremlin Leader","floor":30,"turns":3},{"damage":6,"enemies":"Cultist and Chosen","floor":31,"turns":4},{"damage":16,"enemies":"hubris:MusketHawk","floor":33,"turns":4},{"damage":0,"enemies":"3 Darklings","floor":35,"turns":5},{"damage":31,"enemies":"Mind Bloom Boss Battle","floor":37,"turns":5},{"damage":0,"enemies":"Orb Walker","floor":38,"turns":4},{"damage":14,"enemies":"Jaw Worm Horde","floor":39,"turns":5},{"damage":0,"enemies":"Nemesis","floor":40,"turns":3},{"damage":18,"enemies":"4 Shapes","floor":41,"turns":3},{"damage":26,"enemies":"Reptomancer","floor":42,"turns":6},{"damage":11,"enemies":"Spire Growth","floor":45,"turns":4},{"damage":0,"enemies":"Nemesis","floor":48,"turns":3},{"damage":18,"enemies":"hubris:GrandSnecko","floor":50,"turns":6}],"seed_played":"-8542554756864191478","potions_obtained":[{"floor":1,"key":"FearPotion"},{"floor":7,"key":"Fruit Juice"},{"floor":11,"key":"Energy Potion"},{"floor":12,"key":"Doom Potion"},{"floor":13,"key":"Fire Potion"},{"floor":20,"key":"AttackPotion"},{"floor":21,"key":"FocusPotion"},{"floor":27,"key":"BlessingOfTheForge"},{"floor":37,"key":"Ancient Potion"},{"floor":38,"key":"Regen Potion"},{"floor":45,"key":"PowerPotion"}],"is_trial":false,"path_per_floor":["M","M","M","M","M","R","E","M","T","M","M","E","M","$","R","B",null,"?","T","?","?","?","E","?","T","T","?","E","T","E","?","T","B",null,"?","T","?","?","?","E","?","E","T","NS","?","T","T","E","T","B",null],"character_chosen":"DEFECT","items_purchased":["Self Repair","DataDisk","Lockon","Orrery","FIFO Queue","Raider\u0027s Mask","Amplify","Loop"],"campfire_rested":1,"item_purchase_floors":[0,0,0,14,19,19,36,36],"current_hp_per_floor":[68,63,62,66,67,67,39,31,31,29,28,16,14,14,14,8,80,80,80,80,60,69,58,50,50,50,55,44,68,68,80,80,64,80,80,80,77,77,91,91,80,77,77,77,87,87,87,94,94,76],"gold":107,"neow_bonus":"","is_daily":false,"chose_seed":false,"campfire_upgraded":5,"win_rate":0.0,"timestamp":1608471400,"path_taken":["M","M","M","M","M","R","E","M","T","M","M","E","?","$","R","BOSS","?","T","?","?","?","E","?","T","T","?","E","T","E","?","T","BOSS","?","T","?","?","?","E","?","E","T","NS","?","T","T","E","T","BOSS"],"items_purchased_type":["Card","Relic","Card","Relic","Card","Relic","Card","Card"],"build_version":"2020-12-13","purchased_purges":3,"victory":true,"max_hp_per_floor":[75,75,75,75,75,75,75,80,80,80,80,80,80,80,80,80,80,80,80,80,80,80,80,80,80,80,80,80,80,80,80,80,80,80,80,80,94,94,94,94,94,94,94,94,94,94,94,94,94,94],"card_choices":[{"not_picked":["BasicCrystalCard","Barrage"],"picked":"Doom and Gloom","floor":1},{"not_picked":["Conserve Battery","Reprogram"],"picked":"Lockon","floor":2},{"not_picked":["Coolheaded","Steam"],"picked":"Seek","floor":3},{"not_picked":["Conserve Battery","Auto Shields"],"picked":"Barrage","floor":4},{"not_picked":["Undo","Streamline"],"picked":"Compile Driver","floor":5},{"not_picked":["Steam","Rebound"],"picked":"ReplayTheSpireMod:Calculation Training","floor":7},{"not_picked":["ReplayTheSpireMod:GoodbyeWorld","Rebound"],"picked":"Conserve Battery","floor":8},{"not_picked":["Gash","ReplayTheSpireMod:Repulse"],"picked":"Tempest","floor":10},{"not_picked":["ReplayTheSpireMod:GoodbyeWorld","Lockon","Sweeping Beam"],"picked":"SKIP","floor":11},{"not_picked":["Sweeping Beam","Gash","Fusion"],"picked":"SKIP","floor":12},{"not_picked":["BasicCrystalCard","Coolheaded"],"picked":"Echo Form","floor":13},{"not_picked":["Steam","Redo"],"picked":"Conserve Battery","floor":14},{"not_picked":["Gash","BasicCrystalCard"],"picked":"Self Repair","floor":14},{"not_picked":["Sweeping Beam","Consume"],"picked":"Thunder Strike","floor":14},{"not_picked":["ReplayTheSpireMod:Omega Cannon","hubris:DoWhile"],"picked":"Electrodynamics","floor":16},{"not_picked":["Leap+1","Fusion"],"picked":"hubris:Ukulele","floor":18},{"not_picked":["Coolheaded","Ball Lightning"],"picked":"Glacier","floor":20},{"not_picked":["Double Energy","Heatsinks"],"picked":"Skim","floor":21},{"not_picked":["Compile Driver","Rebound"],"picked":"Hologram","floor":22},{"not_picked":["Skim+1","ReplayTheSpireMod:Repulse"],"picked":"Coolheaded","floor":23},{"not_picked":["Coolheaded+1","Ball Lightning+1"],"picked":"Hologram","floor":24},{"not_picked":["Conserve Battery","Rebound+1"],"picked":"FIFO Queue","floor":27},{"not_picked":["Electrodynamics","Turbo","ReplaySolidLightProjector"],"picked":"SKIP","floor":28},{"not_picked":["Leap","BasicCrystalCard"],"picked":"hubris:Ukulele","floor":30},{"not_picked":["Steam","Skim"],"picked":"Redo+1","floor":31},{"not_picked":["Thunder Strike","Rainbow"],"picked":"Creative AI","floor":33},{"not_picked":["Barrage","Redo+1"],"picked":"Heatsinks","floor":35},{"not_picked":["Rip and Tear","Streamline"],"picked":"Panic Button","floor":38},{"not_picked":["Sunder","Conserve Battery"],"picked":"Leap+1","floor":39},{"not_picked":["FTL+1","ReplayTheSpireMod:System Scan"],"picked":"ReplayTheSpireMod:Calculation Training+1","floor":40},{"not_picked":["Heatsinks","Coolheaded+1"],"picked":"Mirror Shield","floor":41},{"not_picked":["Rebound","Stack","ReplayTheSpireMod:System Scan"],"picked":"SKIP","floor":42},{"not_picked":["Beam Cell+1","Leap"],"picked":"Storm+1","floor":45},{"not_picked":["Blizzard+1","Sunder","Panic Button+1"],"picked":"SKIP","floor":45},{"not_picked":["Hologram","Cold Snap"],"picked":"Ball Lightning","floor":48}],"player_experience":168407,"relics_obtained":[{"floor":7,"key":"hubris:OldNail"},{"floor":9,"key":"Ornamental Fan"},{"floor":12,"key":"ReplayTheSpireMod:TigerMarble"},{"floor":21,"key":"Red Mask"},{"floor":23,"key":"Incense Burner"},{"floor":26,"key":"Mummified Hand"},{"floor":28,"key":"Ancient Tea Set"},{"floor":30,"key":"Smiling Mask"},{"floor":37,"key":"Mango"},{"floor":40,"key":"Replay:Towering Pillar of Hats"},{"floor":42,"key":"hubris:TinFlute"},{"floor":43,"key":"Prayer Wheel"},{"floor":48,"key":"Nunchaku"}],"event_choices":[{"damage_healed":0,"gold_gain":0,"player_choice":"Fought Bandits","damage_taken":0,"max_hp_gain":0,"max_hp_loss":0,"event_name":"Masked Bandits","floor":21,"gold_loss":0},{"damage_healed":0,"gold_gain":0,"player_choice":"Fight","damage_taken":0,"max_hp_gain":0,"max_hp_loss":0,"event_name":"MindBloom","floor":37,"gold_loss":0}],"is_beta":false,"boss_relics":[{"not_picked":["hubris:CrackedHourglass","Tiny House"],"picked":"Painkiller Herb"},{"not_picked":["ChewingGum","Kintsugi"],"picked":"Nuclear Battery"}],"items_purged_floors":[0,36,47],"is_endless":false,"potions_floor_spawned":[1,7,11,12,13,20,21,23,24,27,31,37,38,45],"ascension_level":3}}