{"host":"jzehok24c0182h89","time":1608486286,"event":{"mods":["Bard","BaseMod","Colored Map","Colored Powertips","Downfall","Hermit","Marisa????????","Minty Spire (QoL Compilation)","Random Character Button","Shade Mod","StSLib","The Alterego","The Blackbeard","The Bug Knight","The Construct","The Cursed","The Disciple","The Hierophant","The Necromancer","The Servant 0.9.4"],"gold_per_floor":[119,134,151,151,164,184,200,200,200],"floor_reached":8,"playtime":697,"items_purged":[],"score":52,"play_id":"dc01fdb5-3cab-441d-97f8-5fc90dcd00aa","local_time":"20201220124446","is_ascension_mode":false,"campfire_choices":[],"circlet_count":0,"master_deck":["HollowMod:NailStrikeStart","HollowMod:NailStrikeStart","HollowMod:QuickDashStart","HollowMod:QuickDashStart","HollowMod:QuickDashStart","HollowMod:QuickDashStart","HollowMod:FocusHealStart","HollowMod:PogoStrike","HollowMod:SharpenedShadows","HollowMod:ShadowDash","HollowMod:ChannelNail","HollowMod:WraithStrike","HollowMod:HeavyBlow","HollowMod:DescendingDark","HollowMod:SharpenedShadows","HollowMod:MonarchWings"],"relics":["HollowMod:VesselMask","Ancient Tea Set"],"acts_visited":["Exordium"],"potions_floor_usage":[8],"damage_taken":[{"damage":6,"enemies":"Cultist","floor":1,"turns":6},{"damage":4,"enemies":"2 Louse","floor":2,"turns":4},{"damage":13,"enemies":"Small Slimes","floor":3,"turns":3},{"damage":5,"enemies":"Looter","floor":5,"turns":4},{"damage":14,"enemies":"Large Slime","floor":6,"turns":6},{"damage":5,"enemies":"3 Louse","floor":7,"turns":2},{"damage":33,"enemies":"3 Sentries","floor":8,"turns":6}],"seed_played":"3516226890497089816","potions_obtained":[{"floor":2,"key":"Ancient Potion"},{"floor":3,"key":"Explosive Potion"}],"is_trial":false,"path_per_floor":["M","M","M","?","M","M","M","E"],"character_chosen":"THE_BUGKNIGHT","items_purchased":[],"campfire_rested":0,"item_purchase_floors":[],"current_hp_per_floor":[66,68,55,55,50,36,31,0,0],"gold":200,"neow_bonus":"TRANSFORM_TWO_CARDS","is_daily":false,"chose_seed":false,"campfire_upgraded":0,"win_rate":0.0,"timestamp":1608486286,"path_taken":["M","M","?","?","M","M","M","E"],"items_purchased_type":[],"build_version":"2020-12-13","purchased_purges":0,"victory":false,"max_hp_per_floor":[68,68,68,68,68,68,68,68,68],"card_choices":[{"not_picked":["HollowMod:InfectedCysts","HollowMod:FallenFury"],"picked":"HollowMod:ChannelNail","floor":1},{"not_picked":["HollowMod:Grubsong","HollowMod:SharpenedShadows"],"picked":"HollowMod:WraithStrike","floor":2},{"not_picked":["HollowMod:DesolateDive","HollowMod:SiblingsSouls"],"picked":"HollowMod:HeavyBlow","floor":3},{"not_picked":["HollowMod:SoulStrike","HollowMod:SoulEater"],"picked":"HollowMod:DescendingDark","floor":5},{"not_picked":["HollowMod:BrokenVessel","HollowMod:InfectionAssault"],"picked":"HollowMod:SharpenedShadows","floor":6},{"not_picked":["HollowMod:SoulStrike","HollowMod:Weaversong"],"picked":"HollowMod:MonarchWings","floor":7}],"player_experience":828234,"relics_obtained":[],"event_choices":[{"damage_healed":0,"gold_gain":0,"player_choice":"Gave Potion","damage_taken":0,"relics_obtained":["Ancient Tea Set"],"max_hp_gain":0,"max_hp_loss":0,"event_name":"WeMeetAgain","floor":4,"gold_loss":0}],"is_beta":false,"boss_relics":[],"items_purged_floors":[],"is_endless":false,"potions_floor_spawned":[2,3],"killed_by":"3 Sentries","ascension_level":0}}