{"host":"3ghjvsatr2fxka2l","time":1608504186,"event":{"mods":["2.2 Compatiblity","AchievementEnabler","Act Like it!","Aspiration","BaseMod","Better Third Choice","Better Vampires","BetterRewards","Clawfect","Colored Powertips","Conspire","Curses Come First","Defuse TimeMaze Blight","Displayed Cursed Tome","Energized Spire","Gold Saver","Grow up Mod","Hallownest","Hubris","Infinite Spire","Lobotomy","Marked Mod","Minty Spire (QoL Compilation)","Quick Restart","Replay The Spire","SacredBarkPlus","StSLib","The Blue Laboratory","The Bug Knight","Transform Curses","Uncapped","Waifu the Spire","Wandering Minibosses","vexMod","??????REMEMod"],"gold_per_floor":[885,895,442,462,481,506,506,553,579,579,593,604,616,626,626,731,731,748,766,786,799,799,829,829,840,895,925,549,549,549,620,620,1286,1286,1405,1405,1424,1445,1445,1473,1511,1511,1511,1511,1511,1540,1540,1558,759,759,799,827,827,964],"floor_reached":55,"playtime":7782,"items_purged":["Strike_P","Strike_P","Strike_P","Strike_P"],"score":827,"play_id":"467ec71c-079c-4bb4-9bc0-f443a8106e08","local_time":"20201220144306","is_ascension_mode":false,"campfire_choices":[{"data":"HollowMod:SlysStrikes","floor":7,"key":"SMITH"},{"data":"WindmillStrike","floor":15,"key":"SMITH"},{"floor":24,"key":"REST"},{"floor":32,"key":"REST"},{"data":"Establishment","floor":34,"key":"SMITH"},{"data":"Wireheading","floor":50,"key":"SMITH"},{"data":"Eruption","floor":53,"key":"SMITH"}],"circlet_count":0,"master_deck":["Defend_P","Defend_P","Defend_P","Defend_P","Eruption+1","Vigilance","HollowMod:SlysStrikes+1","WindmillStrike+1","MarkedMod:Acupuncture","MarkedMod:Acupuncture","CutThroughFate","Ragnarok","Worship","CutThroughFate","MarkedMod:Acupuncture","Wireheading+1","MarkedMod:SlowDance","MarkedMod:GentlePulse","Establishment+1","MarkedMod:GentlePulse+1","ThirdEye","JustLucky","MarkedMod:OneThousandNeedles+1","JustLucky","Replay:Cycle","Worship+1","PathToVictory","Weave+1","PathToVictory","Weave","Protect","Alpha"],"relics":["PureWater","REME_ComplimentaryCards","aspiration:Nostalgia","Sizzling Blood","Bird Faced Urn","DollysMirror","ReplayTheSpireMod:Ninjato","Akabeko","Blood Vial","Hallownest:DreamNailRelic","conspire:SpecialSausage","Hallownest:WatcherSealRelic","Replay:Bandana","infinitespire:Lucky Rock","HandDrill","Onion Ring","vexMod:RockOfEvil","hubris:ScarierMask","wanderingMiniBosses:CarrionFlame","infinitespire:Golems Mask","hubris:Towel","ReplayTheSpireMod:Lightbulb","Kunai","StoneCalendar","Calipers","hubris:ToyBattleship"],"acts_visited":["Exordium","Hallownest:Greenpath","Hallownest:CityofTears"],"potions_floor_usage":[6,14,14,14,38,38,54],"damage_taken":[{"damage":15,"enemies":"2_ Uuma","floor":1,"turns":6},{"damage":8,"enemies":"Hallownest:2_MossCreeps","floor":2,"turns":6},{"damage":12,"enemies":"Hallownest:2_Baldur","floor":4,"turns":4},{"damage":26,"enemies":"Hallownest:1_Baldur_1_Crawlid_1_Warrior","floor":5,"turns":5},{"damage":56,"enemies":"Hallownest:eliteMossKnight","floor":6,"turns":7},{"damage":20,"enemies":"Hallownest:2_Tiktiks_1_Baldur_1_Crawlid","floor":11,"turns":5},{"damage":11,"enemies":"Hallownest:monsterFoolEater","floor":12,"turns":3},{"damage":6,"enemies":"Hallownest:monsterMossCharger","floor":13,"turns":3},{"damage":0,"enemies":"Hallownest:monsterAspidMother","floor":14,"turns":4},{"damage":33,"enemies":"Hallownest:BossFalseKnight","floor":16,"turns":6},{"damage":50,"enemies":"Hallownest:2_Mistakes","floor":18,"turns":7},{"damage":73,"enemies":"Hallownest:3_Youths","floor":19,"turns":8},{"damage":46,"enemies":"Hallownest:Warrior_and_Youth","floor":20,"turns":7},{"damage":77,"enemies":"Hallownest:Master_and_Novice","floor":21,"turns":6},{"damage":74,"enemies":"Hallownest:eliteWatcherKnight","floor":23,"turns":11},{"damage":44,"enemies":"Hallownest:2_Husk_Sentries","floor":25,"turns":5},{"damage":40,"enemies":"Hallownest:Warrior_and_Youth","floor":27,"turns":7},{"damage":55,"enemies":"Hallownest:Glutton_and_Coward","floor":31,"turns":5},{"damage":29,"enemies":"Hallownest:BossGrimm","floor":35,"turns":7},{"damage":45,"enemies":"Hallownest:2_Littles","floor":37,"turns":5},{"damage":128,"enemies":"Hallownest:Shield_Heavy","floor":38,"turns":7},{"damage":0,"enemies":"Hallownest:2_Soldiers_and_1_Guardian","floor":40,"turns":4},{"damage":55,"enemies":"conspire:MimicChest","floor":41,"turns":5},{"damage":0,"enemies":"Hallownest:2_Great","floor":46,"turns":3},{"damage":24,"enemies":"Hallownest:2_Wing_and_1_Kings","floor":48,"turns":4},{"damage":13,"enemies":"Hallownest:eliteCollector","floor":51,"turns":6},{"damage":6,"enemies":"Hallownest:Xero_Hu_Marmu","floor":52,"turns":2},{"damage":32,"enemies":"Hallownest:Radiance","floor":54,"turns":6}],"seed_played":"-4645539208047352515","potions_obtained":[{"floor":1,"key":"AttackPotion"},{"floor":4,"key":"blueLaboratory:FrostheartPotion"},{"floor":12,"key":"Block Potion"},{"floor":13,"key":"Reflective Coating"},{"floor":14,"key":"blueLaboratory:BottleOfVodka"},{"floor":19,"key":"blueLaboratory:EnragingPotion"},{"floor":21,"key":"MarkedMod:BlackLotusJuice"},{"floor":31,"key":"blueLaboratory:AlphaPotion"},{"floor":38,"key":"blueLaboratory:HummingbirdPotion"},{"floor":41,"key":"Languid Potion"}],"is_trial":false,"path_per_floor":["M","M","$","M","M","E","R","T","T","?","M","M","M","M","R","B",null,"M","M","M","M","?","E","R","M","T","M","$","PTL","PTL","M","R","AVR","R","B",null,"M","M","?","M","?","?","AVR","PTL","PTL","M","T","M","$","R","E","M","R","B",null],"character_chosen":"WATCHER","items_purchased":["Bird Faced Urn","DollysMirror","infinitespire:Lucky Rock","HandDrill","PathToVictory","StoneCalendar","Calipers","Weave"],"campfire_rested":2,"item_purchase_floors":[3,3,28,28,49,49,49,49],"current_hp_per_floor":[85,91,101,105,95,55,65,75,85,95,93,100,110,128,138,125,256,224,171,145,90,100,50,154,132,142,126,136,146,156,123,251,261,271,266,446,419,313,323,347,316,326,336,346,356,380,390,390,400,410,421,439,449,441],"gold":964,"neow_bonus":"NOSTALGIA","is_daily":false,"chose_seed":false,"campfire_upgraded":5,"win_rate":0.0,"timestamp":1608504186,"path_taken":["M","M","$","M","?","E","R","?","T","?","M","M","M","M","R","BOSS","M","?","?","M","?","E","R","M","T","M","$","PTL","PTL","M","R","AVR","R","BOSS","M","M","?","?","?","?","AVR","PTL","PTL","M","T","M","$","R","E","M","R","BOSS"],"items_purchased_type":["Relic","Relic","Relic","Relic","Card","Relic","Relic","Card"],"build_version":"2020-12-13","purchased_purges":4,"victory":true,"max_hp_per_floor":[96,106,116,126,136,146,156,166,176,186,196,206,216,226,236,246,256,266,276,286,296,306,316,326,336,346,356,366,376,386,396,406,416,426,436,446,456,466,476,486,496,506,516,526,536,546,556,566,576,586,596,606,616,626],"card_choices":[{"not_picked":["Replay:ManipulateFuture","Protect"],"picked":"WindmillStrike","floor":1},{"not_picked":["ThirdEye","LikeWater"],"picked":"MarkedMod:Acupuncture","floor":2},{"not_picked":["BattleHymn","Evaluate"],"picked":"CutThroughFate","floor":4},{"not_picked":["Crescendo","Consecrate","EmptyBody"],"picked":"SKIP","floor":5},{"not_picked":["REME_MusicOfDeath","FollowUp"],"picked":"Ragnarok","floor":6},{"not_picked":["Replay:Cycle","FlyingSleeves"],"picked":"Worship","floor":11},{"not_picked":["Blasphemy","SandsOfTime"],"picked":"CutThroughFate","floor":12},{"not_picked":["Halt","Replay:DivineShield"],"picked":"MarkedMod:Acupuncture","floor":13},{"not_picked":["FlurryOfBlows","InnerPeace"],"picked":"Wireheading","floor":14},{"not_picked":["Brilliance","SpiritShield"],"picked":"MarkedMod:SlowDance","floor":16},{"not_picked":["Protect+1","FlyingSleeves+1","Weave"],"picked":"SKIP","floor":18},{"not_picked":["REME_MusicOfDeath","Halt"],"picked":"MarkedMod:GentlePulse","floor":19},{"not_picked":["Replay:BluntJabs","CrushJoints"],"picked":"Establishment","floor":20},{"not_picked":["Wallop+1","REME_MusicOfDeath+1"],"picked":"MarkedMod:GentlePulse+1","floor":21},{"not_picked":["FearNoEvil","Sanctity"],"picked":"ThirdEye","floor":23},{"not_picked":["Prostrate","Pray"],"picked":"JustLucky","floor":25},{"not_picked":["ClearTheMind","MentalFortress+1"],"picked":"MarkedMod:OneThousandNeedles","floor":27},{"not_picked":["Sanctity+1","Halt"],"picked":"JustLucky","floor":31},{"not_picked":["EmptyFist","Replay:AtTheReady"],"picked":"Replay:Cycle","floor":37},{"not_picked":["CrushJoints+1","Replay:BluntJabs"],"picked":"Worship+1","floor":38},{"not_picked":["CrushJoints","REME_MusicOfDeath+1"],"picked":"PathToVictory","floor":40},{"not_picked":["Wallop","Replay:BluntJabs"],"picked":"Weave+1","floor":46},{"not_picked":["CrushJoints","Consecrate","Replay:Anticipation"],"picked":"SKIP","floor":48},{"not_picked":["BowlingBash","SashWhip","Prostrate"],"picked":"SKIP","floor":51},{"not_picked":["InnerPeace","ClearTheMind"],"picked":"Protect","floor":52},{"not_picked":["LessonLearned","Replay:AllIn"],"picked":"Alpha","floor":54}],"player_experience":251269,"relics_obtained":[{"floor":6,"key":"ReplayTheSpireMod:Ninjato"},{"floor":8,"key":"Akabeko"},{"floor":9,"key":"Blood Vial"},{"floor":26,"key":"Replay:Bandana"},{"floor":38,"key":"wanderingMiniBosses:CarrionFlame"},{"floor":41,"key":"infinitespire:Golems Mask"},{"floor":47,"key":"Kunai"},{"floor":51,"key":"hubris:ToyBattleship"}],"event_choices":[],"is_beta":false,"boss_relics":[{"not_picked":["energizedSpire:SpiderWeb","conspire:SlowCooker"],"picked":"conspire:SpecialSausage"},{"not_picked":["Honey Jar","vexMod:BigBerry"],"picked":"hubris:ScarierMask"}],"items_purged_floors":[28,33,43,49],"is_endless":false,"potions_floor_spawned":[1,4,12,13,14,19,21,25,31,37,38,41,51,52],"ascension_level":0}}