{"host":"b4asi0laiv85suj9","time":1608435228,"event":{"mods":["BaseMod","Minty Spire (QoL Compilation)","MostiFishMod","Relic Stats","StSLib","TestMod","noobMod"],"gold_per_floor":[115,128,148,148,148,174,184,219,219,219,246,262,262,287,287,361,361,371,197,197,210,210,242,242,275,275,275,275,357,46,46,46,123,123,134,147,47,0,13,13,45,45,45,61,61,94,104,123,123,123,123,123,34,61,61],"floor_reached":56,"playtime":1837,"items_purged":["Intimidate","Juggernaut","Combust"],"score":2473,"play_id":"c16687dc-6df3-46f1-80dc-0066f4869817","local_time":"20201220113348","is_ascension_mode":true,"campfire_choices":[{"data":"HalloweenModGhostCostume","floor":13,"key":"SMITH"},{"data":"HalloweenModCandy","floor":15,"key":"SMITH"},{"data":"Offering","floor":24,"key":"SMITH"},{"floor":27,"key":"RECALL"},{"data":"Blood for Blood","floor":32,"key":"SMITH"},{"data":"Pommel Strike","floor":40,"key":"SMITH"},{"data":"HalloweenModTrick","floor":45,"key":"SMITH"},{"data":"Double Tap","floor":49,"key":"SMITH"},{"data":"Shrug It Off","floor":52,"key":"SMITH"}],"circlet_count":0,"master_deck":["AscendersBane","Double Tap+1","Dropkick","Offering+1","Blood for Blood+1","Shrug It Off+1","MostiFishMod:UniRed","Feed","HalloweenModGhostCostume+1","HalloweenModCandy+1","HalloweenModTrick+1","Pommel Strike+1","Pain","Dark Embrace","Uppercut"],"relics":["testmod-TestBox","DaveBox","ice","FixedStarFall","HalloweenModHalloween","Blue Candle","Civilization","Question Card","PrismaticShard","FaceOfCleric","Pocketwatch","Centennial Puzzle","Question Card","White Beast Statue","Darkstone Periapt","ImportantClient","testmod-Prudence","ClockworkSouvenir","Vajra","testmod-OneHitWonder","Bag of Marbles","Torii","Shuriken","Calipers","WarpedTongs","ExusiaiGun","Red Mask","Mummified Hand","Gremlin Horn","testmod-HeartOfStrike","testmod-ConstraintPeriapt"],"acts_visited":["Exordium","TheCity","TheBeyond","TheEnding"],"potions_floor_usage":[8,14,46,55],"damage_taken":[{"damage":6.0,"enemies":"2 Louse","floor":1.0,"turns":2.0},{"damage":1.0,"enemies":"Small Slimes","floor":2.0,"turns":1.0},{"damage":7.0,"enemies":"Cultist","floor":3.0,"turns":3.0},{"damage":10.0,"enemies":"Lagavulin","floor":6.0,"turns":3.0},{"damage":12.0,"enemies":"Exordium Thugs","floor":7.0,"turns":2.0},{"damage":19,"enemies":"3 Sentries","floor":8,"turns":3},{"damage":13,"enemies":"Lagavulin","floor":11,"turns":2},{"damage":0,"enemies":"Looter","floor":12,"turns":1},{"damage":22,"enemies":"Gremlin Nob","floor":14,"turns":3},{"damage":29,"enemies":"The Guardian","floor":16,"turns":3},{"damage":7,"enemies":"3 Byrds","floor":18,"turns":1},{"damage":1,"enemies":"Shell Parasite","floor":21,"turns":1},{"damage":15,"enemies":"Book of Stabbing","floor":23,"turns":2},{"damage":7,"enemies":"Slavers","floor":25,"turns":2},{"damage":8,"enemies":"Automaton","floor":33,"turns":2},{"damage":7,"enemies":"Orb Walker","floor":35,"turns":1},{"damage":1,"enemies":"3 Shapes","floor":36,"turns":1},{"damage":7,"enemies":"Writhing Mass","floor":39,"turns":1},{"damage":2,"enemies":"Nemesis","floor":41,"turns":1},{"damage":10,"enemies":"4 Shapes","floor":44,"turns":1},{"damage":0,"enemies":"Giant Head","floor":46,"turns":1},{"damage":4,"enemies":"Spire Growth","floor":47,"turns":1},{"damage":1,"enemies":"Jaw Worm Horde","floor":48,"turns":1},{"damage":6,"enemies":"Time Eater","floor":50,"turns":1},{"damage":0,"enemies":"Shield and Spear","floor":54,"turns":1},{"damage":48,"enemies":"The Heart","floor":55,"turns":4}],"seed_played":"1363036909212413501","potions_obtained":[{"floor":1.0,"key":"Fruit Juice"},{"floor":2.0,"key":"ElixirPotion"},{"floor":12,"key":"testmod-EscapePotion"},{"floor":14,"key":"testmod-SpacePotion"},{"floor":16,"key":"BlessingOfTheForge"},{"floor":18,"key":"testmod-TimePotion"},{"floor":21,"key":"DistilledChaos"},{"floor":44,"key":"DuplicationPotion"},{"floor":46,"key":"Fire Potion"},{"floor":54,"key":"Strength Potion"}],"is_trial":false,"path_per_floor":["M","M","M","?","?","E","M","E","T","T","E","M","R","E","R","B",null,"M","$","?","M","?","E","R","E","T","R","?","T","$","?","R","B",null,"M","M","$","?","M","R","E","?","T","M","R","E","M","M","R","B",null,"R","$","E","B",null],"character_chosen":"IRONCLAD","items_purchased":["ClockworkSouvenir","Calipers","Dark Embrace","Uppercut"],"campfire_rested":0,"item_purchase_floors":[19,30,53,53],"current_hp_per_floor":[71,77,87,87,87,92,96,101,101,101,109,126,126,122,122,117,188,208,208,208,235,235,249,249,274,274,274,201,201,201,207,207,234,321,350,387,387,387,420,420,451,451,451,485,485,522,564,607,607,654,684,684,684,728,733],"gold":61,"neow_bonus":"BOSS_RELIC","is_daily":false,"chose_seed":false,"campfire_upgraded":8,"win_rate":0.0,"timestamp":1608435228,"path_taken":["M","M","M","?","?","E","?","E","T","?","E","M","R","E","R","BOSS","M","$","?","M","?","E","R","E","T","R","?","?","?","?","R","BOSS","M","M","$","?","M","R","E","?","T","M","R","E","?","M","R","BOSS","R","$","E","BOSS"],"items_purchased_type":["Relic","Relic","Card","Card"],"build_version":"2020-12-13","purchased_purges":3,"victory":true,"max_hp_per_floor":[85,92,101,101,101,108,120,140,140,140,157,174,174,192,192,212,212,235,235,235,259,259,284,284,312,312,312,317,317,317,323,323,350,350,382,416,416,416,452,452,485,485,485,525,525,562,604,648,648,694,694,694,694,738,783],"relic_stats":{"Darkstone Periapt":6,"Torii":0,"Gremlin Horn":[3,3],"counters":[26,45],"Blue Candle":[22],"Question Card":89102,"WarpedTongs":[13],"Centennial Puzzle":[51],"FaceOfCleric":23,"Shuriken":[10],"Mummified Hand":[5],"obtain_stats":[{"Darkstone Periapt":14,"testmod-HeartOfStrike":46,"Calipers":30,"DaveBox":0,"Torii":26,"Gremlin Horn":43,"Vajra":22,"HalloweenModHalloween":0,"ice":0,"ExusiaiGun":34,"PrismaticShard":1,"Burning Blood":0,"ClockworkSouvenir":19,"Civilization":0,"Centennial Puzzle":8,"testmod-Prudence":17,"FaceOfCleric":5,"Mummified Hand":41,"Red Mask":38,"ImportantClient":16,"testmod-TestBox":0,"Blue Candle":0,"testmod-ConstraintPeriapt":54,"Question Card":1,"White Beast Statue":11,"WarpedTongs":31,"Shuriken":29,"FixedStarFall":0,"Bag of Marbles":25,"testmod-OneHitWonder":23,"Pocketwatch":6},{"Darkstone Periapt":9,"testmod-HeartOfStrike":21,"Calipers":14,"DaveBox":0,"Torii":14,"Gremlin Horn":19,"Vajra":12,"HalloweenModHalloween":0,"ice":0,"ExusiaiGun":15,"PrismaticShard":1,"Burning Blood":0,"ClockworkSouvenir":11,"Civilization":0,"Centennial Puzzle":6,"testmod-Prudence":10,"FaceOfCleric":3,"Mummified Hand":19,"Red Mask":17,"ImportantClient":10,"testmod-TestBox":0,"Blue Candle":0,"testmod-ConstraintPeriapt":25,"Question Card":1,"White Beast Statue":7,"WarpedTongs":14,"Shuriken":14,"FixedStarFall":0,"Bag of Marbles":14,"testmod-OneHitWonder":13,"Pocketwatch":4},{"Darkstone Periapt":20,"testmod-HeartOfStrike":37,"Calipers":29,"DaveBox":0,"Torii":29,"Gremlin Horn":35,"Vajra":25,"HalloweenModHalloween":0,"ice":0,"ExusiaiGun":31,"PrismaticShard":2,"Burning Blood":0,"ClockworkSouvenir":24,"Civilization":0,"Centennial Puzzle":14,"testmod-Prudence":23,"FaceOfCleric":6,"Mummified Hand":35,"Red Mask":33,"ImportantClient":23,"testmod-TestBox":0,"Blue Candle":0,"testmod-ConstraintPeriapt":41,"Question Card":2,"White Beast Statue":16,"WarpedTongs":29,"Shuriken":29,"FixedStarFall":0,"Bag of Marbles":29,"testmod-OneHitWonder":27,"Pocketwatch":9}],"Pocketwatch":[10]},"card_choices":[{"not_picked":["HalloweenModCandy","HalloweenModTrick"],"picked":"HalloweenModGhostCostume","floor":1.0},{"not_picked":["HalloweenModGhostCostume","HalloweenModTrick","HalloweenModCandy"],"picked":"HalloweenModCandy","floor":2.0},{"not_picked":["HalloweenModCandy","HalloweenModGhostCostume","HalloweenModGhostCostume"],"picked":"HalloweenModTrick","floor":3.0},{"not_picked":["HalloweenModTrick","HalloweenModGhostCostume","HalloweenModCandy","HalloweenModCandy"],"picked":"SKIP","floor":6.0},{"not_picked":["HalloweenModCandy","HalloweenModTrick","HalloweenModGhostCostume","HalloweenModCandy"],"picked":"SKIP","floor":7},{"not_picked":["HalloweenModGhostCostume","HalloweenModCandy","HalloweenModTrick","HalloweenModGhostCostume"],"picked":"SKIP","floor":8},{"not_picked":["HalloweenModCandy","HalloweenModGhostCostume","HalloweenModTrick","HalloweenModTrick","HalloweenModGhostCostume"],"picked":"SKIP","floor":11},{"not_picked":["HalloweenModCandy","HalloweenModTrick","HalloweenModGhostCostume","HalloweenModCandy","HalloweenModGhostCostume"],"picked":"SKIP","floor":12},{"not_picked":["HalloweenModGhostCostume","HalloweenModCandy","HalloweenModTrick","HalloweenModCandy","HalloweenModTrick"],"picked":"SKIP","floor":14},{"not_picked":["HalloweenModTrick","HalloweenModGhostCostume","HalloweenModCandy","HalloweenModCandy","HalloweenModGhostCostume"],"picked":"SKIP","floor":18},{"not_picked":["HalloweenModTrick","HalloweenModCandy","HalloweenModGhostCostume","HalloweenModTrick","HalloweenModTrick"],"picked":"SKIP","floor":21},{"not_picked":["HalloweenModCandy","HalloweenModGhostCostume","HalloweenModTrick","HalloweenModGhostCostume","HalloweenModGhostCostume"],"picked":"SKIP","floor":23},{"not_picked":["HalloweenModTrick","HalloweenModGhostCostume","HalloweenModCandy","HalloweenModTrick+1","HalloweenModCandy"],"picked":"SKIP","floor":25},{"not_picked":["HalloweenModGhostCostume+1","HalloweenModTrick","HalloweenModCandy","HalloweenModGhostCostume","HalloweenModGhostCostume+1"],"picked":"SKIP","floor":35},{"not_picked":["HalloweenModGhostCostume+1","HalloweenModCandy+1","HalloweenModTrick+1","HalloweenModCandy+1","HalloweenModCandy+1"],"picked":"SKIP","floor":36},{"not_picked":["HalloweenModGhostCostume","HalloweenModCandy","HalloweenModTrick","HalloweenModCandy","HalloweenModTrick"],"picked":"SKIP","floor":39},{"not_picked":["HalloweenModGhostCostume","HalloweenModTrick","HalloweenModCandy","HalloweenModGhostCostume","HalloweenModGhostCostume"],"picked":"SKIP","floor":41},{"not_picked":["HalloweenModGhostCostume","HalloweenModTrick","HalloweenModCandy","HalloweenModTrick+1","HalloweenModCandy"],"picked":"SKIP","floor":44},{"not_picked":["HalloweenModGhostCostume","HalloweenModTrick+1","HalloweenModCandy","HalloweenModGhostCostume","HalloweenModTrick"],"picked":"SKIP","floor":46},{"not_picked":["HalloweenModGhostCostume+1","HalloweenModCandy","HalloweenModTrick","HalloweenModTrick","HalloweenModGhostCostume"],"picked":"SKIP","floor":47},{"not_picked":["HalloweenModTrick","HalloweenModGhostCostume","HalloweenModCandy","HalloweenModCandy","HalloweenModTrick"],"picked":"SKIP","floor":48},{"not_picked":["HalloweenModGhostCostume+1","HalloweenModCandy+1","HalloweenModTrick","HalloweenModCandy+1","HalloweenModGhostCostume"],"picked":"SKIP","floor":54},{"not_picked":["HalloweenModGhostCostume+1","HalloweenModCandy+1","HalloweenModTrick","HalloweenModCandy+1","HalloweenModGhostCostume"],"picked":"SKIP","floor":54}],"player_experience":201866,"relics_obtained":[{"floor":1.0,"key":"Question Card"},{"floor":1.0,"key":"PrismaticShard"},{"floor":6.0,"key":"Pocketwatch"},{"floor":8,"key":"Centennial Puzzle"},{"floor":10,"key":"Question Card"},{"floor":11,"key":"White Beast Statue"},{"floor":14,"key":"Darkstone Periapt"},{"floor":16,"key":"ImportantClient"},{"floor":23,"key":"testmod-OneHitWonder"},{"floor":25,"key":"Bag of Marbles"},{"floor":26,"key":"Torii"},{"floor":29,"key":"Shuriken"},{"floor":41,"key":"Mummified Hand"},{"floor":43,"key":"Gremlin Horn"},{"floor":46,"key":"testmod-HeartOfStrike"},{"floor":54,"key":"testmod-ConstraintPeriapt"}],"event_choices":[{"damage_healed":0.0,"max_hp_gain":0.0,"max_hp_loss":0.0,"gold_gain":0.0,"event_name":"给自己的盒子","player_choice":"Ignored","floor":4.0,"gold_loss":0.0,"damage_taken":0.0},{"damage_healed":0.0,"max_hp_gain":0.0,"max_hp_loss":0.0,"gold_gain":0.0,"event_name":"FaceTrader","player_choice":"Trade","floor":5.0,"gold_loss":0.0,"damage_taken":0.0,"relics_obtained":["FaceOfCleric"]},{"damage_healed":0,"gold_gain":0,"player_choice":"Read","damage_taken":0,"max_hp_gain":0,"max_hp_loss":0,"event_name":"The Library","floor":20,"gold_loss":0,"cards_obtained":["Pommel Strike"]},{"damage_healed":0,"gold_gain":0,"player_choice":"Opened","damage_taken":0,"relics_obtained":["Vajra"],"max_hp_gain":0,"max_hp_loss":0,"event_name":"The Mausoleum","floor":22,"gold_loss":0},{"damage_healed":0,"gold_gain":0,"player_choice":"Shed Blood","damage_taken":78,"max_hp_gain":5,"max_hp_loss":0,"event_name":"Forgotten Altar","floor":28,"gold_loss":0},{"damage_healed":0,"gold_gain":0,"player_choice":"Rummage","damage_taken":0,"relics_obtained":["WarpedTongs"],"max_hp_gain":0,"max_hp_loss":0,"event_name":"Accursed Blacksmith","floor":31,"gold_loss":0,"cards_obtained":["Pain"]},{"damage_healed":0,"gold_gain":0,"player_choice":"Paid","damage_taken":0,"relics_obtained":["Red Mask"],"max_hp_gain":0,"max_hp_loss":0,"event_name":"Tomb of Lord Red Mask","floor":38,"gold_loss":47},{"damage_healed":0,"gold_gain":0,"player_choice":"Ignored","damage_taken":0,"max_hp_gain":0,"max_hp_loss":0,"event_name":"SecretPortal","floor":42,"gold_loss":0}],"is_beta":false,"boss_relics":[{"not_picked":["testmod-Nine","testmod-KeyOfTheVoid"],"picked":"testmod-Prudence"},{"not_picked":["SlaversCollar","HaiYi:Twilight"],"picked":"ExusiaiGun"}],"items_purged_floors":[19,30,37],"is_endless":false,"potions_floor_spawned":[1,2,12,14,16,18,21,23,25,33,35,36,39,41,44,46,47,48,54],"ascension_level":13}}