{"host":"6yklbc9za0aylqsj","time":1608462132,"event":{"mods":["AchievementEnabler","BaseMod","Bestiary","Colored Map","Colored Powertips","Minty Spire (QoL Compilation)","Rare Cards Sparkle","Relic Stats","Slay-I","StSLib"],"gold_per_floor":[119,139,139,152,166,166,195,195,195,223,223,270,270,286,286,362,362,381,393,54,69,69,69,80,80,105,105,2,2,15,29,29,29,29],"floor_reached":33,"playtime":1139,"items_purged":["Strike_G"],"score":514,"play_id":"a685e3d7-8e6e-4a4b-9f21-7ec92d852369","local_time":"20201220120212","is_ascension_mode":true,"campfire_choices":[{"floor":6.0,"key":"REST"},{"floor":8.0,"key":"REST"},{"data":"A Thousand Cuts","floor":11.0,"key":"SMITH"},{"floor":13.0,"key":"REST"},{"data":"Cloak And Dagger","floor":15.0,"key":"SMITH"},{"data":"Envenom","floor":23,"key":"SMITH"},{"data":"Cloak And Dagger","floor":25,"key":"SMITH"},{"data":"Neutralize","floor":27,"key":"SMITH"},{"data":"Apotheosis","floor":29,"key":"SMITH"},{"floor":32,"key":"REST"}],"circlet_count":0,"master_deck":["AscendersBane","Strike_G","Strike_G","Strike_G","Strike_G","Defend_G","Defend_G","Defend_G","Defend_G","Defend_G","Survivor","Neutralize+1","Cloak And Dagger+1","Riddle With Holes","Terror","Blade Dance","Cloak And Dagger+1","A Thousand Cuts+1","Envenom+1","Backstab","Deflect+1","Apotheosis+1","Blade Dance","Footwork+1"],"relics":["Ring of the Serpent","Omamori","Ninja Scroll","Pen Nib","Toy Ornithopter","PreservedInsect","Membership Card","Matryoshka","Kunai","Potion Belt"],"acts_visited":["Exordium","TheCity"],"potions_floor_usage":[21,21,24,33],"damage_taken":[{"damage":2.0,"enemies":"Small Slimes","floor":1.0,"turns":4.0},{"damage":3.0,"enemies":"Jaw Worm","floor":2.0,"turns":7.0},{"damage":2.0,"enemies":"Cultist","floor":4.0,"turns":4.0},{"damage":13.0,"enemies":"Exordium Wildlife","floor":5.0,"turns":7.0},{"damage":25.0,"enemies":"Lagavulin","floor":7.0,"turns":5.0},{"damage":24.0,"enemies":"3 Sentries","floor":10.0,"turns":9.0},{"damage":0.0,"enemies":"Large Slime","floor":14.0,"turns":3.0},{"damage":19.0,"enemies":"The Guardian","floor":16.0,"turns":8.0},{"damage":11.0,"enemies":"Spheric Guardian","floor":18.0,"turns":4.0},{"damage":2.0,"enemies":"Chosen","floor":19.0,"turns":4.0},{"damage":1,"enemies":"Centurion and Healer","floor":21,"turns":3},{"damage":0,"enemies":"Shelled Parasite and Fungi","floor":24,"turns":1},{"damage":24,"enemies":"Cultist and Chosen","floor":30,"turns":7},{"damage":7,"enemies":"Snecko","floor":31,"turns":4},{"damage":60,"enemies":"Automaton","floor":33,"turns":8}],"seed_played":"-6669111114898595653","potions_obtained":[{"floor":2.0,"key":"CultistPotion"},{"floor":4.0,"key":"Block Potion"},{"floor":10.0,"key":"Block Potion"},{"floor":16.0,"key":"BlessingOfTheForge"},{"floor":19.0,"key":"CunningPotion"},{"floor":21,"key":"SteroidPotion"},{"floor":24,"key":"Fire Potion"}],"is_trial":false,"path_per_floor":["M","M","?","M","M","R","E","R","T","E","R","T","R","M","R","B",null,"M","M","$","M","?","R","M","R","T","R","$","R","M","M","R","B"],"character_chosen":"THE_SILENT","items_purchased":["Membership Card","Matryoshka","Apotheosis"],"campfire_rested":4,"item_purchase_floors":[20,20,28],"current_hp_per_floor":[63,60,34,32,19,40,15,36,36,12,12,12,33,33,33,19,59,53,51,51,60,40,40,45,45,45,45,45,45,21,14,37,0,0],"gold":29,"neow_bonus":"TEN_PERCENT_HP_BONUS","is_daily":false,"chose_seed":false,"campfire_upgraded":6,"win_rate":0.0,"timestamp":1608462132,"path_taken":["M","M","?","M","M","R","E","R","T","E","R","?","R","M","R","BOSS","M","M","$","M","?","R","M","R","T","R","$","R","M","M","R","BOSS"],"items_purchased_type":["Relic","Relic","Card"],"build_version":"2020-12-13","purchased_purges":1,"victory":false,"max_hp_per_floor":[72,72,72,72,72,72,72,72,72,72,72,72,72,72,72,72,72,72,72,72,72,77,77,77,77,77,77,77,77,77,77,77,77,77],"relic_stats":{"counters":[15,78],"Pen Nib":[16],"PreservedInsect":0,"Kunai":[16],"obtain_stats":[{"Potion Belt":26,"Matryoshka":20,"Ninja Scroll":7,"Pen Nib":9,"PreservedInsect":12,"Omamori":3,"Membership Card":20,"Kunai":26,"Toy Ornithopter":10,"Ring of the Serpent":17,"Ring of the Snake":0},{"Potion Belt":12,"Matryoshka":10,"Ninja Scroll":5,"Pen Nib":5,"PreservedInsect":6,"Omamori":2,"Membership Card":10,"Kunai":12,"Toy Ornithopter":6,"Ring of the Serpent":8,"Ring of the Snake":0},{"Potion Belt":59,"Matryoshka":55,"Ninja Scroll":27,"Pen Nib":27,"PreservedInsect":36,"Omamori":11,"Membership Card":55,"Kunai":59,"Toy Ornithopter":36,"Ring of the Serpent":47,"Ring of the Snake":0}],"Toy Ornithopter":30},"card_choices":[{"not_picked":["Prepared","Reflex"],"picked":"Cloak And Dagger","floor":1.0},{"not_picked":["Riddle With Holes","Outmaneuver","PiercingWail"],"picked":"SKIP","floor":2.0},{"not_picked":["Outmaneuver","PiercingWail"],"picked":"Riddle With Holes","floor":2.0},{"not_picked":["Tactician","Acrobatics"],"picked":"Terror","floor":4.0},{"not_picked":["Poisoned Stab","Acrobatics"],"picked":"Blade Dance","floor":5.0},{"not_picked":["Flechettes","Catalyst"],"picked":"Cloak And Dagger","floor":7.0},{"not_picked":["Prepared","Quick Slash"],"picked":"A Thousand Cuts","floor":10.0},{"not_picked":["Terror","Well Laid Plans","Reflex"],"picked":"SKIP","floor":14.0},{"not_picked":["A Thousand Cuts","Wraith Form v2"],"picked":"Envenom","floor":16.0},{"not_picked":["PiercingWail","Bouncing Flask","Slice"],"picked":"SKIP","floor":18.0},{"not_picked":["Backflip+1","Outmaneuver"],"picked":"Backstab","floor":19.0},{"not_picked":["Caltrops","Skewer"],"picked":"Deflect+1","floor":21},{"not_picked":["Underhanded Strike","Prepared","Well Laid Plans"],"picked":"SKIP","floor":24},{"not_picked":["Flying Knee","PiercingWail"],"picked":"Blade Dance","floor":30},{"not_picked":["Bane","Poisoned Stab+1"],"picked":"Footwork+1","floor":31}],"player_experience":673007,"relics_obtained":[{"floor":7.0,"key":"Ninja Scroll"},{"floor":9.0,"key":"Pen Nib"},{"floor":10.0,"key":"Toy Ornithopter"},{"floor":12.0,"key":"PreservedInsect"},{"floor":26,"key":"Kunai"},{"floor":26,"key":"Potion Belt"}],"event_choices":[{"damage_healed":0.0,"max_hp_gain":0.0,"max_hp_loss":0.0,"gold_gain":0.0,"event_name":"Scrap Ooze","player_choice":"Success","floor":3.0,"gold_loss":0.0,"damage_taken":26.0,"relics_obtained":["Omamori"]},{"damage_healed":0,"gold_gain":0,"player_choice":"Shed Blood","damage_taken":25,"max_hp_gain":5,"max_hp_loss":0,"event_name":"Forgotten Altar","floor":22,"gold_loss":0}],"is_beta":false,"boss_relics":[{"not_picked":["Black Star","Sozu"],"picked":"Ring of the Serpent"}],"items_purged_floors":[20],"is_endless":false,"potions_floor_spawned":[2,4,10,14,16,19,21,24],"killed_by":"Automaton","ascension_level":20}}