{"host":"htqwg582tjjtn9p7","time":1608459125,"event":{"mods":["2.2 Compatiblity","AchievementEnabler","Act Like it!","Aspiration","BaseMod","Better Third Choice","Colored Map","Conspire","Curses Come First","Displayed Cursed Tome","Energized Spire","Force Act Four","GifTheSpireLib","Hermit","Highlight Path","JesterMod","Mad Scientist","Minty Spire (QoL Compilation)","Pale of the Ancients","Permanent Neow","Random Character Button","Relic Stats","Replay The Spire","Robot Space Explorer","Somnambulant","Spicy Shops","Spikes Relics","StSLib","Stuff the Spire","The Blue Laboratory","The Disciple","The Dragon Tamer","The Forsaken","The Gatherer","The Judge","The Jungle","The Runesmith","The Servant 0.9.4"],"gold_per_floor":[113,133,144,158,175,175,63,88,140,140,140,154,188,188,188,260,260,279,279,80,96,116,144,144,144,169,169,207,229,251,270,270,352,424,443,461,461,461,158,199,199,199,224,250,275,322,333,342,378,398,398,398,415,442,480,56,65,88,88,88,88,88],"floor_reached":63,"playtime":2502,"items_purged":["Strike_G","Strike_G"],"score":2825,"play_id":"b7300f05-ccbb-41a7-affa-0f2185902879","local_time":"20201220111205","is_ascension_mode":true,"campfire_choices":[{"data":"Bullet Time","floor":6,"key":"SMITH"},{"floor":10,"key":"REST"},{"data":"A Thousand Cuts","floor":15,"key":"SMITH"},{"data":"ReplayTheSpireMod:Scrap Shanks","floor":24,"key":"SMITH"},{"data":"Prepared","floor":27,"key":"SMITH"},{"floor":32,"key":"REST"},{"floor":48,"key":"REST"},{"floor":51,"key":"DIG"},{"floor":57,"key":"REST"},{"data":"Tactician","floor":59,"key":"SMITH"}],"circlet_count":0,"master_deck":["AscendersBane","Survivor","Neutralize","Quick Slash","Quick Slash+1","Dagger Throw","Dagger Throw","Blade Dance+1","ReplayTheSpireMod:Scrap Shanks+1","Underhanded Strike","A Thousand Cuts+1","Glass Knife+1","Underhanded Strike+1","Hidden Blade","Prepared+1","Eviscerate+1","Underhanded Strike+1","Acrobatics","Acrobatics","Eviscerate+1","Slice+1","Adrenaline","Starlight+1","Finisher+1","Tactician","RealityMarble","Sabotage+1","Misdirection","StuffTheSpire:Incantation","Embodiment","Madness","Madness","Underhanded Strike+1","Infinite Blades+1","Tools of the Trade","StarChef","Tactician+1","TimeWarp+1","Eviscerate+1","Acrobatics+1","Rearm","ShatteredReality+1","TimeWarp+1"],"relics":["Ring of the Snake","ShockBauble","PreservedInsect","Molten Egg 2","Snecko Scales","Dream Catcher","CeramicFish","StuffTheSpire:WitherSkull","Replay:Grab Bag","Replay:Bronze Core","energizedSpire:PogoStick","aspiration:ServantSkillbook","Pandora\u0027s Box","Lee\u0027s Waffle","StuffTheSpire:OldFever","Replay:Ringing Soul","Gremlin Food","theForsaken:Lifeblossom","conspire:GiftBox","Quantum Egg","Replay:Ringing Soul","paleoftheancients:Timepiece","paleoftheancients:KeyRelic","Oddly Smooth Stone","Gremlin Horn","paleoftheancients:SoulOfTheWokeBloke","StuffTheSpire:EmeraldSignet","Membership Card","SnailShell","Toy Ornithopter","Divine Protection"],"acts_visited":["Exordium","TheCity","TheBeyond","TheBeyond"],"potions_floor_usage":[8,16,16,30,31,52,54],"damage_taken":[{"damage":2,"enemies":"Cultist","floor":1,"turns":5},{"damage":0,"enemies":"Jaw Worm","floor":2,"turns":4},{"damage":1,"enemies":"2 Louse","floor":3,"turns":3},{"damage":1,"enemies":"Looter","floor":4,"turns":3},{"damage":3,"enemies":"3 Louse","floor":5,"turns":3},{"damage":17,"enemies":"Gremlin Nob","floor":8,"turns":4},{"damage":0,"enemies":"Large Slime","floor":12,"turns":3},{"damage":17,"enemies":"3 Sentries","floor":13,"turns":4},{"damage":23,"enemies":"Fading Forest","floor":16,"turns":11},{"damage":0,"enemies":"Spheric Guardian","floor":18,"turns":2},{"damage":0,"enemies":"2 Thieves","floor":21,"turns":2},{"damage":0,"enemies":"Centurion and Healer","floor":22,"turns":3},{"damage":9,"enemies":"Slavers","floor":23,"turns":2},{"damage":18,"enemies":"Book of Stabbing","floor":28,"turns":2},{"damage":0,"enemies":"3 Cultists","floor":29,"turns":2},{"damage":2,"enemies":"Shelled Parasite and Fungi","floor":30,"turns":2},{"damage":5,"enemies":"Snake Plant","floor":31,"turns":3},{"damage":33,"enemies":"Pondfish","floor":33,"turns":6},{"damage":0,"enemies":"3 Darklings","floor":35,"turns":2},{"damage":10,"enemies":"Giant Head","floor":40,"turns":3},{"damage":15,"enemies":"3 Shapes","floor":43,"turns":3},{"damage":3,"enemies":"Nemesis","floor":46,"turns":3},{"damage":0,"enemies":"Transient","floor":47,"turns":5},{"damage":28,"enemies":"R_Hoarder","floor":49,"turns":6},{"damage":0,"enemies":"Spire Growth","floor":50,"turns":2},{"damage":46,"enemies":"Time Eater","floor":52,"turns":6},{"damage":1,"enemies":"Time Eater","floor":53,"turns":6},{"damage":96,"enemies":"Time Eater","floor":54,"turns":4},{"damage":0,"enemies":"conspire:MimicChest","floor":55,"turns":1},{"damage":0,"enemies":"conspire:MimicChest","floor":58,"turns":3},{"damage":220,"enemies":"paleoftheancients:N","floor":62,"turns":5}],"seed_played":"2236978146185557148","potions_obtained":[{"floor":2,"key":"blueLaboratory:ArtificerPotion"},{"floor":3,"key":"Fire Potion"},{"floor":12,"key":"SkillPotion"},{"floor":22,"key":"blueLaboratory:StoneskinPotion"},{"floor":28,"key":"blueLaboratory:NullPotion"},{"floor":29,"key":"blueLaboratory:FruitPunch"},{"floor":33,"key":"blueLaboratory:BottleOfVodka"},{"floor":35,"key":"FearPotion"},{"floor":40,"key":"blueLaboratory:ArtistsPotion"},{"floor":49,"key":"FairyPotion"},{"floor":53,"key":"blueLaboratory:FruitPunch"},{"floor":54,"key":"blueLaboratory:FruitPreserves"}],"is_trial":false,"path_per_floor":["M","M","M","M","M","R","$","E","T","R","?","M","E","?","R","B",null,"M","?","$","M","M","E","R","?","T","R","E","M","M","M","R","B",null,"M","?","?","?","$","E","PTL","PTL","M","T","T","E","M","R","E","M","R_BF","B","M","M","?","$","R","M","R","$","?","B",null],"character_chosen":"THE_SILENT","items_purchased":["ReplayTheSpireMod:Scrap Shanks","Hidden Blade","Lee\u0027s Waffle","StuffTheSpire:OldFever","Membership Card","SnailShell","Toy Ornithopter","Divine Protection"],"campfire_rested":4,"item_purchase_floors":[7,20,39,39,56,56,56,56],"current_hp_per_floor":[57,57,56,55,52,52,52,35,35,54,54,54,37,76,76,53,70,70,70,70,70,70,61,61,61,61,61,43,43,43,38,61,28,66,66,52,52,52,85,78,78,78,66,66,66,71,77,97,73,79,79,87,98,64,94,94,123,129,129,129,129,84],"gold":88,"neow_bonus":"ONE_RANDOM_RARE_CARD","is_daily":false,"chose_seed":false,"campfire_upgraded":5,"win_rate":0.0,"timestamp":1608459125,"path_taken":["M","M","M","M","M","R","$","E","T","R","?","M","E","?","R","BOSS","M","?","$","M","M","E","R","?","T","R","E","M","M","M","R","BOSS","M","?","?","?","$","E","PTL","PTL","M","?","T","E","M","R","E","M","R_BF","BOSS","M","M","?","$","R","M","R","$","?","BOSS"],"items_purchased_type":["Card","Card","Relic","Relic","Relic","Relic","Relic","Relic"],"build_version":"2020-12-13","purchased_purges":2,"victory":true,"max_hp_per_floor":[66,66,66,66,66,66,66,66,66,66,66,66,66,76,76,76,76,76,76,76,76,76,76,76,76,76,76,76,76,78,78,78,78,78,78,78,78,78,85,88,88,88,91,91,91,94,94,97,100,103,103,103,103,111,117,117,123,129,129,129,129,129],"relic_stats":{"Dream Catcher":3,"Lee\u0027s Waffle":33,"Gremlin Horn":[20,20],"counters":[31,113],"CeramicFish":234,"Pandora\u0027s Box":["Starlight","Finisher","Tactician","RealityMarble","Sabotage","Misdirection","StuffTheSpire:Incantation","Embodiment"],"PreservedInsect":425,"obtain_stats":[{"energizedSpire:PogoStick":34,"Divine Protection":56,"SnailShell":56,"ShockBauble":8,"StuffTheSpire:WitherSkull":28,"Gremlin Horn":52,"CeramicFish":26,"theForsaken:Lifeblossom":45,"StuffTheSpire:EmeraldSignet":55,"Replay:Ringing Soul":40,"Dream Catcher":23,"Replay:Bronze Core":34,"Ring of the Snake":0,"Gremlin Food":44,"Lee\u0027s Waffle":39,"paleoftheancients:KeyRelic":52,"Replay:Grab Bag":34,"Quantum Egg":49,"Oddly Smooth Stone":52,"PreservedInsect":9,"paleoftheancients:Timepiece":52,"conspire:GiftBox":46,"Snecko Scales":17,"paleoftheancients:SoulOfTheWokeBloke":54,"aspiration:ServantSkillbook":34,"Molten Egg 2":13,"Pandora\u0027s Box":34,"Membership Card":56,"StuffTheSpire:OldFever":39,"Toy Ornithopter":56},{"energizedSpire:PogoStick":18,"Divine Protection":29,"SnailShell":29,"ShockBauble":6,"StuffTheSpire:WitherSkull":14,"Gremlin Horn":26,"CeramicFish":13,"theForsaken:Lifeblossom":21,"StuffTheSpire:EmeraldSignet":29,"Replay:Ringing Soul":20,"Dream Catcher":13,"Replay:Bronze Core":18,"Ring of the Snake":0,"Gremlin Food":21,"Lee\u0027s Waffle":19,"paleoftheancients:KeyRelic":26,"Replay:Grab Bag":18,"Quantum Egg":24,"Oddly Smooth Stone":26,"PreservedInsect":6,"paleoftheancients:Timepiece":26,"conspire:GiftBox":22,"Snecko Scales":9,"paleoftheancients:SoulOfTheWokeBloke":28,"aspiration:ServantSkillbook":18,"Molten Egg 2":8,"Pandora\u0027s Box":18,"Membership Card":29,"StuffTheSpire:OldFever":19,"Toy Ornithopter":29},{"energizedSpire:PogoStick":64,"Divine Protection":105,"SnailShell":105,"ShockBauble":22,"StuffTheSpire:WitherSkull":51,"Gremlin Horn":94,"CeramicFish":49,"theForsaken:Lifeblossom":72,"StuffTheSpire:EmeraldSignet":105,"Replay:Ringing Soul":69,"Dream Catcher":49,"Replay:Bronze Core":64,"Ring of the Snake":0,"Gremlin Food":72,"Lee\u0027s Waffle":66,"paleoftheancients:KeyRelic":94,"Replay:Grab Bag":64,"Quantum Egg":86,"Oddly Smooth Stone":94,"PreservedInsect":22,"paleoftheancients:Timepiece":94,"conspire:GiftBox":75,"Snecko Scales":40,"paleoftheancients:SoulOfTheWokeBloke":104,"aspiration:ServantSkillbook":64,"Molten Egg 2":29,"Pandora\u0027s Box":64,"Membership Card":105,"StuffTheSpire:OldFever":66,"Toy Ornithopter":105}],"Toy Ornithopter":0,"Ring of the Snake":[62]},"card_choices":[{"not_picked":["Backflip","conspire:PoisonWeapons"],"picked":"Quick Slash","floor":1},{"not_picked":["Hidden Blade","StuffTheSpire:Python"],"picked":"Quick Slash","floor":2},{"not_picked":["StuffTheSpire:BumpUp","StuffTheSpire:Injection"],"picked":"Dagger Throw","floor":3},{"not_picked":["Flechettes","Deadly Poison"],"picked":"Dagger Throw","floor":4},{"not_picked":["StuffTheSpire:MirrorStance","Prepared"],"picked":"Blade Dance","floor":5},{"not_picked":["ShadowRift","Flying Knee"],"picked":"Underhanded Strike","floor":8},{"not_picked":["StuffTheSpire:Incursion","Flying Knee","Dodge and Roll"],"picked":"SKIP","floor":12},{"not_picked":["Expertise","Slice+1"],"picked":"A Thousand Cuts","floor":13},{"not_picked":["aspiration:Lunge+1","Malaise"],"picked":"Glass Knife+1","floor":16},{"not_picked":["Cloak And Dagger+1","PiercingWail"],"picked":"Underhanded Strike+1","floor":18},{"not_picked":["ReplayTheSpireMod:Necrosis","Flying Knee+1"],"picked":"Prepared","floor":21},{"not_picked":["Bane+1","conspire:PoisonWeapons"],"picked":"Eviscerate+1","floor":22},{"not_picked":["Deflect","Masterful Stab+1"],"picked":"Underhanded Strike+1","floor":23},{"not_picked":["Hidden Blade","StuffTheSpire:Injection+1"],"picked":"Acrobatics","floor":28},{"not_picked":["StuffTheSpire:Repulse","ShadowRift+1"],"picked":"Acrobatics","floor":29},{"not_picked":["Poisoned Stab+1","Quick Slash+1"],"picked":"Eviscerate+1","floor":30},{"not_picked":["Deadly Poison","Dodge and Roll"],"picked":"Slice+1","floor":31},{"not_picked":["Burst","Phantasmal Killer"],"picked":"Adrenaline","floor":33},{"not_picked":["Flying Knee+1","Crippling Poison","Masterful Stab+1","Spin+1"],"picked":"SKIP","floor":35},{"not_picked":["Dodge and Roll","Poison Darts","Potential+1"],"picked":"Underhanded Strike+1","floor":40},{"not_picked":["Revamp+1","Backflip","Skewer+1"],"picked":"Infinite Blades+1","floor":43},{"not_picked":["LightFlow+1","Embodiment"],"picked":"Tools of the Trade","floor":46},{"not_picked":["StuffTheSpire:Python","Bouncing Flask+1","Blade Dance"],"picked":"StarChef","floor":46},{"not_picked":["StuffTheSpire:Python","TimeWarp+1","SilverBlades","Quick Slash+1"],"picked":"SKIP","floor":47},{"not_picked":["StuffTheSpire:Python","Riddle With Holes+1","Replace"],"picked":"Tactician","floor":48},{"not_picked":["Glass Knife+1","Misdirection","StuffTheSpire:Incantation"],"picked":"TimeWarp+1","floor":49},{"not_picked":["Dodge and Roll","Expertise","DualDimension"],"picked":"Eviscerate+1","floor":50},{"not_picked":["Rewind","Dagger Spray+1","Slice+1","StuffTheSpire:Injection+1"],"picked":"SKIP","floor":53},{"not_picked":["Read+1","Choke+1","Underhanded Strike+1"],"picked":"Acrobatics+1","floor":54},{"not_picked":["Flying Knee+1","FastForward","Choke+1"],"picked":"Rearm","floor":55},{"not_picked":["Poisoned Stab+1","Sucker Punch+1","Underhanded Strike+1"],"picked":"ShatteredReality+1","floor":57},{"not_picked":["Flying Knee+1","Rearm","Poison Darts"],"picked":"TimeWarp+1","floor":58}],"player_experience":1718698,"relics_obtained":[{"floor":8,"key":"ShockBauble"},{"floor":9,"key":"PreservedInsect"},{"floor":13,"key":"Molten Egg 2"},{"floor":23,"key":"Dream Catcher"},{"floor":26,"key":"CeramicFish"},{"floor":28,"key":"StuffTheSpire:WitherSkull"},{"floor":40,"key":"Replay:Ringing Soul"},{"floor":44,"key":"Gremlin Food"},{"floor":45,"key":"theForsaken:Lifeblossom"},{"floor":46,"key":"conspire:GiftBox"},{"floor":49,"key":"Quantum Egg"},{"floor":51,"key":"Replay:Ringing Soul"},{"floor":54,"key":"paleoftheancients:SoulOfTheWokeBloke"},{"floor":55,"key":"StuffTheSpire:EmeraldSignet"}],"event_choices":[{"cards_removed":["Bullet Time"],"damage_healed":29,"gold_gain":0,"player_choice":"Offered Rare","damage_taken":0,"max_hp_gain":10,"max_hp_loss":0,"event_name":"Bonfire Elementals","floor":14,"gold_loss":0},{"damage_healed":0,"gold_gain":0,"player_choice":"Ignored","damage_taken":0,"max_hp_gain":0,"max_hp_loss":0,"event_name":"Vampires","floor":25,"gold_loss":0},{"damage_healed":0,"gold_gain":0,"player_choice":"Embrace Madness","damage_taken":14,"max_hp_gain":0,"max_hp_loss":0,"event_name":"Winding Halls","floor":36,"gold_loss":0,"cards_obtained":["Madness","Madness"]},{"damage_healed":0,"gold_gain":0,"player_choice":"Ignored","damage_taken":0,"max_hp_gain":0,"max_hp_loss":0,"event_name":"Tomb of Lord Red Mask","floor":38,"gold_loss":0}],"is_beta":false,"boss_relics":[{"not_picked":["StuffTheSpire:Kangaroo","aspiration:FutureDiary"],"picked":"Snecko Scales"},{"not_picked":["Replay:Drink Me","Painkiller Herb"],"picked":"Replay:Grab Bag"},{"not_picked":["energizedSpire:SpiderWeb","energizedSpire:NeverEndingSparkler"],"picked":"Replay:Bronze Core"},{"not_picked":["Runesmith:UraniumAnvil","Coffee Dripper"],"picked":"energizedSpire:PogoStick"},{"not_picked":["conspire:RunicOctahedron","Runic Pyramid"],"picked":"aspiration:ServantSkillbook"},{"not_picked":["SlaversCollar","Calling Bell"],"picked":"Pandora\u0027s Box"}],"items_purged_floors":[20,20],"is_endless":false,"potions_floor_spawned":[2,3,12,22,28,29,33,35,40,49,50,53,54],"ascension_level":15}}