{"host":"jzehok24c0182h89","time":1608487671,"event":{"mods":["Bard","BaseMod","Colored Map","Colored Powertips","Downfall","Hermit","Marisa????????","Minty Spire (QoL Compilation)","Random Character Button","Shade Mod","StSLib","The Alterego","The Blackbeard","The Bug Knight","The Construct","The Cursed","The Disciple","The Hierophant","The Necromancer","The Servant 0.9.4"],"gold_per_floor":[117,192,117,135,135,170,184,194,217,231,266,266,293,140,140,245,245,255,266,284,298,748,748,748],"floor_reached":23,"playtime":1327,"items_purged":["alterego_mod:Impale","alterego_mod:BigMeatyClaws"],"score":302,"play_id":"5f0583a1-8c93-4408-bf4e-fc7a0033a700","local_time":"20201220130751","is_ascension_mode":true,"campfire_choices":[{"data":"alterego_mod:BrynhildrsRune","floor":15,"key":"SMITH"}],"circlet_count":0,"master_deck":["alterego_mod:Strike","alterego_mod:Strike","alterego_mod:Strike","alterego_mod:Strike","alterego_mod:Defend","alterego_mod:Defend","alterego_mod:Defend","alterego_mod:Defend","alterego_mod:BrynhildrsRune+1","alterego_mod:SakuraFive","alterego_mod:GoddessCore","alterego_mod:TrashNCrash","alterego_mod:BiFurious","alterego_mod:TrashNCrash","alterego_mod:Mirror","alterego_mod:PainIsPleasure","alterego_mod:PerceptionDisorder","alterego_mod:Cushion"],"relics":["Velvet Choker","Regal Pillow","Omamori","Toy Ornithopter","Ancient Tea Set","Runic Pyramid"],"acts_visited":["Exordium","TheCity"],"potions_floor_usage":[8,23],"damage_taken":[{"damage":0,"enemies":"Small Slimes","floor":1,"turns":7},{"damage":0,"enemies":"Cultist","floor":4,"turns":4},{"damage":29,"enemies":"3 Sentries","floor":6,"turns":17},{"damage":1,"enemies":"Jaw Worm","floor":7,"turns":3},{"damage":1,"enemies":"Exordium Wildlife","floor":8,"turns":5},{"damage":44,"enemies":"Gremlin Gang","floor":10,"turns":5},{"damage":16,"enemies":"Gremlin Nob","floor":11,"turns":4},{"damage":14,"enemies":"3 Sentries","floor":13,"turns":8},{"damage":0,"enemies":"Slime Boss","floor":16,"turns":4},{"damage":23,"enemies":"Shell Parasite","floor":18,"turns":6},{"damage":10,"enemies":"3 Byrds","floor":19,"turns":6},{"damage":28,"enemies":"Snake Plant","floor":20,"turns":6},{"damage":25,"enemies":"Cultist and Chosen","floor":21,"turns":6},{"damage":27,"enemies":"HollowMod:Nosk","floor":23,"turns":3}],"seed_played":"1207198626877654982","potions_obtained":[{"floor":1,"key":"Block Potion"},{"floor":7,"key":"sneckomod:MuddlingPotion"},{"floor":8,"key":"PowerPotion"},{"floor":11,"key":"champ:CounterPotion"},{"floor":18,"key":"EssenceOfSteel"},{"floor":19,"key":"Energy Potion"}],"is_trial":false,"path_per_floor":["M","?","$","M","?","E","M","M","T","M","E","?","E","$","R","B",null,"M","M","M","M","?","E"],"character_chosen":"The_Alterego","items_purchased":["alterego_mod:Mirror"],"campfire_rested":0,"item_purchase_floors":[14],"current_hp_per_floor":[70,59,59,66,66,58,64,70,70,47,38,43,50,50,50,50,75,68,75,75,64,18,0,0],"gold":748,"neow_bonus":"BOSS_RELIC","is_daily":false,"chose_seed":false,"campfire_upgraded":1,"win_rate":0.0,"timestamp":1608487671,"path_taken":["M","?","$","M","?","E","?","M","T","M","E","?","E","?","R","BOSS","M","M","M","?","?","E"],"items_purchased_type":["Card"],"build_version":"2020-12-13","purchased_purges":2,"victory":false,"max_hp_per_floor":[70,70,70,70,70,70,70,70,70,70,70,75,75,75,75,75,75,75,75,75,75,75,75,75],"card_choices":[{"not_picked":["alterego_mod:Skirt","alterego_mod:BusterCard"],"picked":"alterego_mod:SakuraFive","floor":1},{"not_picked":["alterego_mod:Table","alterego_mod:Clap"],"picked":"alterego_mod:Bloomers","floor":4},{"not_picked":["alterego_mod:1TonWallop","alterego_mod:MaintainEyeContact"],"picked":"alterego_mod:GoddessCore","floor":6},{"not_picked":["alterego_mod:Punishment","alterego_mod:Lingerie"],"picked":"alterego_mod:TrashNCrash","floor":7},{"not_picked":["alterego_mod:Skirt","alterego_mod:Jiggle","alterego_mod:GachaTicket"],"picked":"SKIP","floor":8},{"not_picked":["alterego_mod:Cooking","alterego_mod:BustOut"],"picked":"alterego_mod:BiFurious","floor":10},{"not_picked":["alterego_mod:Vow","alterego_mod:Smother"],"picked":"alterego_mod:TrashNCrash","floor":11},{"not_picked":["alterego_mod:Punishment","alterego_mod:DeftHands","alterego_mod:Complex"],"picked":"SKIP","floor":13},{"not_picked":["alterego_mod:VirginLaserPalladion","alterego_mod:Weigh"],"picked":"alterego_mod:PainIsPleasure","floor":16},{"not_picked":["alterego_mod:Complex","alterego_mod:Maid"],"picked":"alterego_mod:PerceptionDisorder","floor":18},{"not_picked":["alterego_mod:BustOut+1","alterego_mod:Bounce"],"picked":"alterego_mod:Cushion","floor":19},{"not_picked":["alterego_mod:SuperDuperMasochism+1","alterego_mod:PurpleHair","alterego_mod:Swimsuit+1"],"picked":"SKIP","floor":20},{"not_picked":["alterego_mod:Cycle","alterego_mod:Punishment","alterego_mod:GoddessCore"],"picked":"SKIP","floor":21}],"player_experience":828931,"relics_obtained":[{"floor":6,"key":"Omamori"},{"floor":9,"key":"Toy Ornithopter"},{"floor":11,"key":"Ancient Tea Set"}],"event_choices":[{"damage_healed":0,"gold_gain":75,"player_choice":"Gather Gold","damage_taken":11,"max_hp_gain":0,"max_hp_loss":0,"event_name":"World of Goop","floor":2,"gold_loss":0},{"cards_removed":["alterego_mod:Bloomers"],"damage_healed":0,"gold_gain":0,"player_choice":"Gave Card","damage_taken":0,"relics_obtained":["Regal Pillow"],"max_hp_gain":0,"max_hp_loss":0,"event_name":"WeMeetAgain","floor":5,"gold_loss":0},{"damage_healed":0,"gold_gain":0,"player_choice":"Donut","damage_taken":0,"max_hp_gain":5,"max_hp_loss":0,"event_name":"Big Fish","floor":12,"gold_loss":0},{"damage_healed":0,"gold_gain":450,"player_choice":"GOLD GOLD GOLD GOLD GOLD ","damage_taken":46,"max_hp_gain":0,"max_hp_loss":0,"event_name":"Knowing Skull","floor":22,"potions_obtained":[],"gold_loss":0,"cards_obtained":[]}],"is_beta":false,"boss_relics":[{"not_picked":["SlaversCollar","Sozu"],"picked":"Runic Pyramid"}],"items_purged_floors":[3,14],"is_endless":false,"potions_floor_spawned":[1,7,8,11,18,19],"killed_by":"HollowMod:Nosk","ascension_level":3}}