{"host":"5t6h2siq57l98co3","time":1608488091,"event":{"mods":["AchievementEnabler","Act Like it!","Aspiration","BaseMod","Better Altar","Better Match","Better Note","Better Sensory Stone","Better Skull","Better Third Choice","BetterRewards","CCEM","CatGirl Mod","Colored Map","Colored Powertips","Conspire","Curses Come First","Displayed Cursed Tome","Downfall","Gold Saver","Googly Eyes","Hallownest","Highlight Path","Infinite Spire","Jedi Mod","Mimic Mod","Minty Spire (QoL Compilation)","Permanent Neow","Prisma Mod","RatMod","Replay The Spire","Spicy Shops","StSLib","The Alterego","The Jungle","Transform Curses","Virulent Crown","Yuri Mod","everything is the same but u backflip on backflip","vexMod"],"gold_per_floor":[1187,1187,1201,1218,282,312,326,326,360,360,386,386,413,423,423,519,519,534,129,129,129,146,158,158,158,184,184,184,259,278,298,298,313,313,416,416,428,455,468,10,25,25,43,72,72,72,72,34,54,64,64,169,169,184,194,194,194,203,203,203,214,267,276,287,287,287,85,85,175,175,182,182,182,173,176,176,176,183,195,195,206,70,77,98,98,176,176,186,186,198,198,176,176,181,205,205,209,209,21,21,29,103,181,181,192,203,216,236,236,254,254,268,281,281,293,293,142,151,151,254,254,259,259,268,268,277,307,326,331,331,352,357,357,411,411,411,501,510,512,519,519,516,519,519,544,582,594,594,632,632,632,632],"floor_reached":151,"playtime":13072,"items_purged":["Eruption","Strike_R","Strike_B","Defend_G","jedi:BattleThirst","Hallucinations"],"score":3379,"play_id":"076b566e-91cf-48d0-b0b2-35ae9ef3f34d","local_time":"20201220121451","daily_mods":["Chimera","Vintage"],"is_ascension_mode":false,"campfire_choices":[{"data":"conspire:Banana","floor":10.0,"key":"SMITH"},{"data":"Zap","floor":12.0,"key":"SMITH"},{"data":"theCatGirl:Howl","floor":25.0,"key":"SMITH"},{"data":"Panache","floor":32.0,"key":"SMITH"},{"data":"theCatGirl:PerfectBlock","floor":34.0,"key":"SMITH"},{"data":"theCatGirl:RageClaws","floor":42.0,"key":"SMITH"},{"data":"theCatGirl:Claws","floor":46.0,"key":"SMITH"},{"floor":51.0,"key":"DIG"},{"data":"Noxious Fumes","floor":59.0,"key":"SMITH"},{"data":"Panache","floor":66.0,"key":"SMITH"},{"data":"infinitespire:Neurotoxin","floor":93.0,"key":"SMITH"},{"data":"ReplayTheSpireMod:Black Plague","floor":98.0,"key":"SMITH"},{"data":"infinitespire:SevenWalls","floor":111.0,"key":"SMITH"},{"data":"theCatGirl:Growl","floor":116.0,"key":"SMITH"},{"data":"theCatGirl:FinishingMove","floor":119.0,"key":"SMITH"},{"data":"1","floor":133.0,"key":"LIFT"},{"data":"2","floor":136.0,"key":"LIFT"},{"data":"3","floor":144.0,"key":"LIFT"},{"data":"Defend_P","floor":150.0,"key":"SMITH"}],"circlet_count":0,"master_deck":["Bash+1","Survivor+1","Zap+1","Strike_G+1","Defend_R+4","Defend_P+2","Panache+1","conspire:Banana+1","theCatGirl:Growl+1","theCatGirl:Stalk+1","theCatGirl:PoisedStrike+1","theCatGirl:FinishingMove+1","theCatGirl:GoddessOfMisfortune+1","theCatGirl:Growl+1","theCatGirl:PerfectBlock+1","theCatGirl:Howl+1","theCatGirl:BloodScent+1","theCatGirl:Misfire+1","Dualcast+1","theCatGirl:RageClaws+1","theCatGirl:ClenchYourTeeth+1","theCatGirl:BloodBath+1","Dagger Throw","theCatGirl:Claws+1","Noxious Fumes+1","rat:FanOfKnives+1","After Image+1","Panache+1","infinitespire:Neurotoxin+1","ReplayTheSpireMod:Black Plague+1","infinitespire:SevenWalls+1","Mayhem+1","theCatGirl:ShockedWitness+1","Adrenaline+1","infinitespire:SevenWalls+1","conspire:Banana+1","theCatGirl:Claws+1","theCatGirl:BleedingWounds+1","Wild Strike+1","theCatGirl:ElegantStrike+1","vexMod:StairwayStrike+1","yuri:yuriQuickStrike+1","hexamod:ShadowStrike+1","Perfected Strike+1","rat:VenomousWounds+1","CurseOfTheBell"],"relics":["theCatGirl:TrainedRelic","theCatGirl:LostAndFound","Akabeko","aspiration:HatOfInfinitePower","hexamod:BolsterEngine","Membership Card","infinitespire:Broken Mirror","HandDrill","Pen Nib","Torii","jedi:HeartOfTheCards","jedi:bottledfury","Oddly Smooth Stone","Boot","CCEMRelics:DerglesHeadphones","Simple Rune","CCEMRelics:Francisca","vexMod:InvisibilityCloak","TungstenRod","ClockworkSouvenir","infinitespire:Lucky Rock","Tiny Chest","Juzu Bracelet","Pantograph","CCEMRelics:PorcelainBowl","Garlic","Replay:Baseball","aspiration:SilentSkillbook","infinitespire:Beetle Shell","Bag of Preparation","conspire:TopHat","Guardian:PocketSentry","ReplayTheSpireMod:Shallot","jedi:cryingmask","Replay:WaspNest","vexMod:ConsolationPrize","Blue Candle","Blue Doll","jedi:crownofsimplicity","Gambling Chip","Bag of Marbles","aspiration:FutureDiary","aspiration:FetidBarrel","Odd Mushroom","Mirror","Strawberry","vexMod:FocusSash","Nunchaku","conspire:Dentures","Singing Bowl","rat:BigChungusPlushie","CCEMRelics:WhiteRose","Black Star","jedi:archwizardhat","Question Card","CCEMRelics:Sandal","jedi:shrinkray","jedi:matchstick","vexMod:PlasmaPancake","Anchor","vexMod:BarristanHead","theJungle:BirthdayCakeSlice","infinitespire:Satchel","CCEMRelics:SpiritsEdge","Toy Ornithopter","ReplayFunnel","Ancient Tea Set","Philosopher\u0027s Stone","Replay:Mystery Machine","ReplayTheSpireMod:Ring of Sloth","HornCleat","Unceasing Top","Sundial","aspiration:VileToxins","rat:KircheisShard","Darkstone Periapt","Quantum Egg","Replay:Wax Seal","champ:Barbells","vexMod:PaidLearning","theCatGirl:DriedFish","Pocketwatch","ChewingGum","Bottled Flame","Replay:Multitool","MealTicket","Orichalcum","Bronze Scales","Molten Egg 2","Calipers","Frozen Egg 2","yuri:PortableGlitches","conspire:DeflatedDodgeball","Bottled Tornado","Potion Belt","CeramicFish","SacredBark","infinitespire:FocusingShard","Replay:Accelerometer","Pear","aspiration:RitualStick","sneckomod:BlankCard","Blood Vial","Pet Ghost","infinitespire:CheckeredPen","Golden Egg","Replay:Kaleidoscope","jedi:gremlinknob","Girya","aspiration:AnachronicSnailShell","Calling Bell","ReplayTheSpireMod:Lightbulb","infinitespire:ShieldingShard","aspiration:SneckoTail","theCatGirl:Ambush","Replay:Bottled Flurry","BargainBundle","Counterbalance","rat:PhantomDancer","infinitespire:PuzzleCube","jedi:heavyjacket","CCEMRelics:D6","Onion Ring","War Paint","Peace Pipe"],"acts_visited":["Exordium","TheCity","TheBeyond","Exordium","theJungle:Jungle","TheBeyond","Exordium","TheCity","TheBeyond"],"potions_floor_usage":[],"damage_taken":[{"damage":1.0,"enemies":"Cultist","floor":1.0,"turns":4.0},{"damage":0.0,"enemies":"conspire:RoseBush","floor":3.0,"turns":3.0},{"damage":0.0,"enemies":"Small Slimes","floor":4.0,"turns":4.0},{"damage":1.0,"enemies":"Replay:BlueRogue","floor":6.0,"turns":4.0},{"damage":1.0,"enemies":"Exordium Wildlife","floor":7.0,"turns":3.0},{"damage":3.0,"enemies":"Exordium Thugs","floor":9.0,"turns":5.0},{"damage":1.0,"enemies":"3 Sentries","floor":11.0,"turns":3.0},{"damage":9.0,"enemies":"Gremlin Nob","floor":13.0,"turns":4.0},{"damage":13.0,"enemies":"Exordium Thugs","floor":14.0,"turns":3.0},{"damage":37.0,"enemies":"Slime Boss","floor":16.0,"turns":8.0},{"damage":0.0,"enemies":"Spheric Guardian","floor":18.0,"turns":3.0},{"damage":0.0,"enemies":"3 Byrds","floor":22.0,"turns":3.0},{"damage":0.0,"enemies":"Snake Plant","floor":23.0,"turns":2.0},{"damage":7.0,"enemies":"Nightmare","floor":26.0,"turns":6.0},{"damage":13.0,"enemies":"Snecko","floor":30.0,"turns":4.0},{"damage":0.0,"enemies":"3 Cultists","floor":31.0,"turns":3.0},{"damage":0.0,"enemies":"Snake Plant","floor":33.0,"turns":2.0},{"damage":0.0,"enemies":"Automaton","floor":35.0,"turns":5.0},{"damage":0.0,"enemies":"3 Shapes","floor":37.0,"turns":5.0},{"damage":0.0,"enemies":"3 Darklings","floor":39.0,"turns":2.0},{"damage":0.0,"enemies":"Jaw Worm Horde","floor":41.0,"turns":4.0},{"damage":0.0,"enemies":"Transient","floor":43.0,"turns":5.0},{"damage":2.0,"enemies":"R_Hoarder","floor":44.0,"turns":5.0},{"damage":0.0,"enemies":"Sphere and 2 Shapes","floor":49.0,"turns":1.0},{"damage":0.0,"enemies":"Jaw Worm Horde","floor":50.0,"turns":1.0},{"damage":0.0,"enemies":"Donu and Deca","floor":52.0,"turns":4.0},{"damage":0.0,"enemies":"2 Louse","floor":54.0,"turns":1.0},{"damage":0.0,"enemies":"The Mushroom Lair","floor":55.0,"turns":2.0},{"damage":0.0,"enemies":"Cultist","floor":58.0,"turns":1.0},{"damage":0.0,"enemies":"Small Slimes","floor":61.0,"turns":1.0},{"damage":0.0,"enemies":"3 Louse","floor":63.0,"turns":2.0},{"damage":0.0,"enemies":"2 Fungi Beasts","floor":64.0,"turns":1.0},{"damage":0.0,"enemies":"Slime Boss","floor":69.0,"turns":1.0},{"damage":0.0,"enemies":"Shell Parasite","floor":71.0,"turns":1.0},{"damage":0.0,"enemies":"theJungle:5_Spyders","floor":74.0,"turns":5.0},{"damage":0.0,"enemies":"theJungle:2_Flameangoes","floor":75.0,"turns":3.0},{"damage":0.0,"enemies":"theJungle:JungleHuntersEncounter","floor":78.0,"turns":1.0},{"damage":0.0,"enemies":"theJungle:Snecko_Cultist_And_Trap","floor":79.0,"turns":4.0},{"damage":0.0,"enemies":"theJungle:Snecko_Cultist_And_Trap","floor":81.0,"turns":1.0},{"damage":0.0,"enemies":"theJungle:Lyon","floor":83.0,"turns":1.0},{"damage":0.0,"enemies":"theJungle:2_Phrogs","floor":84.0,"turns":2.0},{"damage":0.0,"enemies":"theJungle:FunGuy","floor":86.0,"turns":3.0},{"damage":0.0,"enemies":"Orb Walker","floor":88.0,"turns":1.0},{"damage":0.0,"enemies":"3 Darklings","floor":90.0,"turns":2.0},{"damage":0.0,"enemies":"Transient","floor":92.0,"turns":4.0},{"damage":0.0,"enemies":"4 Shapes","floor":94.0,"turns":1.0},{"damage":0.0,"enemies":"Spire Growth","floor":97.0,"turns":2.0},{"damage":0.0,"enemies":"Sphere and 2 Shapes","floor":101.0,"turns":1.0},{"damage":0.0,"enemies":"Time Eater","floor":103.0,"turns":4.0},{"damage":0.0,"enemies":"Jaw Worm","floor":105.0,"turns":1.0},{"damage":0.0,"enemies":"Small Slimes","floor":106.0,"turns":1.0},{"damage":0.0,"enemies":"Cultist","floor":107.0,"turns":1.0},{"damage":0.0,"enemies":"Blue Slaver","floor":108.0,"turns":3.0},{"damage":0.0,"enemies":"3 Sentries","floor":110.0,"turns":1.0},{"damage":0.0,"enemies":"Blue Slaver","floor":112.0,"turns":1.0},{"damage":0.0,"enemies":"2 Fungi Beasts","floor":113.0,"turns":3.0},{"damage":0.0,"enemies":"2 Fungi Beasts","floor":115.0,"turns":1.0},{"damage":0.0,"enemies":"Slime Boss","floor":120.0,"turns":1.0},{"damage":0.0,"enemies":"Shell Parasite","floor":122.0,"turns":1.0},{"damage":0.0,"enemies":"Book of Stabbing","floor":127.0,"turns":2.0},{"damage":0.0,"enemies":"Spheric Guardian","floor":128.0,"turns":1.0},{"damage":0.0,"enemies":"Centurion and Healer","floor":129.0,"turns":1.0},{"damage":0.0,"enemies":"Slavers","floor":131.0,"turns":1.0},{"damage":0.0,"enemies":"Cultist and Chosen","floor":132.0,"turns":1.0},{"damage":0.0,"enemies":"Automaton","floor":137.0,"turns":2.0},{"damage":0.0,"enemies":"Orb Walker","floor":139.0,"turns":1.0},{"damage":0.0,"enemies":"3 Shapes","floor":140.0,"turns":1.0},{"damage":0.0,"enemies":"Maw","floor":142.0,"turns":2.0},{"damage":0.0,"enemies":"Jaw Worm Horde","floor":143.0,"turns":1.0},{"damage":0.0,"enemies":"Giant Head","floor":145.0,"turns":1.0},{"damage":0.0,"enemies":"Mind Bloom Boss Battle","floor":146.0,"turns":1.0},{"damage":0.0,"enemies":"Transient","floor":147.0,"turns":3.0},{"damage":0.0,"enemies":"2 Orb Walkers","floor":149.0,"turns":1.0},{"damage":0,"enemies":"Transient","floor":151,"turns":1}],"seed_played":"1975857738474024296","potions_obtained":[{"floor":3.0,"key":"FearPotion"},{"floor":6.0,"key":"ColorlessPotion"},{"floor":16.0,"key":"ColorlessPotion"},{"floor":26.0,"key":"Energy Potion"},{"floor":31.0,"key":"FairyPotion"},{"floor":33.0,"key":"Strength Potion"},{"floor":39.0,"key":"AttackPotion"},{"floor":52.0,"key":"DuplicationPotion"},{"floor":58.0,"key":"Adrenaline Potion"},{"floor":74.0,"key":"Block Potion"},{"floor":105.0,"key":"FearPotion"},{"floor":115.0,"key":"jedi:mysterypotion"},{"floor":122.0,"key":"Reflective Coating"},{"floor":132.0,"key":"champ:CounterPotion"},{"floor":139.0,"key":"Energy Potion"},{"floor":143.0,"key":"Adrenaline Potion"},{"floor":146.0,"key":"Weak Potion"},{"floor":149.0,"key":"Regen Potion"}],"is_trial":true,"path_per_floor":["M","?","M","M","$","E","M","?","MIM","R","E","R","E","M","R_BF","B",null,"M","$","PTL","PTL","M","M","?","R","NM","?","T","?","M","M","R","M","R_BF","B",null,"M","T","M","$","M","R","M","E","T","R","?","$","M","M","R_BF","B",null,"M","?","T","AVR","M","R","?","M","T","M","M","?","R","$","R","B",null,"M","T","T","M","M","?","R","M","MIM","?","M","$","M","E","R","B",null,"M","?","M","AVR","M","R","M","T","T","M","R","$","?","M","R_BF","B",null,"M","M","M","MIM","T","E","R","M","MIM","?","M","R","$","?","R","B",null,"M","T","AVR","?","?","E","M","M","T","E","M","R","?","T","R","B",null,"M","M","AVR","M","M","R","E","?","MIM","?","?","R","M"],"character_chosen":"THE_CATGIRL","items_purchased":["Membership Card","Panache","infinitespire:Broken Mirror","conspire:Banana","HandDrill","Pen Nib","Torii","theCatGirl:Growl","vexMod:InvisibilityCloak","TungstenRod","ClockworkSouvenir","theCatGirl:BloodScent","theCatGirl:Misfire","Guardian:PocketSentry","ReplayTheSpireMod:Shallot","theCatGirl:ClenchYourTeeth","jedi:cryingmask","theCatGirl:BloodBath+1","Dagger Throw","Noxious Fumes","rat:FanOfKnives+1","rat:BigChungusPlushie","CCEMRelics:WhiteRose","CCEMRelics:SpiritsEdge","Replay:Wax Seal","champ:Barbells","vexMod:PaidLearning","theCatGirl:DriedFish","CeramicFish","Mayhem+1"],"campfire_rested":0,"item_purchase_floors":[5,5,5,5,5,5,5,5,19,19,19,19,19,40,40,40,40,40,40,48,48,67,67,82,99,99,99,99,117,117],"current_hp_per_floor":[69,54,54,54,54,54,54,54,52,52,53,53,46,35,58,23,81,83,83,83,83,83,83,83,83,78,78,78,71,58,58,70,72,84,89,89,91,91,93,93,95,95,97,97,97,99,99,99,99,99,99,101,101,101,101,101,108,110,110,110,110,110,112,112,112,112,112,112,112,112,112,112,112,114,114,120,120,122,126,131,131,131,131,135,135,139,139,139,139,139,139,141,141,141,141,141,141,141,147,157,157,157,161,161,163,163,163,167,167,169,169,169,173,173,173,173,173,173,173,173,173,173,173,183,147,147,147,149,153,153,160,162,167,167,167,167,185,191,191,191,191,191,191,191,193,197,203,203,205,205,205,205],"gold":632,"neow_bonus":"","is_daily":false,"chose_seed":false,"campfire_upgraded":15,"win_rate":0.0,"timestamp":1608488091,"path_taken":["M","?","?","M","$","E","?","?","MIM","R","E","R","E","M","R_BF","BOSS","M","$","PTL","PTL","M","M","?","R","NM","?","T","?","M","M","R","M","R_BF","BOSS","M","?","M","$","M","R","M","E","T","R","?","?","M","M","R_BF","BOSS","M","?","?","AVR","M","R","?","M","T","M","M","?","R","$","R","BOSS","M","?","?","M","M","?","R","M","MIM","?","M","$","M","E","R","BOSS","M","?","M","AVR","M","R","M","?","T","M","R","?","?","M","R_BF","BOSS","M","M","M","?","?","E","R","M","MIM","?","M","R","?","?","R","BOSS","M","?","AVR","?","?","E","M","M","T","E","M","R","?","?","R","BOSS","M","M","AVR","M","M","R","E","?","MIM","?","?","R","M"],"items_purchased_type":["Relic","Card","Relic","Card","Relic","Relic","Relic","Card","Relic","Relic","Relic","Card","Card","Relic","Relic","Card","Relic","Card","Card","Card","Card","Relic","Relic","Relic","Relic","Relic","Relic","Relic","Relic","Card"],"build_version":"2020-12-13","purchased_purges":6,"victory":false,"max_hp_per_floor":[70,70,70,70,70,71,72,72,73,73,75,75,77,79,79,81,81,83,83,83,83,83,83,83,83,85,85,85,85,85,85,85,87,87,89,89,91,91,93,93,95,95,97,99,99,99,99,99,99,99,99,101,101,101,101,101,108,110,110,110,110,110,112,112,112,112,112,112,112,112,112,112,112,114,114,120,120,122,126,131,131,131,131,135,135,139,139,139,139,139,139,141,141,141,141,141,141,141,147,157,157,157,161,161,163,163,163,167,167,169,169,169,173,173,173,173,173,173,173,173,173,173,173,183,183,183,183,183,183,183,183,183,183,183,183,183,185,191,191,191,191,191,191,191,193,197,203,203,205,205,205,205],"card_choices":[{"not_picked":["theCatGirl:Counterattack","theCatGirl:SearchBackpack"],"picked":"theCatGirl:Stalk","floor":6.0},{"not_picked":["theCatGirl:GoddessOfMisfortune","theCatGirl:AccidentalSlap","theCatGirl:Stalk"],"picked":"SKIP","floor":11.0},{"not_picked":["theCatGirl:Meow","theCatGirl:SmellFear"],"picked":"theCatGirl:PerfectBlock","floor":13.0},{"not_picked":["theCatGirl:Enrage","theCatGirl:PoiseStance"],"picked":"theCatGirl:Howl","floor":16.0},{"not_picked":["theCatGirl:FumblingBlow","theCatGirl:PilingErrors+1"],"picked":"theCatGirl:RageClaws","floor":26.0},{"not_picked":["theCatGirl:Insane","theCatGirl:SevenLives"],"picked":"theCatGirl:BloodyClaws","floor":35.0},{"not_picked":["Acrobatics","Corpse Explosion","Flying Knee"],"picked":"theCatGirl:Claws","floor":44.0},{"not_picked":["jedi:brewingpoison","Night Terror","theCatGirl:Enrage"],"picked":"After Image","floor":52.0},{"not_picked":["Grand Finale","theCatGirl:PerfectBlock","theCatGirl:LearnThePattern"],"picked":"infinitespire:Neurotoxin","floor":69.0},{"not_picked":["theCatGirl:TwoStep","theCatGirl:HungerClaw","theCatGirl:Slip","theCatGirl:Misfire","theCatGirl:KeepAlert"],"picked":"Singing Bowl","floor":79.0},{"not_picked":["theCatGirl:Slip","Dodge and Roll","Footwork","theCatGirl:TripLunge+1","ReplayTheSpireMod:Scrap Shanks"],"picked":"Singing Bowl","floor":84.0},{"not_picked":["jedi:brewingpoison","Poison Darts","Venomology","Wraith Form v2","Doppelganger"],"picked":"Singing Bowl","floor":86.0},{"not_picked":["Replay:Bag of Tricks","theCatGirl:LearnThePattern","theCatGirl:AdaptivePacing","Unload","Storm of Steel"],"picked":"Singing Bowl","floor":103.0},{"not_picked":["infinitespire:TheBestDefense","infinitespire:Oblivion"],"picked":"infinitespire:SevenWalls","floor":105.0},{"not_picked":["theCatGirl:SpinningStrike","Blade Dance","Backflip","theCatGirl:ClenchYourTeeth","rat:ArgentInfusion"],"picked":"Singing Bowl","floor":108.0},{"not_picked":["theCatGirl:PoisedStrike+1","theCatGirl:ScratchFlurry+1","theCatGirl:Parry+1","theCatGirl:ElegantStrike+1","Grand Finale+1"],"picked":"Singing Bowl","floor":110.0},{"not_picked":["theCatGirl:SmellFear","Dagger Throw+1","theCatGirl:EmergencyParry","Deflect","conspire:DoublingDagger"],"picked":"Singing Bowl","floor":113.0},{"not_picked":["theCatGirl:AngryForm+1","A Thousand Cuts+1","theCatGirl:Insane","Poison Darts"],"picked":"Adrenaline","floor":120.0},{"not_picked":["theCatGirl:ClawScratch+1","Riddle With Holes+1","Dagger Throw+1","Predator+1"],"picked":"theCatGirl:Claws+1","floor":127.0},{"not_picked":["ReplayTheSpireMod:The Works","theCatGirl:SmellFear","Poisoned Stab+1","Crippling Poison"],"picked":"theCatGirl:BleedingWounds+1","floor":131.0},{"not_picked":["Envenom+1","theCatGirl:AngryForm+1","theCatGirl:LearnThePattern","Night Terror"],"picked":"rat:VenomousWounds+1","floor":137.0},{"not_picked":["theCatGirl:ScratchFlurry+1","theCatGirl:BloodBath+1","theCatGirl:ClawScratch+1","rat:SilverCoating+1","Dagger Spray+1"],"picked":"Singing Bowl","floor":145.0},{"not_picked":["theCatGirl:ThatWasntIt","Dagger Throw+1","Toxin Wave+1","Blade Dance+1","jedi:pocketpoison"],"picked":"Singing Bowl","floor":146.0},{"not_picked":["theCatGirl:ElegantStrike+1","Underhanded Strike+1","Bane+1","theCatGirl:Stalk","theCatGirl:TryingMyBest+1"],"picked":"Singing Bowl","floor":147.0},{"not_picked":["Outmaneuver+1","theCatGirl:DecliningDefenses","theCatGirl:ClawScratch+1","Dagger Spray+1","Dodge and Roll"],"picked":"Singing Bowl","floor":149.0}],"player_experience":866672,"relics_obtained":[{"floor":1.0,"key":"theCatGirl:LostAndFound"},{"floor":3.0,"key":"aspiration:HatOfInfinitePower"},{"floor":4.0,"key":"hexamod:BolsterEngine"},{"floor":6.0,"key":"jedi:HeartOfTheCards"},{"floor":7.0,"key":"jedi:bottledfury"},{"floor":9.0,"key":"Oddly Smooth Stone"},{"floor":11.0,"key":"Boot"},{"floor":13.0,"key":"CCEMRelics:DerglesHeadphones"},{"floor":14.0,"key":"Simple Rune"},{"floor":18.0,"key":"CCEMRelics:Francisca"},{"floor":22.0,"key":"infinitespire:Lucky Rock"},{"floor":23.0,"key":"Tiny Chest"},{"floor":26.0,"key":"Juzu Bracelet"},{"floor":28.0,"key":"Pantograph"},{"floor":30.0,"key":"CCEMRelics:PorcelainBowl"},{"floor":31.0,"key":"Garlic"},{"floor":33.0,"key":"Replay:Baseball"},{"floor":37.0,"key":"infinitespire:Beetle Shell"},{"floor":38.0,"key":"Bag of Preparation"},{"floor":39.0,"key":"conspire:TopHat"},{"floor":41.0,"key":"Replay:WaspNest"},{"floor":43.0,"key":"vexMod:ConsolationPrize"},{"floor":44.0,"key":"Blue Candle"},{"floor":45.0,"key":"Blue Doll"},{"floor":49.0,"key":"jedi:crownofsimplicity"},{"floor":50.0,"key":"Gambling Chip"},{"floor":51.0,"key":"Bag of Marbles"},{"floor":54.0,"key":"aspiration:FetidBarrel"},{"floor":55.0,"key":"Odd Mushroom"},{"floor":56.0,"key":"Mirror"},{"floor":61.0,"key":"vexMod:FocusSash"},{"floor":62.0,"key":"Nunchaku"},{"floor":63.0,"key":"conspire:Dentures"},{"floor":64.0,"key":"Singing Bowl"},{"floor":71.0,"key":"jedi:archwizardhat"},{"floor":72.0,"key":"Question Card"},{"floor":73.0,"key":"CCEMRelics:Sandal"},{"floor":74.0,"key":"jedi:shrinkray"},{"floor":75.0,"key":"jedi:matchstick"},{"floor":78.0,"key":"Anchor"},{"floor":79.0,"key":"vexMod:BarristanHead"},{"floor":81.0,"key":"infinitespire:Satchel"},{"floor":83.0,"key":"Toy Ornithopter"},{"floor":84.0,"key":"ReplayFunnel"},{"floor":84.0,"key":"Ancient Tea Set"},{"floor":88.0,"key":"Replay:Mystery Machine"},{"floor":89.0,"key":"ReplayTheSpireMod:Ring of Sloth"},{"floor":90.0,"key":"HornCleat"},{"floor":92.0,"key":"Sundial"},{"floor":94.0,"key":"aspiration:VileToxins"},{"floor":95.0,"key":"rat:KircheisShard"},{"floor":96.0,"key":"Darkstone Periapt"},{"floor":97.0,"key":"Quantum Egg"},{"floor":101.0,"key":"Pocketwatch"},{"floor":105.0,"key":"Bottled Flame"},{"floor":106.0,"key":"Replay:Multitool"},{"floor":107.0,"key":"MealTicket"},{"floor":108.0,"key":"Orichalcum"},{"floor":108.0,"key":"Bronze Scales"},{"floor":109.0,"key":"Molten Egg 2"},{"floor":110.0,"key":"Calipers"},{"floor":110.0,"key":"Frozen Egg 2"},{"floor":112.0,"key":"yuri:PortableGlitches"},{"floor":113.0,"key":"conspire:DeflatedDodgeball"},{"floor":113.0,"key":"Bottled Tornado"},{"floor":115.0,"key":"Potion Belt"},{"floor":122.0,"key":"infinitespire:FocusingShard"},{"floor":123.0,"key":"Replay:Accelerometer"},{"floor":127.0,"key":"sneckomod:BlankCard"},{"floor":127.0,"key":"Blood Vial"},{"floor":128.0,"key":"Pet Ghost"},{"floor":129.0,"key":"infinitespire:CheckeredPen"},{"floor":130.0,"key":"Golden Egg"},{"floor":131.0,"key":"Replay:Kaleidoscope"},{"floor":131.0,"key":"jedi:gremlinknob"},{"floor":132.0,"key":"Girya"},{"floor":135.0,"key":"aspiration:AnachronicSnailShell"},{"floor":138.0,"key":"ReplayTheSpireMod:Lightbulb"},{"floor":138.0,"key":"infinitespire:ShieldingShard"},{"floor":138.0,"key":"aspiration:SneckoTail"},{"floor":139.0,"key":"theCatGirl:Ambush"},{"floor":140.0,"key":"Replay:Bottled Flurry"},{"floor":142.0,"key":"Counterbalance"},{"floor":143.0,"key":"rat:PhantomDancer"},{"floor":145.0,"key":"infinitespire:PuzzleCube"},{"floor":145.0,"key":"jedi:heavyjacket"},{"floor":146.0,"key":"CCEMRelics:D6"},{"floor":147.0,"key":"Onion Ring"},{"floor":147.0,"key":"War Paint"},{"floor":149.0,"key":"Peace Pipe"}],"event_choices":[{"damage_healed":0.0,"max_hp_gain":0.0,"max_hp_loss":0.0,"gold_gain":0.0,"event_name":"betterSkull:BetterSkull","player_choice":"RE ","floor":2.0,"gold_loss":0.0,"damage_taken":17.0,"cards_upgraded":[],"relics_obtained":["Akabeko"]},{"cards_removed":["Panache"],"damage_healed":0.0,"max_hp_gain":0.0,"max_hp_loss":0.0,"gold_gain":0.0,"event_name":"betterNote:BetterNote","player_choice":"Take \u0026 Give","floor":24.0,"gold_loss":0.0,"damage_taken":0.0,"cards_obtained":["Dualcast"]},{"damage_healed":0.0,"max_hp_gain":0.0,"max_hp_loss":0.0,"gold_gain":0.0,"event_name":"Upgrade Shrine","player_choice":"Upgraded","floor":27.0,"gold_loss":0.0,"damage_taken":0.0,"cards_upgraded":["theCatGirl:BloodScent"]},{"damage_healed":0.0,"max_hp_gain":0.0,"max_hp_loss":0.0,"gold_gain":75.0,"event_name":"FaceTrader","player_choice":"Touch","floor":29.0,"gold_loss":0.0,"damage_taken":8.0},{"cards_removed":["theCatGirl:ShockedWitness"],"damage_healed":0.0,"max_hp_gain":0.0,"max_hp_loss":0.0,"gold_gain":0.0,"event_name":"Falling","player_choice":"Removed Power","floor":47.0,"gold_loss":0.0,"damage_taken":0.0},{"damage_healed":0.0,"max_hp_gain":0.0,"max_hp_loss":0.0,"gold_gain":0.0,"event_name":"Mushrooms","player_choice":"Fought Mushrooms","floor":55.0,"gold_loss":0.0,"damage_taken":0.0},{"cards_removed":["conspire:Banana"],"damage_healed":0.0,"max_hp_gain":0.0,"max_hp_loss":0.0,"gold_gain":0.0,"event_name":"betterNote:BetterNote","player_choice":"Take \u0026 Give","floor":60.0,"gold_loss":0.0,"damage_taken":0.0,"cards_obtained":["Panache"]},{"damage_healed":0.0,"max_hp_gain":0.0,"max_hp_loss":0.0,"gold_gain":0.0,"event_name":"Lab","player_choice":"Got Potions","floor":65.0,"gold_loss":0.0,"damage_taken":0.0},{"cards_removed":["theCatGirl:BloodyClaws"],"damage_healed":0.0,"max_hp_gain":10.0,"max_hp_loss":0.0,"gold_gain":0.0,"event_name":"Bonfire Elementals","player_choice":"Offered Rare","floor":100.0,"gold_loss":0.0,"damage_taken":0.0},{"damage_healed":0.0,"max_hp_gain":0.0,"max_hp_loss":0.0,"gold_gain":0.0,"event_name":"The Woman in Blue","player_choice":"Bought 0 Potions","floor":114.0,"gold_loss":0.0,"damage_taken":0.0},{"damage_healed":0.0,"max_hp_gain":0.0,"max_hp_loss":0.0,"gold_gain":0.0,"cards_transformed":["Injury"],"event_name":"Transmorgrifier","player_choice":"Transformed","floor":118.0,"gold_loss":0.0,"damage_taken":0.0,"cards_obtained":["theCatGirl:ShockedWitness"]},{"damage_healed":0.0,"max_hp_gain":0.0,"max_hp_loss":0.0,"gold_gain":8.0,"event_name":"betterStone:BetterStone","player_choice":"4","floor":126.0,"gold_loss":0.0,"damage_taken":0.0,"cards_obtained":["conspire:Banana"]},{"damage_healed":0.0,"max_hp_gain":0.0,"max_hp_loss":0.0,"gold_gain":0.0,"event_name":"MindBloom","player_choice":"Fight","floor":146.0,"gold_loss":0.0,"damage_taken":0.0},{"damage_healed":0.0,"max_hp_gain":0.0,"max_hp_loss":0.0,"gold_gain":0.0,"event_name":"Accursed Blacksmith","player_choice":"Forge","floor":148.0,"gold_loss":0.0,"damage_taken":0.0,"cards_upgraded":["theCatGirl:Stalk"]},{"damage_healed":0.0,"max_hp_gain":0.0,"max_hp_loss":0.0,"gold_gain":0.0,"event_name":"Mysterious Sphere","player_choice":"Fight","floor":149.0,"gold_loss":0.0,"damage_taken":0.0}],"is_beta":false,"boss_relics":[{"not_picked":["vexMod:CursedCompass","Kintsugi","vexMod:NewClearReactor"]},{"not_picked":["Busted Crown","Replay:Fungal Core"],"picked":"aspiration:SilentSkillbook"},{"not_picked":["Honey Jar","Snecko Eye"],"picked":"aspiration:FutureDiary"},{"not_picked":["aspiration:RunicSpoon","conspire:SpecialSausage"],"picked":"Black Star"},{"not_picked":["ReplayTheSpireMod:SealedPack","CCEMRelics:GreenEgg"],"picked":"Philosopher\u0027s Stone"},{"not_picked":["Ring of Chaos","vexMod:RockOfEvil"],"picked":"ChewingGum"},{"not_picked":["infinitespire:Cupcake","Fusion Hammer"],"picked":"SacredBark"},{"not_picked":["Kintsugi","Replay:Fungal Core"],"picked":"Calling Bell"}],"items_purged_floors":[5,40,40,57,82,91],"is_endless":true,"potions_floor_spawned":[3,6,14,16,26,31,33,39,52,55,58,64,74,83,86,88,92,101,105,107,110,115,122,129,132,139,143,146,149],"killed_by":"Transient","ascension_level":0}}