{"host":"m3herrhkesxm9ooc","time":1608452566,"event":{"mods":["BaseMod","Hermit","Minty Spire (QoL Compilation)","StSLib","The Hierophant"],"gold_per_floor":[113,123,88,88,107,137,137,162,162,162,162,312,312,341,341,415,415,426,445,445,458,458,458,471,471,471,484,484,484,484,513,513,584,584,602,33,51,63,22,22,52,52,52,65,65,3,3,3,3,3,3],"floor_reached":50,"playtime":2413,"items_purged":[],"score":985,"play_id":"810ad102-8324-42c2-a010-98a4e070cb59","local_time":"20201220172246","is_ascension_mode":true,"campfire_choices":[{"floor":7.0,"key":"REST"},{"data":"hermit:TakeCover","floor":11.0,"key":"SMITH"},{"floor":13.0,"key":"REST"},{"data":"hermit:HighCaliber","floor":15.0,"key":"SMITH"},{"floor":23.0,"key":"REST"},{"floor":25.0,"key":"REST"},{"data":"hermit:Adapt","floor":32.0,"key":"SMITH"},{"floor":40.0,"key":"REST"},{"floor":42.0,"key":"REST"},{"data":"hermit:Determination","floor":49,"key":"SMITH"}],"circlet_count":0,"master_deck":["AscendersBane","hermit:Strike_Hermit+1","hermit:Strike_Hermit+1","hermit:Strike_Hermit+1","hermit:Strike_Hermit+1","hermit:Defend_Hermit+1","hermit:Defend_Hermit+1","hermit:Defend_Hermit+1","hermit:Defend_Hermit+1","hermit:Snapshot","hermit:Covet","hermit:TakeCover+1","hermit:HighCaliber","Regret","hermit:Maintenance+1","hermit:Feint","hermit:HighCaliber+1","Doubt","hermit:Headshot+1","hermit:Adapt+1","hermit:BodyArmor+1","hermit:Quickdraw","hermit:Glare","hermit:ShadowCloak","hermit:Gestalt","Decay","hermit:Brawl","hermit:FlashPowder","hermit:CalledShot+1","hermit:ItchyTrigger+1","hermit:Deadeye","hermit:FromBeyond","hermit:Vantage","hermit:Gestalt","hermit:Coalescence+1","hermit:Deadeye","hermit:Maintenance+1","hermit:Combo","hermit:BigShot","hermit:Determination+1"],"relics":["hermit:Momento","Potion Belt","Dead Branch","Unceasing Top","Gremlin Horn","Prayer Wheel","Orichalcum","Philosopher\u0027s Stone","MutagenicStrength","The Courier","hermit:Spyglass","hermit:Horseshoe","hermit:DentedPlate","ClockworkSouvenir","Whetstone","Regal Pillow","Ancient Tea Set","Toy Ornithopter","Pantograph"],"acts_visited":["Exordium","TheCity","TheBeyond"],"potions_floor_usage":[47,50],"damage_taken":[{"damage":2.0,"enemies":"Jaw Worm","floor":1.0,"turns":4.0},{"damage":7.0,"enemies":"2 Louse","floor":2.0,"turns":3.0},{"damage":9.0,"enemies":"Small Slimes","floor":5.0,"turns":4.0},{"damage":37.0,"enemies":"Gremlin Nob","floor":6.0,"turns":6.0},{"damage":2.0,"enemies":"Lagavulin","floor":8.0,"turns":9.0},{"damage":2.0,"enemies":"3 Sentries","floor":14.0,"turns":9.0},{"damage":19.0,"enemies":"The Guardian","floor":16.0,"turns":12.0},{"damage":21.0,"enemies":"3 Byrds","floor":18.0,"turns":5.0},{"damage":9.0,"enemies":"2 Thieves","floor":19.0,"turns":2.0},{"damage":5.0,"enemies":"Snake Plant","floor":21.0,"turns":5.0},{"damage":2.0,"enemies":"Centurion and Healer","floor":24.0,"turns":8.0},{"damage":5.0,"enemies":"Cultist and Chosen","floor":27.0,"turns":7.0},{"damage":3.0,"enemies":"Gremlin Leader","floor":31.0,"turns":7.0},{"damage":21.0,"enemies":"Collector","floor":33.0,"turns":12.0},{"damage":24.0,"enemies":"3 Shapes","floor":35.0,"turns":3.0},{"damage":0.0,"enemies":"Orb Walker","floor":37.0,"turns":2.0},{"damage":10.0,"enemies":"Spire Growth","floor":38.0,"turns":6.0},{"damage":47.0,"enemies":"Nemesis","floor":41.0,"turns":7.0},{"damage":2.0,"enemies":"Sphere and 2 Shapes","floor":44.0,"turns":5.0},{"damage":0,"enemies":"Reptomancer","floor":47,"turns":1},{"damage":106,"enemies":"Donu and Deca","floor":50,"turns":9}],"seed_played":"9060360410714730298","potions_obtained":[{"floor":2.0,"key":"PowerPotion"},{"floor":14.0,"key":"DistilledChaos"},{"floor":16.0,"key":"Fire Potion"},{"floor":18.0,"key":"Energy Potion"},{"floor":31.0,"key":"FearPotion"},{"floor":33.0,"key":"SkillPotion"},{"floor":38.0,"key":"Weak Potion"},{"floor":44.0,"key":"SmokeBomb"}],"is_trial":false,"path_per_floor":["M","M","?","?","M","E","R","E","T","?","R","?","R","E","R","B",null,"M","M","?","M","?","R","M","R","T","M","?","T","?","E","R","B",null,"M","$","M","M","$","R","E","R","T","M","?","$","E","$","R","B"],"character_chosen":"HERMIT","items_purchased":["ClockworkSouvenir","Whetstone","Regal Pillow","Ancient Tea Set","Energy Potion","Block Potion","Energy Potion","hermit:Determination"],"campfire_rested":6,"item_purchase_floors":[36,36,36,36,36,36,39,46],"current_hp_per_floor":[62,55,71,71,62,25,46,44,44,44,44,44,65,63,63,44,64,43,34,34,29,29,50,48,69,69,64,64,64,64,61,61,40,72,48,48,48,38,38,83,36,81,81,79,79,79,84,84,84,0,0],"gold":3,"neow_bonus":"RANDOM_COMMON_RELIC","is_daily":false,"chose_seed":false,"campfire_upgraded":4,"win_rate":0.0,"timestamp":1608452566,"path_taken":["M","M","?","?","M","E","R","E","T","?","R","?","R","E","R","BOSS","M","M","?","M","?","R","M","R","T","M","?","?","?","E","R","BOSS","M","$","M","M","$","R","E","R","T","M","?","$","E","?","R","BOSS"],"items_purchased_type":["Relic","Relic","Relic","Relic","Potion","Potion","Potion","Card"],"build_version":"2020-12-13","purchased_purges":0,"victory":false,"max_hp_per_floor":[71,71,71,71,71,71,71,71,71,71,71,71,71,71,71,71,71,71,71,71,71,71,71,71,71,71,71,71,71,71,71,71,71,103,103,103,103,103,103,103,103,103,103,103,103,103,103,103,103,103,103],"card_choices":[{"not_picked":["hermit:Manifest","hermit:SprayPray"],"picked":"hermit:TakeCover","floor":1.0},{"not_picked":["hermit:Coalescence","hermit:Headshot"],"picked":"hermit:HighCaliber","floor":2.0},{"not_picked":["hermit:Shortfuse","hermit:LowProfile"],"picked":"hermit:Maintenance","floor":5.0},{"not_picked":["hermit:EyeOfTheStorm","hermit:DeadMansHand"],"picked":"hermit:Feint","floor":6.0},{"not_picked":["hermit:Roulette","hermit:Vantage"],"picked":"hermit:HighCaliber","floor":8.0},{"not_picked":["hermit:OverwhelmingPower","hermit:Grudge"],"picked":"hermit:Headshot","floor":14.0},{"not_picked":["hermit:Magnum","hermit:HeroicBravado"],"picked":"hermit:Adapt","floor":16.0},{"not_picked":["hermit:Coalescence","hermit:Vantage"],"picked":"hermit:BodyArmor+1","floor":18.0},{"not_picked":["hermit:Roulette","hermit:WideOpen+1"],"picked":"hermit:Quickdraw","floor":18.0},{"not_picked":["hermit:TakeCover","hermit:Brawl"],"picked":"hermit:Glare","floor":19.0},{"not_picked":["hermit:Spite","hermit:Headshot"],"picked":"hermit:ShadowCloak","floor":19.0},{"not_picked":["hermit:Misfire","hermit:RoundhouseKick"],"picked":"hermit:Gestalt","floor":21.0},{"not_picked":["hermit:Showdown","hermit:Midnight","hermit:ItchyTrigger"],"picked":"SKIP","floor":21.0},{"not_picked":["hermit:TrackingShot","hermit:WideOpen"],"picked":"hermit:GoldenBullet","floor":24.0},{"not_picked":["hermit:WideOpen","hermit:LowProfile"],"picked":"hermit:Brawl","floor":24.0},{"not_picked":["hermit:BigShot","hermit:Snipe+1"],"picked":"hermit:FlashPowder","floor":27.0},{"not_picked":["hermit:Coalescence","hermit:WideOpen"],"picked":"hermit:CalledShot+1","floor":27.0},{"not_picked":["hermit:Coalescence","hermit:Glare"],"picked":"hermit:Deadeye","floor":31.0},{"not_picked":["hermit:Gambit","hermit:HighNoon"],"picked":"hermit:FromBeyond","floor":33.0},{"not_picked":["hermit:BodyArmor","hermit:Grudge"],"picked":"hermit:Vantage","floor":35.0},{"not_picked":["hermit:LowProfile","hermit:Showdown","hermit:Vantage"],"picked":"SKIP","floor":35.0},{"not_picked":["hermit:Shortfuse+1","hermit:Manifest"],"picked":"hermit:Gestalt","floor":37.0},{"not_picked":["hermit:Headshot","hermit:Malice"],"picked":"hermit:Coalescence+1","floor":37.0},{"not_picked":["hermit:LowProfile","hermit:Grudge+1"],"picked":"hermit:Deadeye","floor":38.0},{"not_picked":["hermit:CalledShot","hermit:Misfire","hermit:CursedWeapon+1"],"picked":"SKIP","floor":38.0},{"not_picked":["hermit:LoneWolf","hermit:FromBeyond"],"picked":"hermit:Maintenance","floor":41.0},{"not_picked":["hermit:Snipe","hermit:ItchyTrigger"],"picked":"hermit:Combo","floor":44.0},{"not_picked":["hermit:Midnight","hermit:Horror"],"picked":"hermit:BigShot","floor":44.0}],"player_experience":642498,"relics_obtained":[{"floor":6.0,"key":"Unceasing Top"},{"floor":8.0,"key":"Gremlin Horn"},{"floor":9.0,"key":"Prayer Wheel"},{"floor":14.0,"key":"Orichalcum"},{"floor":26.0,"key":"The Courier"},{"floor":29.0,"key":"hermit:Spyglass"},{"floor":31.0,"key":"hermit:Horseshoe"},{"floor":41.0,"key":"Toy Ornithopter"},{"floor":43.0,"key":"Pantograph"}],"event_choices":[{"damage_healed":17.0,"max_hp_gain":0.0,"max_hp_loss":0.0,"gold_gain":0.0,"event_name":"The Cleric","player_choice":"Healed","floor":3.0,"gold_loss":35.0,"damage_taken":0.0},{"damage_healed":0.0,"max_hp_gain":0.0,"max_hp_loss":0.0,"gold_gain":0.0,"event_name":"Big Fish","player_choice":"Box","floor":4.0,"gold_loss":0.0,"damage_taken":0.0,"relics_obtained":["Dead Branch"],"cards_obtained":["Regret"]},{"damage_healed":0.0,"max_hp_gain":0.0,"max_hp_loss":0.0,"gold_gain":0.0,"event_name":"Living Wall","player_choice":"Grow","floor":10.0,"gold_loss":0.0,"damage_taken":0.0,"cards_upgraded":["hermit:Maintenance"]},{"damage_healed":0.0,"max_hp_gain":0.0,"max_hp_loss":0.0,"gold_gain":150.0,"event_name":"Liars Game","player_choice":"AGREE","floor":12.0,"gold_loss":0.0,"damage_taken":0.0,"cards_obtained":["Doubt"]},{"damage_healed":0.0,"max_hp_gain":0.0,"max_hp_loss":0.0,"gold_gain":0.0,"event_name":"Drug Dealer","player_choice":"Inject Mutagens","floor":20.0,"gold_loss":0.0,"damage_taken":0.0,"relics_obtained":["MutagenicStrength"]},{"damage_healed":0.0,"max_hp_gain":0.0,"max_hp_loss":0.0,"gold_gain":0.0,"event_name":"Forgotten Altar","player_choice":"Smashed Altar","floor":22.0,"gold_loss":0.0,"damage_taken":0.0,"cards_obtained":["Decay"]},{"damage_healed":0.0,"max_hp_gain":0.0,"max_hp_loss":0.0,"gold_gain":0.0,"event_name":"Back to Basics","player_choice":"Simplicity","floor":28.0,"gold_loss":0.0,"damage_taken":0.0,"cards_upgraded":["hermit:Strike_Hermit","hermit:Strike_Hermit","hermit:Strike_Hermit","hermit:Strike_Hermit","hermit:Defend_Hermit","hermit:Defend_Hermit","hermit:Defend_Hermit","hermit:Defend_Hermit"]},{"damage_healed":0.0,"max_hp_gain":0.0,"max_hp_loss":0.0,"gold_gain":0.0,"cards_transformed":["hermit:GoldenBullet"],"event_name":"Transmorgrifier","player_choice":"Transformed","floor":30.0,"gold_loss":0.0,"damage_taken":0.0,"cards_obtained":["hermit:ItchyTrigger"]},{"damage_healed":0.0,"max_hp_gain":0.0,"max_hp_loss":0.0,"gold_gain":0.0,"event_name":"Upgrade Shrine","player_choice":"Upgraded","floor":45.0,"gold_loss":0.0,"damage_taken":0.0,"cards_upgraded":["hermit:Maintenance"]}],"is_beta":false,"boss_relics":[{"not_picked":["Sozu","Black Star"],"picked":"Philosopher\u0027s Stone"},{"not_picked":["hermit:ClaspedLocket","Coffee Dripper"],"picked":"hermit:DentedPlate"}],"items_purged_floors":[],"is_endless":false,"potions_floor_spawned":[2,14,16,18,31,33,38,44],"killed_by":"Donu and Deca","ascension_level":15}}