{"host":"h5golg54dem4i27y","time":1608499909,"event":{"mods":["BaseMod","Colored Map","Colored Powertips","Minty Spire (QoL Compilation)","Replay The Spire","StSLib","SuperFastMode"],"gold_per_floor":[118,118,118,134,59,59,97,111,111,111,130,170,170,240,240,240,240],"floor_reached":16,"playtime":359,"items_purged":["Strike_G"],"score":200,"play_id":"8eabb8ee-025b-4bcf-8305-6f074ae1f0da","local_time":"20201221063149","is_ascension_mode":true,"campfire_choices":[{"data":"Neutralize","floor":6.0,"key":"SMITH"},{"floor":10,"key":"REST"},{"data":"Cloak And Dagger","floor":13,"key":"SMITH"},{"floor":15,"key":"REST"}],"circlet_count":0,"master_deck":["AscendersBane","Strike_G","Strike_G","Strike_G","Strike_G","Defend_G","Defend_G","Defend_G","Defend_G","Defend_G","Survivor","Neutralize+1","Cloak And Dagger+1","Quick Slash","Crippling Poison","Cloak And Dagger+1","Backflip"],"relics":["Ring of the Snake","NeowsBlessing","Golden Idol","Counterbalance","CaptainsWheel","Bird Faced Urn","Orichalcum"],"acts_visited":["Exordium"],"potions_floor_usage":[12,12],"damage_taken":[{"damage":0.0,"enemies":"Small Slimes","floor":1.0,"turns":1.0},{"damage":0.0,"enemies":"Jaw Worm","floor":4.0,"turns":1.0},{"damage":0.0,"enemies":"Lagavulin","floor":7.0,"turns":1.0},{"damage":0,"enemies":"2 Louse","floor":8,"turns":3},{"damage":1,"enemies":"Blue Slaver","floor":11,"turns":4},{"damage":7,"enemies":"Gremlin Nob","floor":12,"turns":4},{"damage":18,"enemies":"3 Sentries","floor":14,"turns":11},{"damage":63,"enemies":"Slime Boss","floor":16,"turns":11}],"seed_played":"-7691618258172382642","potions_obtained":[{"floor":1.0,"key":"FearPotion"},{"floor":11,"key":"SkillPotion"},{"floor":12,"key":"Energy Potion"}],"is_trial":false,"path_per_floor":["M","?","?","M","$","R","E","M","T","R","M","E","R","?","R","B"],"character_chosen":"THE_SILENT","items_purchased":[],"campfire_rested":2,"item_purchase_floors":[],"current_hp_per_floor":[63,63,46,46,46,46,46,46,46,67,66,59,59,41,62,0,0],"gold":240,"neow_bonus":"THREE_ENEMY_KILL","is_daily":false,"chose_seed":false,"campfire_upgraded":2,"win_rate":0.0,"timestamp":1608499909,"path_taken":["M","?","?","?","$","R","E","M","T","R","M","E","R","?","R","BOSS"],"items_purchased_type":[],"build_version":"2020-12-13","purchased_purges":1,"victory":false,"max_hp_per_floor":[70,70,70,70,70,70,70,70,70,70,70,70,70,70,70,70,70],"card_choices":[{"not_picked":["Blur","PiercingWail"],"picked":"Cloak And Dagger","floor":1.0},{"not_picked":["Eviscerate","Outmaneuver"],"picked":"Quick Slash","floor":4.0},{"not_picked":["Sucker Punch","Poisoned Stab","Flying Knee"],"picked":"SKIP","floor":7.0},{"not_picked":["Blade Dance","Dodge and Roll"],"picked":"Crippling Poison","floor":8},{"not_picked":["ReplayTheSpireMod:The Works","Dash"],"picked":"Cloak And Dagger","floor":11},{"not_picked":["Wraith Form v2","Deflect"],"picked":"Backflip","floor":12}],"player_experience":614954,"relics_obtained":[{"floor":7.0,"key":"Counterbalance"},{"floor":9,"key":"CaptainsWheel"},{"floor":12,"key":"Bird Faced Urn"}],"event_choices":[{"damage_healed":0.0,"max_hp_gain":0.0,"max_hp_loss":0.0,"gold_gain":0.0,"event_name":"Golden Idol","player_choice":"Take Damage","floor":3.0,"gold_loss":0.0,"damage_taken":17.0,"relics_obtained":["Golden Idol"]},{"damage_healed":0,"gold_gain":30,"player_choice":"Searched \u00273\u0027 times","damage_taken":0,"relics_obtained":["Orichalcum"],"max_hp_gain":0,"max_hp_loss":0,"event_name":"Dead Adventurer","floor":14,"gold_loss":0}],"is_beta":false,"boss_relics":[],"items_purged_floors":[5],"is_endless":false,"potions_floor_spawned":[1,11,12],"killed_by":"Slime Boss","ascension_level":10}}