{"host":"ci7ivtocgfxh0ueo","time":1608445826,"event":{"mods":["BaseMod","GifTheSpireLib","Minty Spire (QoL Compilation)","StSLib"],"gold_per_floor":[114,124,124,193,205,205,219,219,288,27,62,62,74,54,54,128,128,146,146,146,146,7,7,7,7],"floor_reached":24,"playtime":650,"items_purged":["Normality"],"score":405,"play_id":"66ca9216-2866-4b6f-8337-0e4f63918115","local_time":"20201220143026","is_ascension_mode":true,"campfire_choices":[{"data":"Dash","floor":6,"key":"SMITH"},{"floor":8,"key":"REST"},{"floor":15,"key":"REST"},{"data":"Glass Knife","floor":23,"key":"SMITH"}],"circlet_count":0,"master_deck":["AscendersBane","Strike_G+1","Strike_G+1","Strike_G+1","Defend_G+1","Defend_G+1","Defend_G+1","Defend_G+1","Defend_G+1","Survivor","Neutralize","Dash+1","Quick Slash","Choke","Backstab","Footwork","Footwork","Glass Knife+1","Blur","Footwork"],"relics":["Ring of the Snake","CaptainsWheel","Letter Opener","InkBottle","Shuriken","Bottled Flame","Empty Cage"],"acts_visited":["Exordium","TheCity"],"potions_floor_usage":[11,11,16,16,16,20,20,24],"damage_taken":[{"damage":20,"enemies":"Cultist","floor":1,"turns":6},{"damage":0,"enemies":"2 Louse","floor":2,"turns":4},{"damage":2,"enemies":"Jaw Worm","floor":5,"turns":5},{"damage":28,"enemies":"Exordium Wildlife","floor":7,"turns":6},{"damage":0,"enemies":"3 Sentries","floor":11,"turns":7},{"damage":4,"enemies":"Lots of Slimes","floor":13,"turns":4},{"damage":33,"enemies":"Slime Boss","floor":16,"turns":14},{"damage":9,"enemies":"Chosen","floor":18,"turns":4},{"damage":0,"enemies":"Shell Parasite","floor":20,"turns":1},{"damage":71,"enemies":"Cultist and Chosen","floor":24,"turns":8}],"seed_played":"-4350212830005741024","potions_obtained":[{"floor":1,"key":"Dexterity Potion"},{"floor":5,"key":"LiquidBronze"},{"floor":18,"key":"LiquidBronze"}],"is_trial":false,"path_per_floor":["M","M","?","T","M","R","M","R","T","$","E","$","M","?","R","B",null,"M","?","M","?","$","R","M"],"character_chosen":"THE_SILENT","items_purchased":["EntropicBrew","Backstab","Footwork","SkillPotion"],"campfire_rested":2,"item_purchase_floors":[10,10,22,22],"current_hp_per_floor":[39,39,34,34,32,32,4,23,23,23,23,23,19,19,38,5,51,42,42,42,42,42,42,0,0],"gold":7,"neow_bonus":"ONE_RARE_RELIC","is_daily":false,"chose_seed":false,"campfire_upgraded":2,"win_rate":0.0,"timestamp":1608445826,"path_taken":["M","?","?","?","M","R","M","R","T","$","E","?","?","?","R","BOSS","M","?","M","?","?","R","M"],"items_purchased_type":["Potion","Card","Card","Potion"],"build_version":"2020-12-13","purchased_purges":1,"victory":false,"max_hp_per_floor":[66,66,66,66,66,66,66,66,66,66,66,66,66,66,66,66,66,66,66,66,66,66,66,66,66],"card_choices":[{"not_picked":["Blade Dance","Acrobatics"],"picked":"Dash","floor":1},{"not_picked":["Prepared","Deflect"],"picked":"Quick Slash","floor":2},{"not_picked":["Accuracy","Bane"],"picked":"Choke","floor":5},{"not_picked":["Backflip","Quick Slash","Expertise"],"picked":"SKIP","floor":7},{"not_picked":["Infinite Blades","Deadly Poison"],"picked":"Footwork","floor":11},{"not_picked":["Calculated Gamble","Accuracy"],"picked":"Footwork","floor":13},{"not_picked":["Grand Finale","Malaise"],"picked":"Glass Knife","floor":16},{"not_picked":["Underhanded Strike","Prepared+1"],"picked":"Blur","floor":18}],"player_experience":1274392,"relics_obtained":[{"floor":4,"key":"InkBottle"},{"floor":9,"key":"Shuriken"},{"floor":11,"key":"Bottled Flame"}],"event_choices":[{"damage_healed":0,"gold_gain":0,"player_choice":"Success","damage_taken":5,"relics_obtained":["Letter Opener"],"max_hp_gain":0,"max_hp_loss":0,"event_name":"Scrap Ooze","floor":3,"gold_loss":0},{"damage_healed":0,"gold_gain":0,"player_choice":"Bought 1 Potion","damage_taken":0,"max_hp_gain":0,"max_hp_loss":0,"event_name":"The Woman in Blue","floor":14,"gold_loss":0},{"damage_healed":0,"gold_gain":0,"player_choice":"Ignored","damage_taken":0,"max_hp_gain":0,"max_hp_loss":0,"event_name":"Vampires","floor":19,"gold_loss":0},{"damage_healed":0,"gold_gain":0,"player_choice":"Simplicity","damage_taken":0,"max_hp_gain":0,"max_hp_loss":0,"event_name":"Back to Basics","floor":21,"gold_loss":0,"cards_upgraded":["Strike_G","Strike_G","Strike_G","Defend_G","Defend_G","Defend_G","Defend_G","Defend_G"]}],"is_beta":false,"boss_relics":[{"not_picked":["Coffee Dripper","Fusion Hammer"],"picked":"Empty Cage"}],"items_purged_floors":[10],"is_endless":false,"potions_floor_spawned":[1,5,11,18,20],"killed_by":"Cultist and Chosen","ascension_level":17}}