{"host":"1zjc08c6hob33401","time":1608497654,"event":{"mods":["AchievementEnabler","Act Like it!","Aspiration","BaseMod","Downfall","Energized Spire","GifTheSpireLib","Hermit","Hubris","Infinite Spire","Jedi Mod","Jorbs\u0027s Wanderer Trilogy","Minty Spire (QoL Compilation)","Pale of the Ancients","Quick Restart","Replay The Spire","Retaliation","Shop Mod","StSLib","Stuff the Spire","Swap Starting Deck Mod","The Blue Laboratory","The Gatherer","The Runesmith","Wandering Minibosses"],"gold_per_floor":[117,128,148,148,148,148,180,180,206,236,5,5,20,20,20,122,122,132,132,148,63,63,63,93,106,106,132,132,132,132,143,143,248,248,267,267,267,267,285,285,296,314,339,355,355,372,372,389,389,389,402,417,417,10,10,28,28,97,97,97],"floor_reached":61,"playtime":4015,"items_purged":["Defend_R","CommonCold","Defend_R"],"score":1481,"play_id":"b5678878-85a0-4f81-9541-f7a4547d815c","local_time":"20201220225414","is_ascension_mode":true,"campfire_choices":[{"data":"StuffTheSpire:PlasmaPunch","floor":6.0,"key":"SMITH"},{"data":"Corruption","floor":8.0,"key":"SMITH"},{"data":"Demon Form","floor":23.0,"key":"SMITH"},{"floor":28.0,"key":"REST"},{"floor":32.0,"key":"REST"},{"data":"Hemogenesis","floor":40.0,"key":"SMITH"},{"floor":45.0,"key":"REST"},{"data":"Juggernaut","floor":47.0,"key":"SMITH"},{"data":"Impervious","floor":49.0,"key":"SMITH"},{"data":"StuffTheSpire:CelestialWarden","floor":55.0,"key":"SMITH"},{"data":"Bash","floor":57.0,"key":"SMITH"}],"circlet_count":0,"master_deck":["Strike_R","Strike_R+1","Strike_R+1","Strike_R+1","Defend_R+1","Defend_R+1","Bash+1","StuffTheSpire:PlasmaPunch+1","Clothesline","StuffTheSpire:Slingshot+1","Ghostly Armor","Corruption+1","Juggernaut+1","DDmod:SpikedSkill+1","Demon Form+1","Perfected Strike+1","Impervious+1","DDmod:EasePowerCard","Hemogenesis+1","Brutality+1","StuffTheSpire:CelestialWarden+1","Wild Strike","Massacre+1","Double Tap+1","Corruption+1"],"relics":["Burning Blood","hubris:Icosahedron","hubris:Towel","Replay:Towering Pillar of Hats","Pet Ghost","infinitespire:EmpoweringShard","StuffTheSpire:Saxophone","DDmod:BarbedSlagRelic","energizedSpire:StickyHand","energizedSpire:TabascoSauce","Shuriken","War Paint","Replay:Accelerometer","hubris:SphereOfDissonance","Blood Vial","MutagenicStrength","SacredBark","StuffTheSpire:GreaterSneckoEye","Ring of Fury","ReplayTheSpireMod:Ring of Collecting","ReplayTheSpireMod:Ring of Addiction","StuffTheSpire:Gunfinga","White Beast Statue","Toy Ornithopter","paleoftheancients:Timepiece","Bronze Scales","CultistMask","paleoftheancients:SoulOfTheWokeBloke","Guide Book","Oddly Smooth Stone","Ring of Searing","StuffTheSpire:Rhapsscallions"],"acts_visited":["Exordium","TheCity","TheBeyond","paleoftheancients:PaleOfTheAncients"],"potions_floor_usage":[60],"damage_taken":[{"damage":0.0,"enemies":"Small Slimes","floor":1.0,"turns":3.0},{"damage":2.0,"enemies":"2 Louse","floor":2.0,"turns":2.0},{"damage":7.0,"enemies":"Jaw Worm","floor":3.0,"turns":4.0},{"damage":44.0,"enemies":"3 Sentries","floor":7.0,"turns":9.0},{"damage":25.0,"enemies":"Lagavulin","floor":10.0,"turns":5.0},{"damage":1.0,"enemies":"Blue Slaver","floor":13.0,"turns":3.0},{"damage":27.0,"enemies":"Fading Forest","floor":16.0,"turns":11.0},{"damage":19.0,"enemies":"2 Thieves","floor":18.0,"turns":4.0},{"damage":25.0,"enemies":"Shell Parasite","floor":20.0,"turns":3.0},{"damage":14.0,"enemies":"Replay:Snechameleon","floor":24.0,"turns":4.0},{"damage":8.0,"enemies":"Snecko","floor":25.0,"turns":3.0},{"damage":19.0,"enemies":"Slavers","floor":27.0,"turns":5.0},{"damage":17.0,"enemies":"Shelled Parasite and Fungi","floor":31.0,"turns":4.0},{"damage":17.0,"enemies":"Pondfish","floor":33.0,"turns":6.0},{"damage":9.0,"enemies":"Orb Walker","floor":35.0,"turns":3.0},{"damage":33.0,"enemies":"3 Darklings","floor":39.0,"turns":3.0},{"damage":22.0,"enemies":"Spire Growth","floor":41.0,"turns":3.0},{"damage":14.0,"enemies":"4 Shapes","floor":42.0,"turns":5.0},{"damage":0.0,"enemies":"Jaw Worm Horde","floor":44.0,"turns":2.0},{"damage":8.0,"enemies":"Spire Growth","floor":46.0,"turns":2.0},{"damage":1.0,"enemies":"Writhing Mass","floor":48.0,"turns":2.0},{"damage":20.0,"enemies":"Replay:Hell Engine","floor":50.0,"turns":5.0},{"damage":52.0,"enemies":"Replay:Hell Engine","floor":51.0,"turns":7.0},{"damage":1.0,"enemies":"Replay:Hell Engine","floor":52.0,"turns":2.0},{"damage":22.0,"enemies":"Replay:Hell Engine","floor":56.0,"turns":5.0},{"damage":141,"enemies":"paleoftheancients:N","floor":60,"turns":5}],"seed_played":"7550138702848897224","potions_obtained":[{"floor":2.0,"key":"SkillPotion"},{"floor":13.0,"key":"PowerPotion"},{"floor":18.0,"key":"Regen Potion"},{"floor":24.0,"key":"LiquidBronze"},{"floor":25.0,"key":"LiquidBronze"},{"floor":39.0,"key":"Dexterity Potion"},{"floor":43.0,"key":"PowerPotion"},{"floor":43.0,"key":"LiquidMemories"},{"floor":43.0,"key":"SkillPotion"},{"floor":44.0,"key":"blueLaboratory:FruitPunch"},{"floor":46.0,"key":"blueLaboratory:BottledHope"},{"floor":48.0,"key":"blueLaboratory:IronCompound"},{"floor":51.0,"key":"Adrenaline Potion"},{"floor":52.0,"key":"AttackPotion"},{"floor":56.0,"key":"blueLaboratory:EnragingPotion"}],"is_trial":false,"path_per_floor":["M","M","M","?","?","R","E","R","T","E","$","?","M","$","R","B",null,"M","AVR","M","?","$","R","E","M","T","E","R","?","?","M","R","B",null,"M","?","?","AVR","M","R","M","M","T","M","R","M","R","M","R","B","M","M","?","$","R","M","R","T","?","B",null],"character_chosen":"IRONCLAD","items_purchased":["StuffTheSpire:Saxophone","Guide Book","Oddly Smooth Stone"],"campfire_rested":3,"item_purchase_floors":[11,54,54],"current_hp_per_floor":[80,80,79,79,79,79,41,41,41,22,22,22,27,27,51,58,80,67,67,47,47,47,47,36,31,31,15,39,39,39,26,50,37,80,74,54,54,54,28,28,10,4,4,12,36,36,36,45,45,82,49,61,61,61,61,57,57,58,58,4],"gold":97,"neow_bonus":"RANDOM_COLORLESS","is_daily":false,"chose_seed":false,"campfire_upgraded":8,"win_rate":0.0,"timestamp":1608497654,"path_taken":["M","M","M","?","?","R","E","R","T","E","$","?","?","$","R","BOSS","M","AVR","M","?","$","R","E","M","T","E","R","?","?","?","R","BOSS","M","?","?","AVR","M","R","M","M","T","M","R","M","R","M","R","BOSS","M","M","?","$","R","M","R","T","?","BOSS"],"items_purchased_type":["Relic","Relic","Relic"],"build_version":"2020-12-13","purchased_purges":3,"victory":true,"max_hp_per_floor":[80,80,80,80,80,80,80,80,80,80,80,80,80,80,80,80,80,80,80,80,80,80,80,80,80,80,80,80,80,80,80,80,80,80,80,80,80,80,80,80,80,80,80,80,80,82,82,82,82,82,82,82,82,82,82,80,80,81,81,81],"card_choices":[{"not_picked":["expansioncontent:TimeRipple","expansioncontent:BronzeBeam"],"picked":"StuffTheSpire:PlasmaPunch","floor":0.0},{"not_picked":["True Grit","DDmod:EasePowerCard"],"picked":"Clothesline","floor":1.0},{"not_picked":["DDmod:EasePowerCard","Clothesline"],"picked":"StuffTheSpire:Slingshot","floor":2.0},{"not_picked":["Headbutt","Flex"],"picked":"Ghostly Armor","floor":3.0},{"not_picked":["Run Through","ReplayTheSpireMod:LeadingStrike"],"picked":"Corruption","floor":7.0},{"not_picked":["ReplayTheSpireMod:Strike From Hell","Massacre"],"picked":"Juggernaut","floor":10.0},{"not_picked":["Flex","Intimidate"],"picked":"DDmod:SpikedSkill","floor":13.0},{"not_picked":["Immolate","Berserk"],"picked":"Demon Form","floor":16.0},{"not_picked":["Armaments+1","Iron Wave","Flex+1"],"picked":"SKIP","floor":18.0},{"not_picked":["Perfected Strike+1","DDmod:EasePowerCard"],"picked":"Impervious","floor":20.0},{"not_picked":["Dropkick","hubris:ReadiedAction+1","Warcry"],"picked":"SKIP","floor":24.0},{"not_picked":["Life Link","DDmod:EasePowerCard","Clash+1"],"picked":"SKIP","floor":25.0},{"not_picked":["DDmod:EasePowerCard+1","StuffTheSpire:Slingshot","Armaments+1"],"picked":"SKIP","floor":27.0},{"not_picked":["Sword Boomerang","StuffTheSpire:RockThrow","DDmod:BurningFumesPowerCard"],"picked":"SKIP","floor":31.0},{"not_picked":["Hemogenesis","jedi:bloodyhammer"],"picked":"Brutality","floor":33.0},{"not_picked":["Pommel Strike+1","Offering","Havoc"],"picked":"SKIP","floor":35.0},{"not_picked":["StuffTheSpire:Slingshot","jedi:bloodyhammer","hubris:SharpeningStone+1"],"picked":"SKIP","floor":39.0},{"not_picked":["StuffTheSpire:RagingBull","Intimidate+1","DDmod:SpikeInjectionSkill+1"],"picked":"SKIP","floor":41.0},{"not_picked":["Cleave+1","Headbutt","DDmod:PokeAttack+1"],"picked":"SKIP","floor":42.0},{"not_picked":["Rupture","ReplayTheSpireMod:Muscle Training","jedi:MakeshiftSword+1"],"picked":"SKIP","floor":44.0},{"not_picked":["Seeing Red","Dual Wield","StuffTheSpire:Slingshot"],"picked":"SKIP","floor":46.0},{"not_picked":["jedi:hate","Clothesline+1","DDmod:PlatedThornsSkill"],"picked":"SKIP","floor":48.0},{"not_picked":["StuffTheSpire:Incineration","Body Slam+1","Pommel Strike+1"],"picked":"SKIP","floor":51.0},{"not_picked":["Wild Strike","Massacre+1"],"picked":"Double Tap","floor":52.0},{"not_picked":["StuffTheSpire:Incineration+1","Metallicize+1","ReplayReversal"],"picked":"SKIP","floor":56.0}],"player_experience":460841,"relics_obtained":[{"floor":7.0,"key":"Replay:Towering Pillar of Hats"},{"floor":9.0,"key":"Pet Ghost"},{"floor":10.0,"key":"infinitespire:EmpoweringShard"},{"floor":24.0,"key":"War Paint"},{"floor":26.0,"key":"Replay:Accelerometer"},{"floor":27.0,"key":"hubris:SphereOfDissonance"},{"floor":29.0,"key":"Blood Vial"},{"floor":36.0,"key":"StuffTheSpire:GreaterSneckoEye"},{"floor":37.0,"key":"Ring of Fury"},{"floor":37.0,"key":"ReplayTheSpireMod:Ring of Collecting"},{"floor":43.0,"key":"ReplayTheSpireMod:Ring of Addiction"},{"floor":43.0,"key":"StuffTheSpire:Gunfinga"},{"floor":43.0,"key":"White Beast Statue"},{"floor":43.0,"key":"Toy Ornithopter"},{"floor":51.0,"key":"paleoftheancients:SoulOfTheWokeBloke"},{"floor":52.0,"key":"paleoftheancients:SoulOfTheCollector"},{"floor":56.0,"key":"paleoftheancients:SoulOfTheHexaghost"},{"floor":58,"key":"Ring of Searing"},{"floor":58,"key":"StuffTheSpire:Rhapsscallions"}],"event_choices":[{"damage_healed":0.0,"max_hp_gain":0.0,"max_hp_loss":0.0,"gold_gain":0.0,"event_name":"Addict","player_choice":"Obtained Relic","floor":21.0,"gold_loss":85.0,"damage_taken":0.0,"relics_obtained":["Shuriken"]},{"damage_healed":0.0,"max_hp_gain":0.0,"max_hp_loss":0.0,"gold_gain":0.0,"event_name":"Drug Dealer","player_choice":"Inject Mutagens","floor":30.0,"gold_loss":0.0,"damage_taken":0.0,"relics_obtained":["MutagenicStrength"]},{"damage_healed":0.0,"max_hp_gain":0.0,"max_hp_loss":0.0,"gold_gain":0.0,"cards_transformed":["jedi:bloodyhammer"],"event_name":"Transmorgrifier","player_choice":"Transformed","floor":53.0,"gold_loss":0.0,"damage_taken":0.0,"cards_obtained":["Corruption"]}],"is_beta":false,"boss_relics":[{"not_picked":["Kintsugi","Electric Blood"],"picked":"energizedSpire:StickyHand"},{"not_picked":["ReplayTheSpireMod:DimensionalGlitch","aspiration:RunicSpoon"],"picked":"SacredBark"}],"items_purged_floors":[11,38,54],"is_endless":false,"potions_floor_spawned":[2,13,18,24,25,39,44,46,48,51,52,56,60],"ascension_level":4}}