{"host":"7y3xcojbvgknqiob","time":1608462556,"event":{"mods":["Aspiration","BaseMod","Best Route Mod","Downfall","Hermit","Magitek Elite","Minty Spire (QoL Compilation)","Potionbrewer","Quick Restart","StSLib","The Bug Knight"],"gold_per_floor":[118,118,129,145,165,195,195,230,230,200,219,219,75,75,75,75,75],"floor_reached":16,"playtime":755,"items_purged":[],"score":127,"play_id":"e5072115-dbc3-4938-a654-df9aef78e0c0","local_time":"20201220030916","is_ascension_mode":true,"campfire_choices":[{"floor":7,"key":"REST"},{"floor":12,"key":"REST"},{"data":"Footwork","floor":15,"key":"SMITH"}],"circlet_count":0,"master_deck":["Strike_G","Strike_G","Strike_G","Strike_G","Strike_G","Defend_G","Defend_G","Defend_G","Defend_G","Defend_G","Survivor","Neutralize","Crippling Poison","Neutralize","Predator","Dodge and Roll","Footwork+1","Backflip","Quick Slash","Footwork","Blade Dance","Leg Sweep"],"relics":["Ring of the Snake","Gremlin Horn","Lizard Tail","Molten Egg 2","Sling","HornCleat"],"acts_visited":["Exordium"],"potions_floor_usage":[6,16],"damage_taken":[{"damage":4,"enemies":"Small Slimes","floor":1,"turns":5},{"damage":0,"enemies":"Cultist","floor":3,"turns":3},{"damage":7,"enemies":"2 Louse","floor":4,"turns":3},{"damage":4,"enemies":"2 Fungi Beasts","floor":5,"turns":3},{"damage":25,"enemies":"Lagavulin","floor":6,"turns":13},{"damage":42,"enemies":"Gremlin Nob","floor":8,"turns":6},{"damage":7,"enemies":"Looter","floor":10,"turns":4},{"damage":14,"enemies":"Exordium Wildlife","floor":11,"turns":5},{"damage":61,"enemies":"Hexaghost","floor":16,"turns":22}],"seed_played":"2803380040280584330","potions_obtained":[{"floor":1,"key":"hexamod:EctoCoolerPotion"},{"floor":11,"key":"potionbrewer:AcidPotion"}],"is_trial":false,"path_per_floor":["M","?","M","M","M","E","R","E","T","M","M","R","$","T","R","B"],"character_chosen":"THE_SILENT","items_purchased":["Sling"],"campfire_rested":2,"item_purchase_floors":[13],"current_hp_per_floor":[73,73,73,66,62,37,60,18,18,11,38,61,61,61,61,0,0],"gold":75,"neow_bonus":"TEN_PERCENT_HP_BONUS","is_daily":false,"chose_seed":false,"campfire_upgraded":1,"win_rate":0.0,"timestamp":1608462556,"path_taken":["M","?","M","M","M","E","R","E","T","M","M","R","$","?","R","BOSS"],"items_purchased_type":["Relic"],"build_version":"2020-12-13","purchased_purges":0,"victory":false,"max_hp_per_floor":[77,77,77,77,77,77,77,77,77,77,77,77,77,77,77,77,77],"card_choices":[{"not_picked":["Slice","Sucker Punch"],"picked":"Crippling Poison","floor":1},{"not_picked":["Outmaneuver","Heel Hook"],"picked":"Dodge and Roll","floor":3},{"not_picked":["Quick Slash","Calculated Gamble"],"picked":"Footwork","floor":4},{"not_picked":["Doppelganger","Concentrate"],"picked":"Backflip","floor":5},{"not_picked":["Caltrops","Dash"],"picked":"Quick Slash","floor":6},{"not_picked":["Caltrops","Wraith Form v2"],"picked":"Footwork","floor":8},{"not_picked":["All Out Attack+1","Catalyst"],"picked":"Blade Dance","floor":10},{"not_picked":["Outmaneuver","Expertise"],"picked":"Leg Sweep","floor":11}],"player_experience":336031,"relics_obtained":[{"floor":6,"key":"Gremlin Horn"},{"floor":8,"key":"Lizard Tail"},{"floor":9,"key":"Molten Egg 2"},{"floor":14,"key":"HornCleat"}],"event_choices":[{"damage_healed":0,"gold_gain":0,"player_choice":"2 cards matched","damage_taken":0,"max_hp_gain":0,"max_hp_loss":0,"event_name":"Match and Keep!","floor":2,"gold_loss":0,"cards_obtained":["Neutralize","Predator"]}],"is_beta":false,"boss_relics":[],"items_purged_floors":[],"is_endless":false,"potions_floor_spawned":[1,11],"killed_by":"Hexaghost","ascension_level":3}}