{"host":"e1ezmaebp4k769tb","time":1608489694,"event":{"mods":["2.2 Compatiblity","AchievementEnabler","AlwaysNeverKeys","BaseMod","CapriCore","Card Filter","Colored Powertips","Curses Come First","DeckTracker","Downfall","Friendly Minions","Hermit","Highlight Path","Keyboard Shortcuts","Minty Spire (QoL Compilation)","Permanent Neow","Quick Restart","Red Circlet Mod","Replay The Spire","StSLib","WarShipGirlsR/??á´Ò³R mod"],"gold_per_floor":[24,24,58,73,73,73,100,133,58,90,105,30,43,143,156,233,233,158,186,0,11,11,11,11],"floor_reached":23,"playtime":1470,"items_purged":[],"score":525,"play_id":"1bca12c4-664d-405b-a54f-c77619facdc6","local_time":"20201221034134","is_ascension_mode":true,"campfire_choices":[{"data":"Slimebound:CorrosiveSpit","floor":1,"key":"SMITH"},{"data":"Slimebound:Split","floor":6,"key":"SMITH"},{"data":"Slimebound:TagTeam","floor":9,"key":"SMITH"},{"data":"Slimebound:Overexert","floor":18,"key":"SMITH"}],"circlet_count":0,"master_deck":["AscendersBane","Slimebound:Strike_Slimebound","Slimebound:Tackle","Slimebound:Defend_Slimebound","Slimebound:Defend_Slimebound","Slimebound:Defend_Slimebound","Slimebound:Defend_Slimebound","Slimebound:Split+1","Slimebound:CorrosiveSpit+1","Slimebound:SplitSpecialist","Slimebound:SplitAcid","Slimebound:SamplingLick","Slimebound:TagTeam+1","Slimebound:SlimeBrawl+1","Slimebound:LivingWall","Slimebound:FirmFortitude","Slimebound:WasteNot","Slimebound:SlimeBarrage","Slimebound:SamplingLick","Slimebound:Overexert+1","AbeCurse","Slimebound:Repurpose","Slimebound:SplitMire","Slimebound:LevelUp","Slimebound:LeadByExample"],"relics":["Slimebound:AbsorbEndCombat","downfall:HeartsMalice","downfall:HeartBlessingRed","ReplayTheSpireMod:Ninjato","FaceOfCleric","Toy Ornithopter","StoneCalendar","downfall:HeartBlessingGreen","The Courier","Abe\u0027s Treasure","downfall:HeartBlessingBlue","Prayer Wheel","ClockworkSouvenir"],"acts_visited":["Exordium","TheCity"],"potions_floor_usage":[15,16],"damage_taken":[{"damage":0,"enemies":"Small Slimes","floor":2,"turns":1},{"damage":0,"enemies":"3 Sentries","floor":3,"turns":1},{"damage":12,"enemies":"Cultist","floor":4,"turns":4},{"damage":33,"enemies":"Replay:BlueRogue","floor":8,"turns":5},{"damage":20,"enemies":"Lagavulin","floor":10,"turns":4},{"damage":4,"enemies":"2 Louse","floor":11,"turns":2},{"damage":23,"enemies":"downfall:FleeingMerchant","floor":12,"turns":4},{"damage":15,"enemies":"3 Louse","floor":13,"turns":3},{"damage":76,"enemies":"downfall:Heads","floor":14,"turns":7},{"damage":12,"enemies":"Gremlin Gang","floor":15,"turns":3},{"damage":37,"enemies":"downfall:CharBossIronclad","floor":16,"turns":7},{"damage":43,"enemies":"Replay:Snechameleon","floor":19,"turns":5},{"damage":19,"enemies":"downfall:FleeingMerchant","floor":20,"turns":4},{"damage":59,"enemies":"3 Byrds","floor":21,"turns":4},{"damage":27,"enemies":"Snecko","floor":23,"turns":2}],"seed_played":"3159598687035528603","potions_obtained":[{"floor":3,"key":"Fire Potion"},{"floor":11,"key":"Ancient Potion"}],"is_trial":false,"path_per_floor":["R","M","E","M","?","R","T","E","R","E","M","$","M","?","M","B",null,"R","E","$","M","?","M"],"character_chosen":"SLIMEBOUND","items_purchased":["Slimebound:FirmFortitude","ClockworkSouvenir","Slimebound:SplitMire"],"campfire_rested":0,"item_purchase_floors":[12,20,20],"current_hp_per_floor":[49,49,49,53,53,53,53,50,50,56,53,58,52,16,30,23,52,62,52,58,16,16,0,0],"gold":11,"neow_bonus":"THREE_ENEMY_KILL","is_daily":false,"chose_seed":false,"campfire_upgraded":4,"win_rate":0.0,"timestamp":1608489694,"path_taken":["R","M","E","M","?","R","T","E","R","E","M","?","M","?","M","BOSS","R","E","$","M","?","M"],"items_purchased_type":["Card","Relic","Card"],"build_version":"2020-12-13","purchased_purges":0,"victory":false,"max_hp_per_floor":[54,54,54,54,54,54,54,55,55,56,57,58,59,60,61,62,62,72,73,74,75,75,75,75],"card_choices":[{"not_picked":["Slimebound:Dissolve","Slimebound:GrowthPunch"],"picked":"Slimebound:SplitSpecialist","floor":2},{"not_picked":["Slimebound:PressTheAttack","Slimebound:DisruptingSlam"],"picked":"Slimebound:SplitAcid","floor":3},{"not_picked":["Slimebound:SlimeSpikes","Slimebound:PressTheAttack"],"picked":"Slimebound:SamplingLick","floor":4},{"not_picked":["Slimebound:SplitBruiser","Slimebound:SplitLeeching"],"picked":"Slimebound:TagTeam","floor":8},{"not_picked":["Slimebound:Gluttony","Slimebound:Prepare"],"picked":"Slimebound:SlimeBrawl","floor":10},{"not_picked":["Slimebound:SplitLeeching","Slimebound:Schlurp"],"picked":"Slimebound:LivingWall","floor":11},{"not_picked":["Slimebound:LeechingTouch","Slimebound:GrowthPunch","Slimebound:LeechEnergy"],"picked":"SKIP","floor":13},{"not_picked":["Slimebound:ViciousTackle","Slimebound:TongueLash"],"picked":"Slimebound:SlimeBarrage","floor":14},{"not_picked":["Slimebound:Gluttony","Slimebound:ComboTackle"],"picked":"Slimebound:SamplingLick","floor":15},{"not_picked":["Slimebound:Teamwork","Slimebound:SlimeSlap"],"picked":"Slimebound:Overexert","floor":16},{"not_picked":["Slimebound:MegaLick","Slimebound:SplitAcid"],"picked":"Slimebound:Repurpose","floor":19},{"not_picked":["Slimebound:ProtectTheBoss","Slimebound:SplitSpecialist"],"picked":"Slimebound:LevelUp","floor":21},{"not_picked":["Slimebound:ItLooksTasty","Slimebound:SlimeBarrage","Slimebound:SlimeBrawl"],"picked":"SKIP","floor":21}],"player_experience":135568,"relics_obtained":[{"floor":3,"key":"ReplayTheSpireMod:Ninjato"},{"floor":7,"key":"Toy Ornithopter"},{"floor":8,"key":"StoneCalendar"},{"floor":10,"key":"The Courier"},{"floor":19,"key":"Prayer Wheel"}],"event_choices":[{"damage_healed":0,"gold_gain":0,"player_choice":"Trade","damage_taken":0,"relics_obtained":["FaceOfCleric"],"max_hp_gain":0,"max_hp_loss":0,"event_name":"FaceTrader","floor":5,"gold_loss":0},{"damage_healed":0,"gold_gain":0,"player_choice":"Read","damage_taken":0,"max_hp_gain":0,"max_hp_loss":0,"event_name":"The Library","floor":22,"gold_loss":0,"cards_obtained":["Slimebound:LeadByExample"]}],"is_beta":false,"boss_relics":[{"not_picked":["Calling Bell","Replay:Drink Me"],"picked":"Abe\u0027s Treasure"}],"items_purged_floors":[],"is_endless":false,"potions_floor_spawned":[3,11,13],"killed_by":"Snecko","ascension_level":20}}