{"host":"6azrrw3tf7wb0f4b","time":1608433468,"event":{"mods":["BaseMod","DeckTracker","Minty Spire (QoL Compilation)","SuperFastMode"],"gold_per_floor":[119,129,142,157,82,82,100,126,126,126,137,137,162,162,162,291,291,305,305,325,81,97,97,116,116,116,136,151,176,207,242,242,242,242],"floor_reached":33,"playtime":978,"items_purged":["Defend_B","Strike_B"],"score":369,"play_id":"035c718f-35ea-4215-9ed7-36e3c42a2cd2","local_time":"20201220120428","is_ascension_mode":true,"campfire_choices":[{"data":"Sunder","floor":6,"key":"SMITH"},{"data":"Dualcast","floor":10,"key":"SMITH"},{"floor":15,"key":"REST"},{"data":"Coolheaded","floor":23,"key":"SMITH"},{"floor":25,"key":"REST"},{"data":"Darkness","floor":32,"key":"SMITH"}],"circlet_count":0,"master_deck":["Strike_B","Defend_B","Zap","Dualcast+1","Turbo","Sunder+1","Conserve Battery","Coolheaded+1","Reinforced Body","Leap","Ball Lightning","Aggregate","Streamline+1","Meteor Strike+1","Melter+1","Redo+1","Heatsinks","Go for the Eyes+1","Glacier+1","Conserve Battery+1","Darkness+1"],"relics":["Cracked Core","NeowsBlessing","Lizard Tail","Question Card","Golden Idol","Astrolabe","Membership Card","White Beast Statue","Red Mask","Matryoshka"],"acts_visited":["Exordium","TheCity"],"potions_floor_usage":[4,4,11,16,16,22,27,28,28,30,30,33],"damage_taken":[{"damage":0,"enemies":"Jaw Worm","floor":1,"turns":1},{"damage":0,"enemies":"2 Louse","floor":2,"turns":1},{"damage":0,"enemies":"Cultist","floor":3,"turns":1},{"damage":14,"enemies":"Exordium Wildlife","floor":4,"turns":5},{"damage":9,"enemies":"Blue Slaver","floor":7,"turns":4},{"damage":12,"enemies":"Lagavulin","floor":8,"turns":8},{"damage":0,"enemies":"Large Slime","floor":11,"turns":5},{"damage":4,"enemies":"Lots of Slimes","floor":13,"turns":4},{"damage":37,"enemies":"Hexaghost","floor":16,"turns":11},{"damage":12,"enemies":"Chosen","floor":18,"turns":4},{"damage":26,"enemies":"Shell Parasite","floor":20,"turns":5},{"damage":9,"enemies":"Snecko","floor":22,"turns":4},{"damage":23,"enemies":"Centurion and Healer","floor":24,"turns":8},{"damage":3,"enemies":"Snake Plant","floor":27,"turns":5},{"damage":12,"enemies":"Cultist and Chosen","floor":28,"turns":6},{"damage":7,"enemies":"Shelled Parasite and Fungi","floor":29,"turns":6},{"damage":3,"enemies":"Masked Bandits","floor":30,"turns":5},{"damage":44,"enemies":"Gremlin Leader","floor":31,"turns":11},{"damage":73,"enemies":"Champ","floor":33,"turns":10}],"seed_played":"-9167052392523137595","potions_obtained":[{"floor":3,"key":"EntropicBrew"},{"floor":4,"key":"Block Potion"},{"floor":18,"key":"BlessingOfTheForge"},{"floor":24,"key":"Dexterity Potion"},{"floor":27,"key":"FocusPotion"},{"floor":28,"key":"Fruit Juice"},{"floor":29,"key":"Fire Potion"},{"floor":30,"key":"Fruit Juice"},{"floor":31,"key":"Regen Potion"}],"is_trial":false,"path_per_floor":["M","M","M","M","$","R","M","E","T","R","M","?","M","?","R","B",null,"M","?","M","$","M","R","M","R","T","M","M","M","?","E","R","B"],"character_chosen":"DEFECT","items_purchased":["Membership Card","Heatsinks"],"campfire_rested":2,"item_purchase_floors":[21,21],"current_hp_per_floor":[68,68,68,54,54,54,45,33,33,33,33,33,29,29,49,12,55,43,79,53,53,44,44,21,44,44,41,34,27,29,34,34,0,0],"gold":242,"neow_bonus":"THREE_ENEMY_KILL","is_daily":false,"chose_seed":false,"campfire_upgraded":4,"win_rate":0.0,"timestamp":1608433468,"path_taken":["M","M","M","M","$","R","M","E","T","R","M","?","M","?","R","BOSS","M","?","M","$","M","R","?","R","T","M","M","M","?","E","R","BOSS"],"items_purchased_type":["Relic","Card"],"build_version":"2020-12-13","purchased_purges":2,"victory":false,"max_hp_per_floor":[75,75,75,75,75,75,75,75,75,75,75,69,69,69,69,69,69,69,79,79,79,79,79,79,79,79,79,84,84,89,89,89,89,89],"card_choices":[{"not_picked":["Force Field","Capacitor"],"picked":"Turbo","floor":1},{"not_picked":["Redo","Ball Lightning"],"picked":"Sunder","floor":2},{"not_picked":["Redo","Ball Lightning"],"picked":"Conserve Battery","floor":3},{"not_picked":["Thunder Strike","Tempest"],"picked":"Coolheaded","floor":4},{"not_picked":["Double Energy","Compile Driver"],"picked":"Reinforced Body","floor":7},{"not_picked":["Beam Cell","Compile Driver","Melter"],"picked":"SKIP","floor":8},{"not_picked":["Stack","Loop","Coolheaded"],"picked":"Leap","floor":11},{"not_picked":["Rebound","Lockon","Conserve Battery"],"picked":"Ball Lightning","floor":13},{"not_picked":["Rainbow","Biased Cognition","Hyperbeam"],"picked":"Meteor Strike","floor":16},{"not_picked":["Steam Power+1","Cold Snap","Chaos"],"picked":"Redo+1","floor":18},{"not_picked":["Redo","Rebound","Lockon","Barrage"],"picked":"SKIP","floor":20},{"not_picked":["Force Field+1","Beam Cell+1","Recycle"],"picked":"Go for the Eyes+1","floor":22},{"not_picked":["Biased Cognition","Scrape","Chill"],"picked":"Glacier+1","floor":24},{"not_picked":["Turbo","Blizzard","Lockon"],"picked":"Conserve Battery+1","floor":27},{"not_picked":["Scrape","Conserve Battery","Steam+1","Tempest"],"picked":"SKIP","floor":28},{"not_picked":["Rebound","Heatsinks+1","Conserve Battery"],"picked":"Darkness","floor":29},{"not_picked":["Rebound+1","Compile Driver","Coolheaded","Chill"],"picked":"SKIP","floor":31},{"not_picked":["Rebound+1","Compile Driver","Coolheaded","Chill"],"picked":"SKIP","floor":31}],"player_experience":631709,"relics_obtained":[{"floor":8,"key":"Lizard Tail"},{"floor":9,"key":"Question Card"},{"floor":26,"key":"White Beast Statue"},{"floor":30,"key":"Red Mask"},{"floor":31,"key":"Matryoshka"}],"event_choices":[{"damage_healed":0,"gold_gain":0,"player_choice":"Lose Max HP","damage_taken":0,"relics_obtained":["Golden Idol"],"max_hp_gain":0,"max_hp_loss":6,"event_name":"Golden Idol","floor":12,"gold_loss":0},{"damage_healed":0,"gold_gain":0,"cards_transformed":["Defend_B"],"player_choice":"Change","damage_taken":0,"max_hp_gain":0,"max_hp_loss":0,"event_name":"Living Wall","floor":14,"gold_loss":0,"cards_obtained":["Aggregate"]},{"cards_removed":["Meteor Strike"],"damage_healed":26,"gold_gain":0,"player_choice":"Offered Rare","damage_taken":0,"max_hp_gain":10,"max_hp_loss":0,"event_name":"Bonfire Elementals","floor":19,"gold_loss":0},{"damage_healed":0,"gold_gain":0,"player_choice":"Fought Bandits","damage_taken":0,"max_hp_gain":0,"max_hp_loss":0,"event_name":"Masked Bandits","floor":30,"gold_loss":0}],"is_beta":false,"boss_relics":[{"not_picked":["Inserter","Fusion Hammer"],"picked":"Astrolabe"}],"items_purged_floors":[5,21],"is_endless":false,"potions_floor_spawned":[3,4,8,18,24,27,28,29,30,31],"killed_by":"Champ","ascension_level":7}}