{"host":"9ylwqx3xq4e4v98b","time":1608461115,"event":{"mods":["AchievementEnabler","BaseMod","Card Forge","Colored Map","DeckTracker","Minty Spire (QoL Compilation)","Permanent Neow","StSLib","SuperFastMode","Td1madao Mod","The Animator"],"gold_per_floor":[117,117,117,127,92,123,151,151,151,182,194,269,284,309,309,411,411,422,782,796,711,728,753,753,770,851,871,898,898,898,168,168,273,273,284,332,103,103,117,151,179,209,209,209,209,237,253,283,283,283,283,283,69,104,104],"floor_reached":56,"playtime":2215,"items_purged":[],"score":2682,"play_id":"afb0e82c-59b1-4008-9570-a9de7ca85aa5","local_time":"20201220024515","is_ascension_mode":true,"campfire_choices":[{"floor":15,"key":"RECALL"},{"floor":32,"key":"REST"},{"floor":44,"key":"REST"},{"data":"Here Defend Chip+11","floor":49,"key":"SMITH"},{"data":"Here Defend Chip+12","floor":52,"key":"SMITH"}],"circlet_count":0,"master_deck":["AscendersBane","Body Slam+1","Deflect+1","Backflip+1","Body Slam+1"],"relics":["Hammer of Thor","Seething Fire","Anvil of the Gods","Runic Dome","Lizard Tail","Question Card","Odd Mushroom","Pear","Ancient Tea Set","Oddly Smooth Stone","Black Star","Art of War","The Courier","Toxic Egg 2","InkBottle","Gremlin Horn","WingedGreaves","Snake Skull","FossilizedHelix","Du-Vu Doll","Bag of Preparation","Busted Crown","Bird Faced Urn","Anchor","Medical Kit","Incense Burner","Blood Vial","Thread and Needle","Potion Belt","Unceasing Top","Blue Candle","Pantograph","Toy Ornithopter","Pen Nib","Gambling Chip","Meat on the Bone","Strawberry","Membership Card","Sundial","Centennial Puzzle","Kunai"],"acts_visited":["Exordium","TheCity","TheBeyond","TheEnding"],"potions_floor_usage":[1,23],"damage_taken":[{"damage":0,"enemies":"Small Slimes","floor":1,"turns":4},{"damage":0,"enemies":"Jaw Worm","floor":4,"turns":3},{"damage":7,"enemies":"Lagavulin","floor":6,"turns":5},{"damage":10,"enemies":"The Mushroom Lair","floor":7,"turns":4},{"damage":10,"enemies":"3 Sentries","floor":10,"turns":5},{"damage":0,"enemies":"2 Louse","floor":11,"turns":2},{"damage":5,"enemies":"Large Slime","floor":13,"turns":2},{"damage":13,"enemies":"Gremlin Nob","floor":14,"turns":3},{"damage":4,"enemies":"The Guardian","floor":16,"turns":7},{"damage":7,"enemies":"2 Thieves","floor":18,"turns":3},{"damage":0,"enemies":"Spheric Guardian","floor":20,"turns":3},{"damage":21,"enemies":"Chosen and Byrds","floor":22,"turns":4},{"damage":10,"enemies":"Book of Stabbing","floor":23,"turns":4},{"damage":10,"enemies":"Snake Plant","floor":25,"turns":3},{"damage":9,"enemies":"Centurion and Healer","floor":27,"turns":4},{"damage":23,"enemies":"Gremlin Leader","floor":28,"turns":5},{"damage":0,"enemies":"Colosseum Slavers","floor":29,"turns":2},{"damage":0,"enemies":"Collector","floor":33,"turns":5},{"damage":0,"enemies":"Orb Walker","floor":35,"turns":2},{"damage":0,"enemies":"2 Orb Walkers","floor":36,"turns":2},{"damage":0,"enemies":"3 Darklings","floor":39,"turns":2},{"damage":0,"enemies":"Giant Head","floor":40,"turns":4},{"damage":0,"enemies":"Reptomancer","floor":41,"turns":1},{"damage":0,"enemies":"Nemesis","floor":42,"turns":3},{"damage":0,"enemies":"Giant Head","floor":46,"turns":1},{"damage":0,"enemies":"4 Shapes","floor":47,"turns":1},{"damage":0,"enemies":"Nemesis","floor":48,"turns":1},{"damage":0,"enemies":"Awakened One","floor":50,"turns":2},{"damage":0,"enemies":"Shield and Spear","floor":54,"turns":1},{"damage":0,"enemies":"The Heart","floor":55,"turns":3}],"seed_played":"3247476039644466933","potions_obtained":[{"floor":1,"key":"Fruit Juice"},{"floor":4,"key":"Regen Potion"},{"floor":7,"key":"Energy Potion"},{"floor":27,"key":"SteroidPotion"},{"floor":42,"key":"ColorlessPotion"},{"floor":48,"key":"EssenceOfSteel"}],"is_trial":false,"path_per_floor":["M","?","?","M","?","E","?","T","T","E","M","?","M","E","R","B",null,"M","?","M","?","M","E","?","M","T","M","E","?","?","$","R","B",null,"M","?","$","?","M","E","E","E","T","R","T","E","M","E","R","B",null,"R","$","E","B",null],"character_chosen":"THE_SILENT","items_purchased":["Snake Skull","FossilizedHelix","Du-Vu Doll","Bag of Preparation","Anchor","Medical Kit","Membership Card","Sundial"],"campfire_rested":2,"item_purchase_floors":[31,31,31,31,37,37,53,53],"current_hp_per_floor":[68,61,66,66,80,73,63,63,73,63,63,52,47,34,34,30,75,68,32,32,32,11,15,20,10,10,1,25,25,25,25,52,52,81,81,81,81,81,85,89,90,90,90,90,90,90,90,97,97,97,97,97,97,97,97],"gold":104,"neow_bonus":"BOSS_RELIC","is_daily":false,"chose_seed":false,"campfire_upgraded":2,"win_rate":0.0,"timestamp":1608461115,"path_taken":["M","?","?","M","?","E","?","?","T","E","M","?","M","E","R","BOSS","M","?","?","?","M","E","?","?","T","M","E","?","?","$","R","BOSS","M","?","$","?","?","E","E","E","T","R","?","E","M","E","R","BOSS","R","$","E","BOSS"],"items_purchased_type":["Relic","Relic","Relic","Relic","Relic","Relic","Relic","Relic"],"build_version":"2020-12-13","purchased_purges":0,"victory":true,"max_hp_per_floor":[75,75,80,80,80,80,80,80,90,90,90,90,90,90,90,90,90,90,90,90,90,90,90,90,90,90,90,90,90,90,90,90,90,90,90,90,90,90,90,90,90,90,90,90,90,90,90,97,97,97,97,97,97,97,97],"card_choices":[{"not_picked":["Catalyst","Prepared"],"picked":"Quick Slash","floor":1},{"not_picked":["Catalyst","Bane"],"picked":"Poisoned Stab","floor":4},{"not_picked":["Distraction","Slice"],"picked":"Deadly Poison","floor":6},{"not_picked":["Prepared","Noxious Fumes","Underhanded Strike"],"picked":"Tools of the Trade","floor":10},{"not_picked":["Cloak And Dagger","Flying Knee","Bouncing Flask"],"picked":"Acrobatics","floor":11},{"not_picked":["Underhanded Strike","Escape Plan","Prepared"],"picked":"Quick Slash","floor":13},{"not_picked":["Cloak And Dagger","Blade Dance","Deflect"],"picked":"Poisoned Stab","floor":14},{"not_picked":["Prepared","Heel Hook","Sucker Punch"],"picked":"Cloak And Dagger","floor":18},{"not_picked":["Underhanded Strike","Poisoned Stab","Masterful Stab"],"picked":"Bane+1","floor":20},{"not_picked":["Dagger Spray","Dagger Throw","Masterful Stab+1"],"picked":"Cloak And Dagger","floor":22},{"not_picked":["Reflex+1","Escape Plan+1","Choke+1","Prepared+1"],"picked":"SKIP","floor":23},{"not_picked":["Burst+1","Flying Knee","Cloak And Dagger+1"],"picked":"Poisoned Stab","floor":25},{"not_picked":["Distraction+1","Cloak And Dagger+1","Expertise+1","Flying Knee"],"picked":"SKIP","floor":27},{"not_picked":["Dagger Spray","Slice","Tools of the Trade","Underhanded Strike"],"picked":"SKIP","floor":28},{"not_picked":["Underhanded Strike","Finisher+1"],"picked":"SKIP","floor":35},{"not_picked":["Quick Slash+1","Deflect+1"],"picked":"SKIP","floor":39},{"not_picked":["Dagger Spray+1","Underhanded Strike"],"picked":"SKIP","floor":40},{"not_picked":["Distraction+1","Underhanded Strike+1"],"picked":"SKIP","floor":41},{"not_picked":["Slice+1","Envenom"],"picked":"SKIP","floor":42},{"not_picked":["Flying Knee+1","Slice"],"picked":"SKIP","floor":46},{"not_picked":["Outmaneuver+1","Poisoned Stab+1"],"picked":"SKIP","floor":47},{"not_picked":["Eviscerate+1","Dagger Throw"],"picked":"SKIP","floor":48},{"not_picked":["Blade Dance+1","Riddle With Holes+1"],"picked":"SKIP","floor":54}],"player_experience":174704,"relics_obtained":[{"floor":6,"key":"Question Card"},{"floor":7,"key":"Odd Mushroom"},{"floor":9,"key":"Pear"},{"floor":10,"key":"Ancient Tea Set"},{"floor":14,"key":"Oddly Smooth Stone"},{"floor":23,"key":"The Courier"},{"floor":23,"key":"Toxic Egg 2"},{"floor":26,"key":"InkBottle"},{"floor":28,"key":"Gremlin Horn"},{"floor":28,"key":"WingedGreaves"},{"floor":36,"key":"Bird Faced Urn"},{"floor":40,"key":"Incense Burner"},{"floor":40,"key":"Blood Vial"},{"floor":41,"key":"Thread and Needle"},{"floor":41,"key":"Potion Belt"},{"floor":42,"key":"Unceasing Top"},{"floor":42,"key":"Blue Candle"},{"floor":43,"key":"Pantograph"},{"floor":45,"key":"Toy Ornithopter"},{"floor":46,"key":"Pen Nib"},{"floor":46,"key":"Gambling Chip"},{"floor":48,"key":"Meat on the Bone"},{"floor":48,"key":"Strawberry"},{"floor":54,"key":"Centennial Puzzle"},{"floor":54,"key":"Kunai"}],"event_choices":[{"damage_healed":0,"gold_gain":0,"player_choice":"Success","damage_taken":7,"relics_obtained":["Lizard Tail"],"max_hp_gain":0,"max_hp_loss":0,"event_name":"Scrap Ooze","floor":2,"gold_loss":0},{"damage_healed":0,"gold_gain":0,"player_choice":"Donut","damage_taken":0,"max_hp_gain":5,"max_hp_loss":0,"event_name":"Big Fish","floor":3,"gold_loss":0},{"damage_healed":20,"gold_gain":0,"player_choice":"Healed","damage_taken":0,"max_hp_gain":0,"max_hp_loss":0,"event_name":"The Cleric","floor":5,"gold_loss":35},{"damage_healed":0,"gold_gain":0,"player_choice":"Fought Mushrooms","damage_taken":0,"max_hp_gain":0,"max_hp_loss":0,"event_name":"Mushrooms","floor":7,"gold_loss":0},{"damage_healed":0,"gold_gain":75,"player_choice":"Gather Gold","damage_taken":11,"max_hp_gain":0,"max_hp_loss":0,"event_name":"World of Goop","floor":12,"gold_loss":0},{"damage_healed":0,"gold_gain":360,"player_choice":"GOLD GOLD GOLD GOLD ","damage_taken":36,"max_hp_gain":0,"max_hp_loss":0,"event_name":"Knowing Skull","floor":19,"potions_obtained":[],"gold_loss":0,"cards_obtained":[]},{"damage_healed":0,"gold_gain":0,"player_choice":"Obtained Relic","damage_taken":0,"relics_obtained":["Art of War"],"max_hp_gain":0,"max_hp_loss":0,"event_name":"Addict","floor":21,"gold_loss":85},{"cards_removed":["Deadly Poison"],"damage_healed":5,"gold_gain":0,"player_choice":"Offered Common","damage_taken":0,"max_hp_gain":0,"max_hp_loss":0,"event_name":"Bonfire Elementals","floor":24,"gold_loss":0},{"cards_removed":["Deadly Poison"],"damage_healed":5,"gold_gain":0,"player_choice":"Offered Special","damage_taken":0,"max_hp_gain":0,"max_hp_loss":0,"event_name":"Bonfire Elementals","floor":24,"gold_loss":0},{"damage_healed":0,"gold_gain":0,"player_choice":"Fight","damage_taken":0,"max_hp_gain":0,"max_hp_loss":0,"event_name":"Colosseum","floor":29,"gold_loss":0},{"damage_healed":0,"gold_gain":0,"player_choice":"Fled From Nobs","damage_taken":0,"max_hp_gain":0,"max_hp_loss":0,"event_name":"Colosseum","floor":29,"gold_loss":0},{"damage_healed":0,"gold_gain":0,"player_choice":"Simplicity","damage_taken":0,"max_hp_gain":0,"max_hp_loss":0,"event_name":"Back to Basics","floor":30,"gold_loss":0,"cards_upgraded":[]},{"damage_healed":0,"gold_gain":0,"player_choice":"Fight","damage_taken":0,"max_hp_gain":0,"max_hp_loss":0,"event_name":"Mysterious Sphere","floor":36,"gold_loss":0},{"damage_healed":0,"gold_gain":0,"player_choice":"Bought 0 Potions","damage_taken":0,"max_hp_gain":0,"max_hp_loss":0,"event_name":"The Woman in Blue","floor":38,"gold_loss":0}],"is_beta":false,"boss_relics":[{"not_picked":["Sozu","HoveringKite"],"picked":"Black Star"},{"not_picked":["Philosopher\u0027s Stone","WristBlade"],"picked":"Busted Crown"}],"items_purged_floors":[],"is_endless":false,"potions_floor_spawned":[1,4,7,22,27,29,39,42,48],"ascension_level":11}}