{"host":"n4oa921u88t6jog9","time":1608430640,"event":{"mods":["AchievementEnabler","BaseMod","DeckTracker","Keyboard Shortcuts","Minty Spire (QoL Compilation)","Quick Restart","StSLib","SuperFastMode"],"gold_per_floor":[109,119,133,149,165,194,194,224,224,243,243,270,201,233,233,233,233],"floor_reached":16,"playtime":669,"items_purged":["Strike_R"],"score":292,"play_id":"920ce815-56b6-45f0-b2c2-135b3c0b1f47","local_time":"20201220111720","is_ascension_mode":true,"campfire_choices":[{"data":"Bash","floor":7,"key":"SMITH"},{"data":"Hemokinesis","floor":11,"key":"SMITH"},{"data":"1","floor":15,"key":"LIFT"}],"circlet_count":0,"master_deck":["AscendersBane","Strike_R","Strike_R","Strike_R","Defend_R","Defend_R","Defend_R","Defend_R","Bash+1","Feed","Wild Strike","Reckless Charge","Shockwave","Dropkick","Ghostly Armor","Dropkick","Hemokinesis+1","Shrug It Off"],"relics":["Burning Blood","Smiling Mask","The Courier","Pantograph","Girya","Meat on the Bone"],"acts_visited":["Exordium"],"potions_floor_usage":[8,12,14,16],"damage_taken":[{"damage":5,"enemies":"Small Slimes","floor":1,"turns":4},{"damage":23,"enemies":"Jaw Worm","floor":2,"turns":4},{"damage":7,"enemies":"2 Louse","floor":3,"turns":3},{"damage":19,"enemies":"Large Slime","floor":4,"turns":8},{"damage":16,"enemies":"Blue Slaver","floor":5,"turns":6},{"damage":13,"enemies":"Gremlin Nob","floor":6,"turns":4},{"damage":17,"enemies":"Lagavulin","floor":8,"turns":6},{"damage":6,"enemies":"Red Slaver","floor":10,"turns":6},{"damage":2,"enemies":"Gremlin Nob","floor":12,"turns":2},{"damage":22,"enemies":"Lagavulin","floor":14,"turns":6},{"damage":50,"enemies":"Hexaghost","floor":16,"turns":10}],"seed_played":"-7423274586375149725","potions_obtained":[{"floor":3,"key":"LiquidMemories"},{"floor":6,"key":"Fire Potion"},{"floor":12,"key":"LiquidMemories"},{"floor":14,"key":"SkillPotion"}],"is_trial":false,"path_per_floor":["M","M","M","M","M","E","R","E","T","M","R","E","$","E","R","B"],"character_chosen":"IRONCLAD","items_purchased":["Shrug It Off"],"campfire_rested":0,"item_purchase_floors":[13],"current_hp_per_floor":[72,58,60,50,43,39,39,31,31,31,31,35,35,22,22,0,0],"gold":233,"neow_bonus":"TRANSFORM_CARD","is_daily":false,"chose_seed":false,"campfire_upgraded":2,"win_rate":0.0,"timestamp":1608430640,"path_taken":["M","M","M","M","M","E","R","E","T","M","R","E","$","E","R","BOSS"],"items_purchased_type":["Card"],"build_version":"2020-12-13","purchased_purges":1,"victory":false,"max_hp_per_floor":[78,81,84,87,90,93,93,96,96,96,96,96,96,99,99,99,99],"card_choices":[{"not_picked":["Power Through","Entrench"],"picked":"Wild Strike","floor":1},{"not_picked":["Cleave","True Grit"],"picked":"Reckless Charge","floor":2},{"not_picked":["Pummel","Feel No Pain"],"picked":"Shockwave","floor":3},{"not_picked":["Anger","Seeing Red"],"picked":"Dropkick","floor":4},{"not_picked":["Pummel","Seeing Red"],"picked":"Ghostly Armor","floor":5},{"not_picked":["Spot Weakness","Brutality","Demon Form"],"picked":"SKIP","floor":6},{"not_picked":["Shockwave","Wild Strike"],"picked":"Dropkick","floor":8},{"not_picked":["Bloodletting","Cleave"],"picked":"Hemokinesis","floor":10},{"not_picked":["Warcry","Perfected Strike","Entrench"],"picked":"SKIP","floor":12},{"not_picked":["Combust","Cleave","Sword Boomerang"],"picked":"SKIP","floor":14}],"player_experience":351820,"relics_obtained":[{"floor":6,"key":"Smiling Mask"},{"floor":8,"key":"The Courier"},{"floor":9,"key":"Pantograph"},{"floor":12,"key":"Girya"},{"floor":14,"key":"Meat on the Bone"}],"event_choices":[],"is_beta":false,"boss_relics":[],"items_purged_floors":[13],"is_endless":false,"potions_floor_spawned":[3,6,12,14],"killed_by":"Hexaghost","ascension_level":14}}