{"host":"4qkvkh7pd9qr2mca","time":1608425135,"event":{"mods":["AchievementEnabler","BaseMod","Colored Map","Colored Powertips","Highlight Path","Minty Spire (QoL Compilation)","Permanent Neow","Quick Restart","StSLib","SuperFastMode"],"gold_per_floor":[10,24,35,46,321,321,78,107,178,178,208,228,262,297,297,368,368,383,196,213,34,48,48,77,77,123,123,153,153,153,181,181,254,254,273,12,28,43,43,43,43,75,75,1,1,33,33,33,33],"floor_reached":48,"playtime":1523,"items_purged":["Regret","Strike_R"],"score":1269,"play_id":"d389818a-549e-47ae-932b-6f86c22c8f77","local_time":"20201220014535","is_ascension_mode":true,"campfire_choices":[{"data":"Hemokinesis","floor":6.0,"key":"SMITH"},{"data":"Bash","floor":10.0,"key":"SMITH"},{"data":"Inflame","floor":15.0,"key":"SMITH"},{"floor":23.0,"key":"REST"},{"floor":25,"key":"REST"},{"floor":27,"key":"REST"},{"floor":30,"key":"REST"},{"floor":32,"key":"RECALL"},{"floor":40,"key":"REST"},{"floor":45,"key":"REST"}],"circlet_count":0,"master_deck":["AscendersBane","Defend_R","Defend_R","Defend_R","Defend_R","Bash+1","Wild Strike","Anger+1","Shockwave","Hemokinesis+1","Offering","Power Through+1","Evolve+1","Pummel","Inflame+1","Fiend Fire","Entrench+1","Fire Breathing","Armaments+1","Apotheosis+1","Reaper","Warcry+1","Bite","Bite+1","Bite","Bite","Offering+1","Corruption","Shrug It Off+1","Feed","Body Slam+1","Shrug It Off+1","Shrug It Off+1","Reckless Charge","Fire Breathing"],"relics":["Burning Blood","WingedGreaves","Happy Flower","Ice Cream","Toxic Egg 2","Red Skull","Strawberry","Ancient Tea Set","Fusion Hammer","Turnip","Juzu Bracelet","Lantern","Gambling Chip","Mark of Pain","Toy Ornithopter","Whetstone","Shuriken","Art of War"],"acts_visited":["Exordium","TheCity","TheBeyond"],"potions_floor_usage":[24,42,42,48],"damage_taken":[{"damage":7.0,"enemies":"2 Louse","floor":1.0,"turns":4.0},{"damage":1.0,"enemies":"Cultist","floor":2.0,"turns":3.0},{"damage":14.0,"enemies":"Jaw Worm","floor":3.0,"turns":4.0},{"damage":11.0,"enemies":"Large Slime","floor":4.0,"turns":5.0},{"damage":21.0,"enemies":"Gremlin Nob","floor":8.0,"turns":4.0},{"damage":20.0,"enemies":"3 Sentries","floor":11.0,"turns":6.0},{"damage":12.0,"enemies":"Red Slaver","floor":12.0,"turns":2.0},{"damage":10.0,"enemies":"Gremlin Nob","floor":13.0,"turns":3.0},{"damage":2.0,"enemies":"Lagavulin","floor":14.0,"turns":4.0},{"damage":29.0,"enemies":"Slime Boss","floor":16.0,"turns":6.0},{"damage":18.0,"enemies":"2 Thieves","floor":18.0,"turns":3.0},{"damage":32.0,"enemies":"Shell Parasite","floor":20.0,"turns":5.0},{"damage":14.0,"enemies":"Snake Plant","floor":22.0,"turns":3.0},{"damage":40,"enemies":"Book of Stabbing","floor":24,"turns":6},{"damage":20,"enemies":"Slavers","floor":28,"turns":5},{"damage":21,"enemies":"Book of Stabbing","floor":31,"turns":4},{"damage":77,"enemies":"Automaton","floor":33,"turns":8},{"damage":24,"enemies":"3 Shapes","floor":35,"turns":3},{"damage":29,"enemies":"Orb Walker","floor":37,"turns":4},{"damage":37,"enemies":"Writhing Mass","floor":38,"turns":5},{"damage":22,"enemies":"Reptomancer","floor":42,"turns":6},{"damage":72,"enemies":"Giant Head","floor":46,"turns":6},{"damage":53,"enemies":"Reptomancer","floor":48,"turns":3}],"seed_played":"-8387323182534827942","potions_obtained":[{"floor":3.0,"key":"Block Potion"},{"floor":4.0,"key":"SteroidPotion"},{"floor":12.0,"key":"BloodPotion"},{"floor":14.0,"key":"BloodPotion"},{"floor":16.0,"key":"HeartOfIron"},{"floor":20.0,"key":"Explosive Potion"},{"floor":24,"key":"Explosive Potion"},{"floor":42,"key":"DuplicationPotion"}],"is_trial":false,"path_per_floor":["M","M","M","M","?","R","$","E","T","R","E","M","E","E","R","B",null,"M","$","M","$","M","R","E","R","T","R","E","?","R","E","R","B",null,"M","$","M","M","?","R","?","E","T","$","R","E","$","E"],"character_chosen":"IRONCLAD","items_purchased":["Happy Flower","Fire Breathing","Apotheosis+1","Feed","Toy Ornithopter","Reckless Charge"],"campfire_rested":6,"item_purchase_floors":[7,19,21,36,36,44],"current_hp_per_floor":[67,72,64,59,59,59,59,44,44,44,30,24,27,31,31,24,68,56,56,46,46,38,62,28,52,52,76,80,57,57,50,50,25,49,37,37,33,18,18,35,35,57,57,57,57,30,30,0,0],"gold":33,"neow_bonus":"ONE_RARE_RELIC","is_daily":false,"chose_seed":false,"campfire_upgraded":3,"win_rate":0.0,"timestamp":1608425135,"path_taken":["M","M","M","M","?","R","$","E","T","R","E","M","E","E","R","BOSS","M","$","M","$","?","R","E","R","T","R","E","?","R","E","R","BOSS","M","$","M","M","?","R","?","E","T","$","R","E","$","E"],"items_purchased_type":["Relic","Card","Card","Card","Relic","Card"],"build_version":"2020-12-13","purchased_purges":2,"victory":false,"max_hp_per_floor":[75,75,75,75,75,75,75,75,75,75,75,75,82,82,82,82,82,82,82,82,82,82,82,82,82,82,82,82,57,57,57,57,57,57,57,57,57,57,57,57,57,57,57,57,57,57,57,57,57],"card_choices":[{"not_picked":["Flex","Perfected Strike"],"picked":"Wild Strike","floor":1.0},{"not_picked":["Body Slam","Seeing Red"],"picked":"Anger","floor":2.0},{"not_picked":["Thunderclap","Infernal Blade"],"picked":"Shockwave","floor":3.0},{"not_picked":["Pommel Strike","Entrench"],"picked":"Hemokinesis","floor":4.0},{"not_picked":["Flex","Dropkick"],"picked":"Offering","floor":8.0},{"not_picked":["Flame Barrier+1","Sword Boomerang"],"picked":"Power Through+1","floor":11.0},{"not_picked":["Wild Strike","Shrug It Off+1"],"picked":"Evolve","floor":12.0},{"not_picked":["Pommel Strike","Flex+1"],"picked":"Pummel","floor":13.0},{"not_picked":["Clash","Juggernaut"],"picked":"Inflame","floor":14.0},{"not_picked":["Bludgeon","Double Tap+1"],"picked":"Fiend Fire","floor":16.0},{"not_picked":["Combust","Clash"],"picked":"Entrench+1","floor":18.0},{"not_picked":["Cleave+1","Warcry+1"],"picked":"Armaments+1","floor":20.0},{"not_picked":["Headbutt","Warcry+1","Pommel Strike"],"picked":"SKIP","floor":22.0},{"not_picked":["Anger","Evolve"],"picked":"Reaper","floor":24},{"not_picked":["Thunderclap","Sword Boomerang"],"picked":"Warcry+1","floor":28},{"not_picked":["Perfected Strike","Anger"],"picked":"Offering+1","floor":31},{"not_picked":["Berserk","Feed"],"picked":"Corruption","floor":33},{"not_picked":["Iron Wave","Blood for Blood"],"picked":"Shrug It Off+1","floor":35},{"not_picked":["Headbutt","Armaments+1"],"picked":"Body Slam+1","floor":37},{"not_picked":["Pommel Strike+1","Perfected Strike+1"],"picked":"Shrug It Off+1","floor":38},{"not_picked":["Sword Boomerang","Pummel+1"],"picked":"Shrug It Off+1","floor":42},{"not_picked":["Fiend Fire","Shrug It Off+1"],"picked":"Fire Breathing","floor":46}],"player_experience":465490,"relics_obtained":[{"floor":8.0,"key":"Ice Cream"},{"floor":9.0,"key":"Toxic Egg 2"},{"floor":11.0,"key":"Red Skull"},{"floor":13.0,"key":"Strawberry"},{"floor":14.0,"key":"Ancient Tea Set"},{"floor":24,"key":"Turnip"},{"floor":26,"key":"Juzu Bracelet"},{"floor":28,"key":"Lantern"},{"floor":31,"key":"Gambling Chip"},{"floor":42,"key":"Whetstone"},{"floor":43,"key":"Shuriken"},{"floor":46,"key":"Art of War"}],"event_choices":[{"damage_healed":0.0,"max_hp_gain":0.0,"max_hp_loss":0.0,"gold_gain":275.0,"event_name":"Golden Shrine","player_choice":"Desecrate","floor":5.0,"gold_loss":0.0,"damage_taken":0.0,"cards_obtained":["Regret"]},{"damage_healed":0,"gold_gain":0,"player_choice":"Became a vampire","damage_taken":0,"max_hp_gain":0,"max_hp_loss":25,"event_name":"Vampires","floor":29,"gold_loss":0,"cards_obtained":["Bite","Bite","Bite","Bite","Bite"]},{"cards_removed":["Bite"],"damage_healed":0,"gold_gain":0,"player_choice":"Removed Attack","damage_taken":0,"max_hp_gain":0,"max_hp_loss":0,"event_name":"Falling","floor":39,"gold_loss":0},{"damage_healed":0,"gold_gain":0,"player_choice":"Forge","damage_taken":0,"max_hp_gain":0,"max_hp_loss":0,"event_name":"Accursed Blacksmith","floor":41,"gold_loss":0,"cards_upgraded":["Evolve"]}],"is_beta":false,"boss_relics":[{"not_picked":["Empty Cage","Velvet Choker"],"picked":"Fusion Hammer"},{"not_picked":["Snecko Eye","Philosopher\u0027s Stone"],"picked":"Mark of Pain"}],"items_purged_floors":[7,19],"is_endless":false,"potions_floor_spawned":[3,4,12,14,16,18,20,24,31,33,38,42],"killed_by":"Reptomancer","ascension_level":20}}