{"host":"zdznbz1vk7bo8bwe","time":1608448836,"event":{"mods":["Act Like it!","Aspiration","BaseMod","Better-Laid Plans","Block Reminder","Conspire","Custom Start","Defuse TimeMaze Blight","Ekko","Elementarium","Energized Spire","Gensokyo","Hubris","Infinite Spire","Jedi Mod","Jorbs\u0027s Wanderer Trilogy","Lobotomy","Menagerie","Minty Spire (QoL Compilation)","Rare Cards Sparkle","Replay The Spire","StSLib","The Animator","The Bug Knight","The Cursed","The Factory","The Jungle","The Vixen","Transform Curses","vexMod"],"gold_per_floor":[118,137,137,156,169,169,187,187,187,187,44,61,79,2,2,107,107,117,117,131,146,146,146,146,146,146,157,171,204,215,248,248,343,443,463,463,463,500,500,531,551,357,357,357,105,122,122,148,148,148],"floor_reached":51,"playtime":3718,"items_purged":["ekkoTheBoyWhoShatteredTime:DuplicateTimelines","ekkoTheBoyWhoShatteredTime:DuplicateTimelines","Distraction","Endless Agony"],"score":912,"play_id":"723ef0a1-b39e-422f-aa0c-087405ca67c3","local_time":"20201219232036","daily_mods":["SealedDeck","Heirloom","Lethality"],"is_ascension_mode":false,"campfire_choices":[{"data":"ekkoTheBoyWhoShatteredTime:PhaseDive","floor":6.0,"key":"SMITH"},{"data":"ekkoTheBoyWhoShatteredTime:HailOfBlades","floor":8.0,"key":"SMITH"},{"data":"ekkoTheBoyWhoShatteredTime:TimeRecall","floor":10.0,"key":"SMITH"},{"data":"ekkoTheBoyWhoShatteredTime:Knowledge","floor":15.0,"key":"SMITH"},{"data":"infinitespire:Collect","floor":23.0,"key":"SMITH"},{"data":"ekkoTheBoyWhoShatteredTime:Dash","floor":25.0,"key":"SMITH"},{"data":"ekkoTheBoyWhoShatteredTime:MicCheck","floor":32.0,"key":"SMITH"},{"data":"ekkoTheBoyWhoShatteredTime:HauntingGuise","floor":44,"key":"SMITH"},{"data":"ekkoTheBoyWhoShatteredTime:HailOfBlades+1","floor":49,"key":"SMITH"}],"circlet_count":0,"master_deck":["ekkoTheBoyWhoShatteredTime:Dash+1","ekkoTheBoyWhoShatteredTime:Knowledge+1","ekkoTheBoyWhoShatteredTime:CommittedStrike","ekkoTheBoyWhoShatteredTime:TimeRecall+1","ekkoTheBoyWhoShatteredTime:PhaseDive+1","ekkoTheBoyWhoShatteredTime:TimeRecall","ekkoTheBoyWhoShatteredTime:HailOfBlades+2","ekkoTheBoyWhoShatteredTime:TimeRecall+1","ekkoTheBoyWhoShatteredTime:HauntingGuise+1","ekkoTheBoyWhoShatteredTime:TimeRecall","ekkoTheBoyWhoShatteredTime:Acceleration","infinitespire:Collect+1","ekkoTheBoyWhoShatteredTime:TimeRecall","ekkoTheBoyWhoShatteredTime:MicCheck+1","ekkoTheBoyWhoShatteredTime:TimeRecall+2","Backstab","ekkoTheBoyWhoShatteredTime:TimeRecall","ekkoTheBoyWhoShatteredTime:HextechProtobelt+1","ekkoTheBoyWhoShatteredTime:TimeRecall","ekkoTheBoyWhoShatteredTime:TimeRecall+1","infinitespire:SealOfDarkness+","ekkoTheBoyWhoShatteredTime:Knowledge+1"],"relics":["ekkoTheBoyWhoShatteredTime:zDriveResonance","replay:Trail_Library","aspiration:AnachronicSnailShell","Tiny Chest","Membership Card","Sling","Black Star","Cauldron","Lantern","Blood Vial","infinitespire:Beetle Shell","Juzu Bracelet","hubris:Potato","Replay:Baseball","Prayer Wheel","Elementarium:ElementariumTrophy","Replay:Wanted Poster","Simple Rune","MealTicket","jedi:Pinwheel","Molten Egg 2","infinitespire:Lucky Rock","conspire:InfiniteJournal","War Paint","BargainBundle","hubris:SlimyHat","Akabeko","HornCleat","Dream Catcher"],"acts_visited":["Menagerie:Menagerie","Elementarium:Elementarium","TheBeyond"],"potions_floor_usage":[50],"damage_taken":[{"damage":4.0,"enemies":"Menagerie:WhisperingWraith","floor":1.0,"turns":2.0},{"damage":2.0,"enemies":"Menagerie:StygianBoar","floor":2.0,"turns":2.0},{"damage":2.0,"enemies":"Menagerie:MonstrousExperiment","floor":4.0,"turns":2.0},{"damage":0.0,"enemies":"Menagerie:Hexasnake","floor":5.0,"turns":2.0},{"damage":0.0,"enemies":"Menagerie:STYGIAN_BOAR_AND_WHISPERING_WRAITH","floor":7.0,"turns":2.0},{"damage":0.0,"enemies":"Menagerie:KEEPER_AND_YOUNG_SUNEATER","floor":12.0,"turns":2.0},{"damage":0.0,"enemies":"Menagerie:BEAST_MAGE_AND_PROWLING_AMALGAM","floor":13.0,"turns":1.0},{"damage":22.0,"enemies":"Menagerie:Suneater","floor":16.0,"turns":3.0},{"damage":0.0,"enemies":"Elementarium:VoidCorruption","floor":18.0,"turns":1.0},{"damage":0.0,"enemies":"Elementarium:2_ELEMENTALS","floor":20.0,"turns":1.0},{"damage":0.0,"enemies":"Elementarium:RubyGolem","floor":21.0,"turns":1.0},{"damage":2.0,"enemies":"Elementarium:VoidBeast","floor":27.0,"turns":1.0},{"damage":0.0,"enemies":"Elementarium:STONE_GOLEMS","floor":28.0,"turns":1.0},{"damage":0.0,"enemies":"Elementarium:WarGolem","floor":29.0,"turns":1.0},{"damage":0.0,"enemies":"Elementarium:RubyGolem","floor":30.0,"turns":1.0},{"damage":8.0,"enemies":"Elementarium:ElementalPortal","floor":31.0,"turns":4.0},{"damage":27.0,"enemies":"Elementarium:GoldenDragon","floor":33.0,"turns":6.0},{"damage":0.0,"enemies":"3 Shapes","floor":35.0,"turns":1.0},{"damage":0,"enemies":"conspire:MimicChest","floor":38,"turns":2},{"damage":0,"enemies":"Giant Head","floor":40,"turns":2},{"damage":0,"enemies":"Orb Walker","floor":41,"turns":1},{"damage":2,"enemies":"Sphere and 2 Shapes","floor":46,"turns":2},{"damage":0,"enemies":"Nightmare","floor":48,"turns":1},{"damage":55,"enemies":"Awakened One","floor":50,"turns":8}],"seed_played":"4405738278328354831","potions_obtained":[{"floor":4.0,"key":"BlessingOfTheForge"},{"floor":7.0,"key":"LiquidMemories"},{"floor":18.0,"key":"Energy Potion"},{"floor":19.0,"key":"Flashbang"},{"floor":19.0,"key":"FairyPotion"}],"is_trial":true,"path_per_floor":["M","M","$","M","M","R","M","R","T","R","$","M","M","$","R","B",null,"M","AVR","M","M","?","R","T","R","T","M","M","E","M","E","R","B",null,"M","AVR","?","?","T","E","M","$","T","R","$","M","?","NM","R","B",null],"character_chosen":"EKKO_THE_BOY_WHO_SHATTERED_TIME","items_purchased":["Membership Card","Sling","conspire:InfiniteJournal","BargainBundle","hubris:SlimyHat","Akabeko"],"campfire_rested":0,"item_purchase_floors":[11,14,42,45,45,45],"current_hp_per_floor":[74,72,72,70,70,70,70,70,70,70,70,70,70,70,70,48,78,78,78,78,78,63,63,63,63,63,63,65,67,69,63,63,38,78,78,78,78,78,78,78,78,78,78,78,78,76,76,78,78,23],"gold":148,"neow_bonus":"","is_daily":false,"chose_seed":false,"campfire_upgraded":9,"win_rate":0.0,"timestamp":1608448836,"path_taken":["M","M","$","?","M","R","M","R","T","R","?","?","M","$","R","BOSS","M","AVR","M","M","?","R","?","R","T","?","M","E","M","E","R","BOSS","M","AVR","?","?","?","E","M","$","T","R","?","M","?","NM","R","BOSS"],"items_purchased_type":["Relic","Relic","Relic","Relic","Relic","Relic"],"build_version":"2020-12-13","purchased_purges":4,"victory":true,"max_hp_per_floor":[78,78,78,78,78,78,78,78,78,78,78,78,78,78,78,78,78,78,78,78,78,78,78,78,78,78,78,78,78,78,78,78,78,78,78,78,78,78,78,78,78,78,78,78,78,78,78,78,78,78],"card_choices":[{"not_picked":["ekkoTheBoyWhoShatteredTime:Dash","ekkoTheBoyWhoShatteredTime:IcebornGauntlet","ekkoTheBoyWhoShatteredTime:AfterimageHit"],"picked":"SKIP","floor":1.0},{"not_picked":["ekkoTheBoyWhoShatteredTime:FeelIt","ekkoTheBoyWhoShatteredTime:Acceleration"],"picked":"ekkoTheBoyWhoShatteredTime:DuplicateTimelines","floor":2.0},{"not_picked":["ekkoTheBoyWhoShatteredTime:Overflow","ekkoTheBoyWhoShatteredTime:AfterimageBait"],"picked":"ekkoTheBoyWhoShatteredTime:HailOfBlades","floor":4.0},{"not_picked":["ekkoTheBoyWhoShatteredTime:Vibin","ekkoTheBoyWhoShatteredTime:AfterimageBait","ekkoTheBoyWhoShatteredTime:HauntedAfterimage"],"picked":"SKIP","floor":5.0},{"not_picked":["ekkoTheBoyWhoShatteredTime:ParallelConvergence","ekkoTheBoyWhoShatteredTime:WideSlice"],"picked":"ekkoTheBoyWhoShatteredTime:TimeRecall","floor":7.0},{"not_picked":["ekkoTheBoyWhoShatteredTime:Backtrack","ekkoTheBoyWhoShatteredTime:BansheesVeil","ekkoTheBoyWhoShatteredTime:ParallelConvergence"],"picked":"SKIP","floor":12.0},{"not_picked":["ekkoTheBoyWhoShatteredTime:ComeAtMe","ekkoTheBoyWhoShatteredTime:PhaseDive"],"picked":"ekkoTheBoyWhoShatteredTime:TimeRecall","floor":13.0},{"not_picked":["ekkoTheBoyWhoShatteredTime:QuickBreak+1","ekkoTheBoyWhoShatteredTime:Dash"],"picked":"ekkoTheBoyWhoShatteredTime:Acceleration","floor":18.0},{"not_picked":["ekkoTheBoyWhoShatteredTime:ItemsAfterimage","ekkoTheBoyWhoShatteredTime:PlayTheBeat","ekkoTheBoyWhoShatteredTime:QuickBreak"],"picked":"SKIP","floor":20.0},{"not_picked":["ekkoTheBoyWhoShatteredTime:PhaseDive","ekkoTheBoyWhoShatteredTime:VelocityConsuming+1","ekkoTheBoyWhoShatteredTime:QuickBreak"],"picked":"SKIP","floor":21.0},{"not_picked":["ekkoTheBoyWhoShatteredTime:Vibin","ekkoTheBoyWhoShatteredTime:AfterimageBait","ekkoTheBoyWhoShatteredTime:SpHit"],"picked":"SKIP","floor":27.0},{"not_picked":["ekkoTheBoyWhoShatteredTime:WideSlice","ekkoTheBoyWhoShatteredTime:Backtrack"],"picked":"ekkoTheBoyWhoShatteredTime:MicCheck","floor":28.0},{"not_picked":["ekkoTheBoyWhoShatteredTime:ZhonyasHourglass","ekkoTheBoyWhoShatteredTime:ItemsAfterimage","ekkoTheBoyWhoShatteredTime:AfterimageTease"],"picked":"SKIP","floor":29.0},{"not_picked":["ekkoTheBoyWhoShatteredTime:LevelUp","ekkoTheBoyWhoShatteredTime:LoadUp+1","ekkoTheBoyWhoShatteredTime:WideSlice"],"picked":"SKIP","floor":30.0},{"not_picked":["ekkoTheBoyWhoShatteredTime:ZhonyasHourglass","ekkoTheBoyWhoShatteredTime:SneakHit+1","ekkoTheBoyWhoShatteredTime:Dash"],"picked":"SKIP","floor":31.0},{"not_picked":["ekkoTheBoyWhoShatteredTime:Dash+1","ekkoTheBoyWhoShatteredTime:Acceleration"],"picked":"ekkoTheBoyWhoShatteredTime:TimeRecall+1","floor":35.0},{"not_picked":["ekkoTheBoyWhoShatteredTime:NaggingBlow+1","ekkoTheBoyWhoShatteredTime:NeedlesslyLargeRod+1","ekkoTheBoyWhoShatteredTime:DefensiveStance"],"picked":"SKIP","floor":35.0},{"not_picked":["ekkoTheBoyWhoShatteredTime:Unleashed","ekkoTheBoyWhoShatteredTime:ComeAtMe+1"],"picked":"ekkoTheBoyWhoShatteredTime:TimeRecall","floor":38},{"not_picked":["ekkoTheBoyWhoShatteredTime:ParallelConvergence","ekkoTheBoyWhoShatteredTime:CommittedStrike+2","ekkoTheBoyWhoShatteredTime:IceBreak+1"],"picked":"SKIP","floor":40},{"not_picked":["ekkoTheBoyWhoShatteredTime:PhaseDive","ekkoTheBoyWhoShatteredTime:HauntingGuise"],"picked":"ekkoTheBoyWhoShatteredTime:HextechProtobelt+1","floor":41},{"not_picked":["ekkoTheBoyWhoShatteredTime:NaggingBlow+1","ekkoTheBoyWhoShatteredTime:Periocharge","ekkoTheBoyWhoShatteredTime:Confident+1"],"picked":"SKIP","floor":41},{"not_picked":["ekkoTheBoyWhoShatteredTime:FluidEnergy+1","ekkoTheBoyWhoShatteredTime:MicCheck"],"picked":"ekkoTheBoyWhoShatteredTime:TimeRecall+1","floor":46},{"not_picked":["ekkoTheBoyWhoShatteredTime:Backtrack+1","ekkoTheBoyWhoShatteredTime:AfterimageHit+1","ekkoTheBoyWhoShatteredTime:SpHit+1"],"picked":"SKIP","floor":46},{"not_picked":["ReplayTheSpireMod:Chaos Vortex","infinitespire:Fortify"],"picked":"infinitespire:SealOfDarkness+","floor":48},{"not_picked":["ekkoTheBoyWhoShatteredTime:ParallelConvergence+1","ekkoTheBoyWhoShatteredTime:IceBreak+1"],"picked":"ekkoTheBoyWhoShatteredTime:Knowledge+1","floor":48}],"player_experience":13490,"relics_obtained":[{"floor":9.0,"key":"Tiny Chest"},{"floor":24.0,"key":"Blood Vial"},{"floor":26.0,"key":"infinitespire:Beetle Shell"},{"floor":29.0,"key":"Juzu Bracelet"},{"floor":29.0,"key":"hubris:Potato"},{"floor":31.0,"key":"Replay:Baseball"},{"floor":31.0,"key":"Prayer Wheel"},{"floor":38,"key":"MealTicket"},{"floor":39,"key":"jedi:Pinwheel"},{"floor":40,"key":"Molten Egg 2"},{"floor":40,"key":"infinitespire:Lucky Rock"},{"floor":43,"key":"War Paint"},{"floor":48,"key":"HornCleat"},{"floor":48,"key":"Dream Catcher"}],"event_choices":[{"damage_healed":0,"gold_gain":0,"player_choice":"Leave","damage_taken":0,"max_hp_gain":0,"max_hp_loss":0,"event_name":"conspire:Investor","floor":47,"gold_loss":0}],"is_beta":false,"boss_relics":[{"not_picked":["conspire:SlowCooker","energizedSpire:HugeHouse"],"picked":"Black Star"},{"not_picked":["hubris:HollowSoul","Snecko Eye"],"picked":"Replay:Wanted Poster"}],"items_purged_floors":[19,36,42,45],"is_endless":false,"potions_floor_spawned":[4,7,18,27,28,31,33,40,41],"ascension_level":0}}