{"host":"7gewg82ormp6yt4e","time":1608469199,"event":{"mods":["BaseMod","Block Reminder","Colored Map","Colored Powertips","DeckTracker","Highlight Path","Minty Spire (QoL Compilation)","Relic Stats","StSLib"],"gold_per_floor":[116,134,134,134,134,175,175,199,224,265,289,328,358,409,421,523,535,561,591,603,629,641,653,665,687,699,636,648,108,108,158,158,235,285,296,296,306,306,47,82,82,82,151,151,167,167,192,207,207,207,207,207,207,49,79,79],"floor_reached":57,"playtime":4842,"items_purged":["Skewer"],"score":2818,"play_id":"d4474039-8157-4dde-84a2-40843806f0a5","local_time":"20201220215959","is_ascension_mode":true,"campfire_choices":[{"data":"Footwork","floor":7.0,"key":"SMITH"},{"data":"Catalyst","floor":15.0,"key":"SMITH"},{"data":"Wraith Form v2","floor":23.0,"key":"SMITH"},{"data":"Footwork","floor":28.0,"key":"SMITH"},{"data":"Neutralize","floor":32.0,"key":"SMITH"},{"data":"Wraith Form v2","floor":41.0,"key":"SMITH"},{"data":"Wraith Form v2","floor":44.0,"key":"SMITH"},{"floor":46.0,"key":"RECALL"},{"data":"Leg Sweep","floor":49.0,"key":"SMITH"},{"data":"Backflip","floor":53.0,"key":"SMITH"}],"circlet_count":0,"master_deck":["AscendersBane","Neutralize","Escape Plan+1","Heel Hook","Endless Agony","Heel Hook","Footwork+1","Backstab","Backflip","Terror","Leg Sweep+1","Catalyst+1","Venomology","Wraith Form v2+1","Tools of the Trade+1","Burst+1","Blur+1","Backflip+1","Escape Plan","Crippling Poison+1","Adrenaline+1","Tactician+1","PiercingWail+1","PiercingWail+1","Prepared+1","Neutralize+1","Wraith Form v2+1","Tools of the Trade","Crippling Poison+1","Malaise+1","Forethought+1","Wraith Form v2+1","Deadly Poison+1","Catalyst+1"],"relics":["Pandora\u0027s Box","Eternal Feather","Bronze Scales","PreservedInsect","Juzu Bracelet","MawBank","Mango","Astrolabe","Toxic Egg 2","Nloth\u0027s Gift","TungstenRod","Orrery","Tiny House","Snake Skull","Anchor","OrangePellets","Shuriken"],"acts_visited":["Exordium","TheCity","TheBeyond","TheEnding"],"potions_floor_usage":[55,56,56],"damage_taken":[{"damage":0.0,"enemies":"Cultist","floor":1.0,"turns":2.0},{"damage":0.0,"enemies":"Jaw Worm","floor":2.0,"turns":1.0},{"damage":8.0,"enemies":"Lagavulin","floor":6.0,"turns":5.0},{"damage":0.0,"enemies":"Gremlin Nob","floor":10.0,"turns":2.0},{"damage":6.0,"enemies":"2 Louse","floor":11.0,"turns":2.0},{"damage":0.0,"enemies":"Lagavulin","floor":12.0,"turns":4.0},{"damage":0.0,"enemies":"Looter","floor":13.0,"turns":2.0},{"damage":12.0,"enemies":"3 Sentries","floor":14.0,"turns":5.0},{"damage":40.0,"enemies":"Hexaghost","floor":16.0,"turns":5.0},{"damage":19.0,"enemies":"Spheric Guardian","floor":18.0,"turns":8.0},{"damage":4.0,"enemies":"Chosen","floor":19.0,"turns":6.0},{"damage":7.0,"enemies":"Snake Plant","floor":21.0,"turns":5.0},{"damage":25.0,"enemies":"Snecko","floor":25.0,"turns":9.0},{"damage":15.0,"enemies":"Collector","floor":33.0,"turns":6.0},{"damage":5.0,"enemies":"3 Shapes","floor":35.0,"turns":7.0},{"damage":0.0,"enemies":"3 Darklings","floor":37.0,"turns":4.0},{"damage":4.0,"enemies":"Reptomancer","floor":40.0,"turns":4.0},{"damage":6.0,"enemies":"Spire Growth","floor":45.0,"turns":3.0},{"damage":22.0,"enemies":"Giant Head","floor":47.0,"turns":8.0},{"damage":0.0,"enemies":"Jaw Worm Horde","floor":48.0,"turns":6.0},{"damage":34.0,"enemies":"Awakened One","floor":50.0,"turns":14.0},{"damage":35.0,"enemies":"Donu and Deca","floor":51.0,"turns":8.0},{"damage":9,"enemies":"Shield and Spear","floor":55,"turns":9},{"damage":2,"enemies":"The Heart","floor":56,"turns":10}],"seed_played":"222379643814224655","potions_obtained":[{"floor":1.0,"key":"Swift Potion"},{"floor":10.0,"key":"Explosive Potion"},{"floor":12.0,"key":"SkillPotion"},{"floor":13.0,"key":"Poison Potion"},{"floor":18.0,"key":"EssenceOfSteel"},{"floor":25.0,"key":"ColorlessPotion"},{"floor":34.0,"key":"Energy Potion"},{"floor":37.0,"key":"BlessingOfTheForge"},{"floor":40.0,"key":"SteroidPotion"},{"floor":47.0,"key":"GamblersBrew"},{"floor":55,"key":"Fruit Juice"}],"is_trial":false,"path_per_floor":["M","M","?","?","?","E","R","T","T","E","M","E","M","E","R","B",null,"M","M","?","M","T","R","?","M","T","?","R","$","?","?","R","B",null,"M","?","M","?","$","E","R","?","T","R","M","R","E","M","R","B","B",null,"R","$","E","B",null],"character_chosen":"THE_SILENT","items_purchased":["TungstenRod","Orrery","Forethought+1","Wraith Form v2","OrangePellets"],"campfire_rested":0,"item_purchase_floors":[29,29,39,39,54],"current_hp_per_floor":[59,59,64,57,57,49,58,58,58,58,52,52,52,54,66,26,65,46,42,42,35,35,47,47,22,22,22,34,34,34,34,49,34,72,67,67,67,67,67,63,81,81,81,83,77,83,61,61,79,45,10,65,83,83,79,86],"gold":79,"neow_bonus":"BOSS_RELIC","is_daily":false,"chose_seed":false,"campfire_upgraded":9,"win_rate":0.0,"timestamp":1608469199,"path_taken":["M","M","?","?","?","E","R","?","T","E","M","E","M","E","R","BOSS","M","M","?","M","?","R","?","M","T","?","R","$","?","?","R","BOSS","M","?","M","?","$","E","R","?","T","R","M","R","E","M","R","BOSS","BOSS","R","$","E","BOSS"],"items_purchased_type":["Relic","Relic","Card","Card","Relic"],"build_version":"2020-12-13","purchased_purges":1,"victory":true,"max_hp_per_floor":[66,66,71,71,64,64,64,64,64,64,64,64,64,78,78,78,78,78,78,78,78,78,78,78,78,78,78,78,78,78,78,78,78,83,83,83,83,83,83,83,83,83,83,83,83,83,83,83,83,83,83,83,83,83,88,88],"relic_stats":{"counters":[24,135],"Astrolabe":["Tools of the Trade","Burst","Blur"],"Eternal Feather":122,"PreservedInsect":353,"Snake Skull":[58],"Juzu Bracelet":3,"MawBank":204,"OrangePellets":[7],"Shuriken":[1],"Bronze Scales":[487],"Pandora\u0027s Box":["A Thousand Cuts","Footwork","Riddle With Holes","Escape Plan","Skewer","Heel Hook","Poisoned Stab","Endless Agony","Grand Finale","Heel Hook"],"Nloth\u0027s Gift":2,"obtain_stats":[{"Tiny House":34,"Golden Idol":5,"Astrolabe":17,"Eternal Feather":6,"Mango":14,"PreservedInsect":9,"Snake Skull":40,"Juzu Bracelet":10,"MawBank":12,"OrangePellets":54,"Anchor":47,"Shuriken":55,"Bronze Scales":8,"Orrery":29,"Pandora\u0027s Box":0,"Nloth\u0027s Gift":24,"Toxic Egg 2":22,"TungstenRod":29,"Ring of the Snake":0},{"Tiny House":14,"Golden Idol":2,"Astrolabe":9,"Eternal Feather":3,"Mango":8,"PreservedInsect":3,"Snake Skull":17,"Juzu Bracelet":4,"MawBank":6,"OrangePellets":22,"Anchor":19,"Shuriken":23,"Bronze Scales":3,"Orrery":13,"Pandora\u0027s Box":0,"Nloth\u0027s Gift":12,"Toxic Egg 2":12,"TungstenRod":13,"Ring of the Snake":0},{"Tiny House":62,"Golden Idol":3,"Astrolabe":28,"Eternal Feather":8,"Mango":23,"PreservedInsect":8,"Snake Skull":77,"Juzu Bracelet":10,"MawBank":16,"OrangePellets":116,"Anchor":88,"Shuriken":125,"Bronze Scales":8,"Orrery":56,"Pandora\u0027s Box":0,"Nloth\u0027s Gift":47,"Toxic Egg 2":47,"TungstenRod":56,"Ring of the Snake":0}],"TungstenRod":85},"card_choices":[{"not_picked":["Setup","Deflect"],"picked":"Footwork","floor":1.0},{"not_picked":["All Out Attack","Sucker Punch"],"picked":"Backstab","floor":2.0},{"not_picked":["Sucker Punch","Cloak And Dagger"],"picked":"Backflip","floor":6.0},{"not_picked":["Prepared","Flechettes"],"picked":"Terror","floor":10.0},{"not_picked":["Slice","Dodge and Roll"],"picked":"Leg Sweep","floor":11.0},{"not_picked":["Quick Slash","Outmaneuver"],"picked":"PiercingWail","floor":12.0},{"not_picked":["Outmaneuver","Dagger Throw"],"picked":"Catalyst","floor":13.0},{"not_picked":["Distraction","PiercingWail"],"picked":"Venomology","floor":14.0},{"not_picked":["Unload","Phantasmal Killer"],"picked":"Wraith Form v2","floor":16.0},{"not_picked":["Deflect","Poisoned Stab"],"picked":"Backflip","floor":18.0},{"not_picked":["Deflect","Outmaneuver","Dodge and Roll"],"picked":"SKIP","floor":19.0},{"not_picked":["Dagger Spray","Dagger Throw","Backflip"],"picked":"SKIP","floor":21.0},{"not_picked":["Outmaneuver+1","Blur+1"],"picked":"Crippling Poison+1","floor":25.0},{"not_picked":["Deadly Poison+1","Outmaneuver+1"],"picked":"Adrenaline+1","floor":29.0},{"not_picked":["Underhanded Strike","Blade Dance+1"],"picked":"Tactician+1","floor":29.0},{"not_picked":["Dodge and Roll+1","Cloak And Dagger+1"],"picked":"PiercingWail+1","floor":29.0},{"not_picked":["Eviscerate","Dodge and Roll+1"],"picked":"PiercingWail+1","floor":29.0},{"not_picked":["Skewer+1","Dodge and Roll+1"],"picked":"Prepared+1","floor":29.0},{"not_picked":["Unload","Bullet Time+1"],"picked":"Wraith Form v2","floor":33.0},{"not_picked":["Cloak And Dagger+1","Concentrate+1"],"picked":"Tools of the Trade","floor":34.0},{"not_picked":["Deadly Poison+1","Bane"],"picked":"Crippling Poison+1","floor":35.0},{"not_picked":["Skewer","Dodge and Roll+1","Backflip+1"],"picked":"SKIP","floor":37.0},{"not_picked":["Poisoned Stab+1","Unload","Riddle With Holes"],"picked":"SKIP","floor":40.0},{"not_picked":["Dagger Throw","Sucker Punch"],"picked":"Deadly Poison+1","floor":45.0},{"not_picked":["Deadly Poison+1","Accuracy","Caltrops"],"picked":"SKIP","floor":47.0},{"not_picked":["Underhanded Strike+1","Quick Slash"],"picked":"Catalyst+1","floor":48.0},{"not_picked":["Noxious Fumes+1","Skewer","Deadly Poison+1"],"picked":"SKIP","floor":55}],"player_experience":2407945,"relics_obtained":[{"floor":6.0,"key":"Eternal Feather"},{"floor":8.0,"key":"Bronze Scales"},{"floor":9.0,"key":"PreservedInsect"},{"floor":10.0,"key":"Juzu Bracelet"},{"floor":12.0,"key":"MawBank"},{"floor":14.0,"key":"Mango"},{"floor":22.0,"key":"Toxic Egg 2"},{"floor":40.0,"key":"Snake Skull"},{"floor":47.0,"key":"Anchor"},{"floor":55,"key":"Shuriken"}],"event_choices":[{"damage_healed":0.0,"max_hp_gain":5.0,"max_hp_loss":0.0,"gold_gain":0.0,"event_name":"Big Fish","player_choice":"Donut","floor":3.0,"gold_loss":0.0,"damage_taken":0.0},{"cards_removed":["Riddle With Holes"],"damage_healed":0.0,"max_hp_gain":0.0,"max_hp_loss":0.0,"gold_gain":0.0,"event_name":"Golden Wing","player_choice":"Card Removal","floor":4.0,"gold_loss":0.0,"damage_taken":7.0},{"damage_healed":0.0,"max_hp_gain":0.0,"max_hp_loss":7.0,"gold_gain":0.0,"event_name":"Golden Idol","player_choice":"Lose Max HP","floor":5.0,"gold_loss":0.0,"damage_taken":0.0,"relics_obtained":["Golden Idol"]},{"damage_healed":0.0,"max_hp_gain":0.0,"max_hp_loss":0.0,"gold_gain":0.0,"event_name":"The Library","player_choice":"Read","floor":20.0,"gold_loss":0.0,"damage_taken":0.0,"cards_obtained":["Escape Plan"]},{"damage_healed":0.0,"max_hp_gain":0.0,"max_hp_loss":0.0,"gold_gain":0.0,"event_name":"N\u0027loth","player_choice":"Traded Relic","floor":24.0,"relics_lost":["Golden Idol"],"gold_loss":0.0,"damage_taken":0.0,"relics_obtained":["Nloth\u0027s Gift"]},{"cards_removed":["Poisoned Stab"],"damage_healed":0.0,"max_hp_gain":0.0,"max_hp_loss":0.0,"gold_gain":0.0,"event_name":"Beggar","player_choice":"Gave Gold","floor":27.0,"gold_loss":75.0,"damage_taken":0.0},{"damage_healed":0.0,"max_hp_gain":0.0,"max_hp_loss":0.0,"gold_gain":0.0,"event_name":"Match and Keep!","player_choice":"1 cards matched","floor":30.0,"gold_loss":0.0,"damage_taken":0.0,"cards_obtained":["Neutralize"]},{"damage_healed":0.0,"max_hp_gain":0.0,"max_hp_loss":0.0,"gold_gain":50.0,"event_name":"Golden Shrine","player_choice":"Pray","floor":31.0,"gold_loss":0.0,"damage_taken":0.0},{"damage_healed":0.0,"max_hp_gain":0.0,"max_hp_loss":0.0,"gold_gain":0.0,"event_name":"Mysterious Sphere","player_choice":"Ignored","floor":36.0,"gold_loss":0.0,"damage_taken":0.0},{"damage_healed":0.0,"max_hp_gain":0.0,"max_hp_loss":0.0,"gold_gain":0.0,"cards_transformed":["PiercingWail"],"event_name":"Transmorgrifier","player_choice":"Transformed","floor":38.0,"gold_loss":0.0,"damage_taken":0.0,"cards_obtained":["Malaise"]},{"cards_removed":["Footwork"],"damage_healed":0.0,"max_hp_gain":0.0,"max_hp_loss":0.0,"gold_gain":0.0,"event_name":"Falling","player_choice":"Removed Power","floor":42.0,"gold_loss":0.0,"damage_taken":0.0}],"is_beta":false,"boss_relics":[{"not_picked":["Cursed Key","Snecko Eye"],"picked":"Astrolabe"},{"not_picked":["WristBlade","Calling Bell"],"picked":"Tiny House"}],"items_purged_floors":[29],"is_endless":false,"potions_floor_spawned":[1,10,12,13,18,25,37,40,47,55],"ascension_level":20}}