{"host":"vd5put2n5b3t1prw","time":1608448200,"event":{"mods":["2.2 Compatiblity","AchievementEnabler","BaseMod","Better Altar","Better Match","Better Note","Better Sensory Stone","Better Silent Start","Better Skull","Better Third Choice","Better Vampires","Better-Laid Plans","BetterRewards","Block Reminder","Card Forge","Colored Map","Custom Start","Downfall","Emptier Cage","Marked Mod","Minty Spire (QoL Compilation)","Quick Restart","Random Character Button","Relic Stats","Reorder Act Four","Spicy Shops","StSLib","Transform Curses","Waifu the Spire"],"gold_per_floor":[115,115,42,53,53,53,80,80,106,139,14,14,34,60,60,163,163,176,176,192,115,115,115,141,154,200,218,253,352,352,371,371,467,517,529,529,542,592,611,611,646,646,646,675,675,675,675],"floor_reached":46,"playtime":5735,"items_purged":["Defend_P","Defend_P","Strike_P"],"score":1144,"play_id":"1f11fd9a-53d9-43d4-bd4f-55716e39741a","local_time":"20201220011000","is_ascension_mode":true,"campfire_choices":[{"data":"BattleHymn","floor":6,"key":"SMITH"},{"data":"ThirdEye","floor":8,"key":"SMITH"},{"data":"Crescendo","floor":15,"key":"SMITH"},{"floor":23,"key":"REST"},{"data":"Devotion","floor":30,"key":"SMITH"},{"floor":32,"key":"REST"},{"floor":40,"key":"RECALL"},{"data":"MarkedMod:PinPointDefense","floor":42,"key":"SMITH"}],"circlet_count":0,"master_deck":["BattleHymn+1","ThirdEye+1","SandsOfTime+1","SandsOfTime+1","DeceiveReality+1","Protect+1","Establishment+1","Establishment+1","DeceiveReality+1","Indignation+1","InnerPeace+1","Perseverance+1","Protect+1","MarkedMod:PinPointDefense+1","MasterReality+1","ClearTheMind+1","Crescendo+1","Devotion+1","LessonLearned","Devotion+1","WindmillStrike+1","MarkedMod:PinPointDefense+1","SandsOfTime","CutThroughFate","Blasphemy+1","Sadistic Nature","LikeWater+1","PathToVictory+1","SandsOfTime+1","PathToVictory+1","MarkedMod:PinPointDefense+1"],"relics":["PureWater","Hammer of Thor","Seething Fire","Anvil of the Gods","PreservedInsect","Vajra","Art of War","OrangePellets","DollysMirror","Juzu Bracelet","Frozen Eye","Gambling Chip","StrikeDummy","Ice Cream","Bag of Marbles","Black Star","Shuriken","Bloody Idol","Bronze Scales","Prayer Wheel","Centennial Puzzle","Red Mask","Tiny House","FossilizedHelix","InkBottle","Darkstone Periapt","TeardropLocket","War Paint","Boot"],"acts_visited":["Exordium","TheCity","TheBeyond"],"potions_floor_usage":[24,25,28,37,44],"damage_taken":[{"damage":0,"enemies":"Jaw Worm","floor":1,"turns":4},{"damage":0,"enemies":"Small Slimes","floor":4,"turns":3},{"damage":0,"enemies":"Lagavulin","floor":7,"turns":3},{"damage":3,"enemies":"3 Sentries","floor":10,"turns":6},{"damage":0,"enemies":"Cultist","floor":13,"turns":3},{"damage":0,"enemies":"Lagavulin","floor":14,"turns":3},{"damage":16,"enemies":"The Guardian","floor":16,"turns":5},{"damage":12,"enemies":"Spheric Guardian","floor":18,"turns":5},{"damage":12,"enemies":"Chosen","floor":20,"turns":4},{"damage":12,"enemies":"Slavers","floor":24,"turns":8},{"damage":0,"enemies":"Centurion and Healer","floor":25,"turns":3},{"damage":0,"enemies":"Snake Plant","floor":27,"turns":6},{"damage":18,"enemies":"Masked Bandits","floor":28,"turns":3},{"damage":4,"enemies":"Shelled Parasite and Fungi","floor":31,"turns":4},{"damage":28,"enemies":"Champ","floor":33,"turns":6},{"damage":0,"enemies":"Orb Walker","floor":35,"turns":4},{"damage":18,"enemies":"3 Shapes","floor":37,"turns":4},{"damage":17,"enemies":"Mind Bloom Boss Battle","floor":38,"turns":5},{"damage":0,"enemies":"Maw","floor":39,"turns":6},{"damage":0,"enemies":"Giant Head","floor":41,"turns":5},{"damage":10,"enemies":"Nemesis","floor":44,"turns":3},{"damage":100009,"enemies":"4 Shapes","floor":46,"turns":6}],"seed_played":"326235980579304023","potions_obtained":[{"floor":1,"key":"BlessingOfTheForge"},{"floor":13,"key":"CultistPotion"},{"floor":16,"key":"Dexterity Potion"},{"floor":18,"key":"Ancient Potion"},{"floor":24,"key":"FearPotion"},{"floor":25,"key":"Weak Potion"},{"floor":34,"key":"StancePotion"},{"floor":35,"key":"ColorlessPotion"},{"floor":39,"key":"Swift Potion"},{"floor":44,"key":"Weak Potion"}],"is_trial":false,"path_per_floor":["M","?","$","M","?","R","E","R","T","E","$","?","M","E","R","B",null,"M","T","M","$","?","R","E","M","T","M","?","?","R","M","R","B",null,"M","?","M","?","M","R","E","R","T","E","?","M"],"character_chosen":"WATCHER","items_purchased":["PreservedInsect","Vajra","Art of War","BattleHymn","ThirdEye","SandsOfTime","OrangePellets","SandsOfTime","DeceiveReality","Protect","DollysMirror","Juzu Bracelet","DeceiveReality","Frozen Eye","Perseverance","WindmillStrike"],"campfire_rested":2,"item_purchase_floors":[0,0,0,0,0,0,0,0,0,0,0,0,0,0,3,21],"current_hp_per_floor":[65,58,58,58,58,58,58,58,58,55,55,55,55,55,55,39,64,52,52,40,40,4,25,18,23,28,33,20,25,25,26,47,24,66,71,71,58,46,51,51,56,56,56,51,51,0,0],"gold":675,"neow_bonus":"","is_daily":false,"chose_seed":false,"campfire_upgraded":5,"win_rate":0.0,"timestamp":1608448200,"path_taken":["M","?","$","M","?","R","E","R","T","E","$","?","M","E","R","BOSS","M","?","M","$","?","R","E","M","T","M","?","?","R","M","R","BOSS","M","?","M","?","M","R","E","R","T","E","?","M"],"items_purchased_type":["Relic","Relic","Relic","Card","Card","Card","Relic","Card","Card","Card","Relic","Relic","Card","Relic","Card","Card"],"build_version":"2020-12-13","purchased_purges":3,"victory":false,"max_hp_per_floor":[72,72,72,72,72,72,72,72,72,72,72,72,72,72,72,72,72,72,72,72,72,72,72,72,72,72,72,72,72,72,72,72,72,77,77,77,77,77,77,77,77,77,77,77,77,77,77],"relic_stats":{"Darkstone Periapt":0,"counters":[100,423],"PreservedInsect":755,"Juzu Bracelet":2,"War Paint":["Evaluate","PathToVictory","PathToVictory"],"Boot":[0],"OrangePellets":[14],"Centennial Puzzle":[21],"Shuriken":[13],"Gambling Chip":[12],"Bloody Idol":75,"Bronze Scales":[129],"Prayer Wheel":6,"Art of War":[40],"Black Star":3,"obtain_stats":[{"Ice Cream":10,"Tiny House":34,"Gremlin Horn":9,"Vajra":46,"Hammer of Thor":0,"Ginger":9,"Bottled Tornado":44,"Boot":44,"Old Coin":44,"MarkedMod:AcupunctureKit":30,"Sozu":34,"Blood Vial":0,"Centennial Puzzle":26,"Sundial":30,"DollysMirror":0,"Strawberry":29,"Prayer Wheel":24,"Toxic Egg 2":23,"Pear":36,"Happy Flower":40,"Oddly Smooth Stone":6,"Eternal Feather":54,"Pen Nib":0,"Letter Opener":10,"War Paint":26,"Question Card":40,"Akabeko":43,"SlaversCollar":17,"OrangePellets":42,"Anvil of the Gods":0,"Shuriken":19,"Bronze Scales":24,"Molten Egg 2":41,"Black Star":34,"StrikeDummy":47,"Meat on the Bone":0,"Pocketwatch":46,"Darkstone Periapt":41,"Regal Pillow":47,"Singing Bowl":28,"Melange":0,"Mango":7,"Yang":54,"Incense Burner":52,"Juzu Bracelet":0,"TeardropLocket":43,"Ancient Tea Set":23,"ClockworkSouvenir":52,"Frozen Eye":20,"Nunchaku":25,"Shovel":28,"TheAbacus":0,"Mummified Hand":26,"Pantograph":0,"Gambling Chip":0,"Tiny Chest":14,"WingedGreaves":0,"Red Mask":28,"Chemical X":36,"InkBottle":22,"NeowsBlessing":0,"Damaru":47,"Thread and Needle":26,"PreservedInsect":40,"Omamori":40,"Seething Fire":0,"Frozen Egg 2":2,"White Beast Statue":13,"Mercury Hourglass":54,"CaptainsWheel":47,"Ornamental Fan":48,"Bloody Idol":22,"Orrery":4,"Coffee Dripper":17,"Art of War":0,"Bag of Marbles":14,"Bottled Lightning":9,"Membership Card":0,"PureWater":0,"TungstenRod":46,"Toy Ornithopter":54,"FossilizedHelix":38},{"Ice Cream":82,"Tiny House":93,"Gremlin Horn":57,"Vajra":21,"Hammer of Thor":0,"Ginger":4,"Bottled Tornado":72,"Boot":99,"Old Coin":21,"MarkedMod:AcupunctureKit":66,"Sozu":43,"Blood Vial":52,"Centennial Puzzle":89,"Sundial":41,"DollysMirror":52,"Strawberry":66,"Prayer Wheel":88,"Toxic Egg 2":10,"Pear":16,"Happy Flower":19,"Oddly Smooth Stone":30,"Eternal Feather":51,"Pen Nib":26,"Letter Opener":5,"War Paint":64,"Question Card":19,"Akabeko":72,"SlaversCollar":9,"OrangePellets":47,"Anvil of the Gods":0,"Shuriken":86,"Bronze Scales":88,"Molten Egg 2":19,"Black Star":15,"StrikeDummy":22,"Meat on the Bone":26,"Pocketwatch":48,"Darkstone Periapt":98,"Regal Pillow":49,"Singing Bowl":40,"Melange":26,"Mango":3,"Yang":25,"Incense Burner":76,"Juzu Bracelet":78,"TeardropLocket":47,"Ancient Tea Set":63,"ClockworkSouvenir":76,"Frozen Eye":61,"Nunchaku":39,"Shovel":12,"TheAbacus":26,"Mummified Hand":11,"Pantograph":26,"Gambling Chip":78,"Tiny Chest":59,"WingedGreaves":52,"Red Mask":91,"Chemical X":68,"InkBottle":62,"NeowsBlessing":0,"Damaru":22,"Thread and Needle":39,"PreservedInsect":46,"Omamori":71,"Seething Fire":0,"Frozen Egg 2":53,"White Beast Statue":8,"Mercury Hourglass":77,"CaptainsWheel":74,"Ornamental Fan":75,"Bloody Idol":87,"Orrery":28,"Coffee Dripper":60,"Art of War":78,"Bag of Marbles":84,"Bottled Lightning":31,"Membership Card":52,"PureWater":0,"TungstenRod":21,"Toy Ornithopter":25,"FossilizedHelix":96},{"Ice Cream":341,"Tiny House":391,"Gremlin Horn":238,"Vajra":74,"Hammer of Thor":0,"Ginger":7,"Bottled Tornado":302,"Boot":418,"Old Coin":74,"MarkedMod:AcupunctureKit":277,"Sozu":187,"Blood Vial":220,"Centennial Puzzle":372,"Sundial":177,"DollysMirror":220,"Strawberry":277,"Prayer Wheel":369,"Toxic Egg 2":33,"Pear":58,"Happy Flower":67,"Oddly Smooth Stone":128,"Eternal Feather":216,"Pen Nib":103,"Letter Opener":10,"War Paint":271,"Question Card":67,"Akabeko":302,"SlaversCollar":29,"OrangePellets":201,"Anvil of the Gods":0,"Shuriken":357,"Bronze Scales":369,"Molten Egg 2":67,"Black Star":55,"StrikeDummy":79,"Meat on the Bone":103,"Pocketwatch":203,"Darkstone Periapt":415,"Regal Pillow":206,"Singing Bowl":173,"Melange":103,"Mango":4,"Yang":96,"Incense Burner":317,"Juzu Bracelet":325,"TeardropLocket":201,"Ancient Tea Set":266,"ClockworkSouvenir":317,"Frozen Eye":255,"Nunchaku":169,"Shovel":41,"TheAbacus":103,"Mummified Hand":37,"Pantograph":103,"Gambling Chip":325,"Tiny Chest":246,"WingedGreaves":220,"Red Mask":381,"Chemical X":286,"InkBottle":261,"NeowsBlessing":0,"Damaru":79,"Thread and Needle":169,"PreservedInsect":197,"Omamori":298,"Seething Fire":0,"Frozen Egg 2":224,"White Beast Statue":21,"Mercury Hourglass":320,"CaptainsWheel":308,"Ornamental Fan":312,"Bloody Idol":361,"Orrery":115,"Coffee Dripper":251,"Art of War":325,"Bag of Marbles":347,"Bottled Lightning":137,"Membership Card":220,"PureWater":0,"TungstenRod":74,"Toy Ornithopter":96,"FossilizedHelix":404}],"InkBottle":[50]},"card_choices":[{"not_picked":["Perseverance","Study","CrushJoints"],"picked":"SKIP","floor":1},{"not_picked":["WreathOfFlame","ThirdEye"],"picked":"Protect","floor":4},{"not_picked":["FearNoEvil","Vengeance"],"picked":"MasterReality","floor":7},{"not_picked":["Vengeance","Study"],"picked":"ClearTheMind","floor":10},{"not_picked":["SashWhip","EmptyFist","Halt"],"picked":"SKIP","floor":13},{"not_picked":["FlyingSleeves","MarkedMod:OneThousandNeedles","WreathOfFlame"],"picked":"SKIP","floor":14},{"not_picked":["Judgement","Scrawl"],"picked":"Devotion","floor":16},{"not_picked":["Fasting2","ClearTheMind","Nirvana"],"picked":"SKIP","floor":18},{"not_picked":["MentalFortress","SignatureMove","WheelKick+1"],"picked":"SKIP","floor":20},{"not_picked":["Consecrate+1","FlurryOfBlows"],"picked":"MarkedMod:PinPointDefense","floor":24},{"not_picked":["SignatureMove","TalkToTheHand"],"picked":"SandsOfTime","floor":25},{"not_picked":["PathToVictory","CarveReality","Halt"],"picked":"SKIP","floor":25},{"not_picked":["Crescendo+1","Protect"],"picked":"CutThroughFate","floor":27},{"not_picked":["FlyingSleeves","MarkedMod:Acupuncture","Swivel"],"picked":"SKIP","floor":27},{"not_picked":["MarkedMod:Acupuncture","Swivel","FearNoEvil+1"],"picked":"SKIP","floor":31},{"not_picked":["CrushJoints","EmptyFist","FollowUp+1"],"picked":"SKIP","floor":31},{"not_picked":["MarkedMod:SlowDance","MarkedMod:ChiBlock"],"picked":"Blasphemy","floor":33},{"not_picked":["Consecrate+1","ReachHeaven+1","FollowUp+1"],"picked":"SKIP","floor":35},{"not_picked":["FearNoEvil+1","MarkedMod:OneThousandNeedles","FlyingSleeves"],"picked":"SKIP","floor":35},{"not_picked":["expansioncontent:BronzeBeam","Swift Strike"],"picked":"Sadistic Nature","floor":36},{"not_picked":["JustLucky+1","FollowUp"],"picked":"LikeWater+1","floor":37},{"not_picked":["CrushJoints","DeusExMachina"],"picked":"PathToVictory+1","floor":37},{"not_picked":["MarkedMod:GracefulMovements","FollowUp"],"picked":"SandsOfTime+1","floor":39},{"not_picked":["MarkedMod:Acupuncture","Protect"],"picked":"PathToVictory","floor":39},{"not_picked":["Vengeance+1","Omniscience","EmptyBody+1"],"picked":"SKIP","floor":41},{"not_picked":["WreathOfFlame","ThirdEye+1","ClearTheMind"],"picked":"SKIP","floor":44}],"player_experience":274633,"relics_obtained":[{"floor":7,"key":"StrikeDummy"},{"floor":10,"key":"Ice Cream"},{"floor":14,"key":"Bag of Marbles"},{"floor":19,"key":"Shuriken"},{"floor":24,"key":"Bronze Scales"},{"floor":24,"key":"Prayer Wheel"},{"floor":26,"key":"Centennial Puzzle"},{"floor":28,"key":"Red Mask"},{"floor":38,"key":"FossilizedHelix"},{"floor":41,"key":"InkBottle"},{"floor":41,"key":"Darkstone Periapt"},{"floor":43,"key":"TeardropLocket"},{"floor":44,"key":"War Paint"},{"floor":44,"key":"Boot"}],"event_choices":[{"cards_removed":["Strike_P"],"damage_healed":0,"gold_gain":0,"player_choice":"Card Removal","damage_taken":7,"max_hp_gain":0,"max_hp_loss":0,"event_name":"Golden Wing","floor":2,"gold_loss":0},{"cards_removed":["Establishment"],"damage_healed":0,"gold_gain":0,"player_choice":"Take \u0026 Give","damage_taken":0,"max_hp_gain":0,"max_hp_loss":0,"event_name":"betterNote:BetterNote","floor":5,"gold_loss":0,"cards_obtained":["MarkedMod:PinPointDefense"]},{"damage_healed":0,"gold_gain":0,"player_choice":"Upgraded","damage_taken":0,"max_hp_gain":0,"max_hp_loss":0,"event_name":"Upgrade Shrine","floor":12,"gold_loss":0,"cards_upgraded":["Perseverance"]},{"damage_healed":0,"gold_gain":0,"player_choice":" Idol ","damage_taken":36,"relics_obtained":["Bloody Idol"],"max_hp_gain":40,"max_hp_loss":4,"event_name":"betterAltar:BetterAltar","floor":22,"potions_obtained":[],"relics_lost":[],"gold_loss":0},{"damage_healed":0,"gold_gain":0,"player_choice":"Fought Bandits","damage_taken":0,"max_hp_gain":0,"max_hp_loss":0,"event_name":"Masked Bandits","floor":28,"gold_loss":0},{"damage_healed":0,"gold_gain":99,"player_choice":"Steal","damage_taken":0,"max_hp_gain":0,"max_hp_loss":0,"event_name":"betterThird:BetterNest","floor":29,"gold_loss":0},{"damage_healed":0,"gold_gain":3,"player_choice":"1","damage_taken":0,"max_hp_gain":0,"max_hp_loss":0,"event_name":"betterStone:BetterStone","floor":36,"gold_loss":0},{"damage_healed":0,"gold_gain":0,"player_choice":"Fight","damage_taken":0,"max_hp_gain":0,"max_hp_loss":0,"event_name":"MindBloom","floor":38,"gold_loss":0},{"damage_healed":0,"gold_gain":0,"player_choice":"Copied","damage_taken":0,"max_hp_gain":0,"max_hp_loss":0,"event_name":"Duplicator","floor":45,"gold_loss":0,"cards_obtained":["MarkedMod:PinPointDefense"]}],"is_beta":false,"boss_relics":[{"not_picked":["Cursed Key","SacredBark"],"picked":"Black Star"},{"not_picked":["Pandora\u0027s Box","Fusion Hammer"],"picked":"Tiny House"}],"items_purged_floors":[0,0,11],"is_endless":false,"potions_floor_spawned":[1,13,16,18,24,25,33,35,39,44],"killed_by":"4 Shapes","ascension_level":9}}