{"host":"hemshb5b6cie9gjx","time":1608464724,"event":{"mods":["BaseMod","Better Note","Better Third Choice","Better Vampires","BetterRewards","Colored Map","Colored Powertips","DeckTracker","Googly Eyes","Infinite Spire","Minty Spire (QoL Compilation)","Permanent Neow","Relic Stats","Replay The Spire","StSLib","SuperFastMode","Uncapped","slay the spire mod where everything is the same but ironclad has a cowboy hat"],"gold_per_floor":[113,113,113,42,42,69,69,102,126,126,126,136,150,166,166,271,271,287,386,386,399,417,442,456,456,480,405,405,405,419,437,437,532,532,544,664,939,953,953,953,953],"floor_reached":40,"playtime":1318,"items_purged":["Regret"],"score":689,"play_id":"2e0b357e-e010-4ab7-b1b6-f18e8de2db99","local_time":"20201220224524","is_ascension_mode":false,"campfire_choices":[{"data":"Spot Weakness","floor":7.0,"key":"SMITH"},{"data":"Bash","floor":10,"key":"SMITH"},{"data":"Berserk","floor":15,"key":"SMITH"},{"floor":25,"key":"REST"},{"data":"Bludgeon","floor":28,"key":"SMITH"},{"data":"Run Through","floor":32,"key":"SMITH"}],"circlet_count":1,"master_deck":["Strike_R+1","Strike_R+1","Strike_R+1","Strike_R+1","Strike_R+1","Defend_R+1","Defend_R+1","Defend_R+1","Defend_R+1","Bash+1","ReplayTheSpireMod:Stacked+1","Cleave+1","Spot Weakness+1","Life Link+1","ReplayTheSpireMod:Stacked+1","Pot Of Greed+1","Pot Of Greed+1","Parasite","Bash","Berserk+1","ReplayTheSpireMod:Private Reserves+1","infinitespire:Collect+1","Shrug It Off+1","Anger","Bludgeon+1","Pot Of Greed+1","Pommel Strike+1","Anger","Cleave+1","Disarm+1","Run Through","Run Through","Run Through+1","Juggernaut","Replay:Undeath\u0027s Touch+1","infinitespire:Execution+1","Twin Strike","Pot Of Greed+1","Metallicize"],"relics":["Burning Blood","Lee\u0027s Waffle","Bronze Scales","Mirror","Circlet","Toxic Egg 2","Grinning Jar","ReplayTheSpireMod:SealedPack","Replay:Bronze Core","infinitespire:FocusingShard","Vajra","infinitespire:Burning Sword","WingedGreaves","Ring of Chaos","Dream Catcher"],"acts_visited":["TheCity","TheBeyond"],"potions_floor_usage":[18,23,23,23,36,40,40],"damage_taken":[{"damage":6.0,"enemies":"2 Louse","floor":1.0,"turns":3.0},{"damage":26.0,"enemies":"Lagavulin","floor":6.0,"turns":5.0},{"damage":12.0,"enemies":"Gremlin Nob","floor":8.0,"turns":3.0},{"damage":0,"enemies":"Small Slimes","floor":12,"turns":2},{"damage":0,"enemies":"Cultist","floor":13,"turns":3},{"damage":4,"enemies":"3 Louse","floor":14,"turns":4},{"damage":0,"enemies":"Slime Boss","floor":16,"turns":5},{"damage":25,"enemies":"2 Thieves","floor":18,"turns":2},{"damage":14,"enemies":"Chosen","floor":21,"turns":2},{"damage":6,"enemies":"Centurion and Healer","floor":22,"turns":3},{"damage":22,"enemies":"Gremlin Leader","floor":23,"turns":5},{"damage":7,"enemies":"Snecko","floor":24,"turns":4},{"damage":14,"enemies":"Snake Plant","floor":30,"turns":3},{"damage":0,"enemies":"Chosen and Byrds","floor":31,"turns":4},{"damage":28,"enemies":"Collector","floor":33,"turns":8},{"damage":5,"enemies":"3 Darklings","floor":35,"turns":3},{"damage":19,"enemies":"infinitespire:Three Voidlings","floor":36,"turns":3},{"damage":40,"enemies":"Nightmare_Alpha","floor":36,"turns":6},{"damage":18,"enemies":"3 Shapes","floor":38,"turns":2},{"damage":30,"enemies":"Nightmare","floor":40,"turns":4}],"seed_played":"6267657692627333040","potions_obtained":[{"floor":13,"key":"Adrenaline Potion"},{"floor":14,"key":"Block Potion"},{"floor":21,"key":"Energy Potion"},{"floor":22,"key":"SkillPotion"},{"floor":30,"key":"Block Potion"},{"floor":33,"key":"ColorlessPotion"},{"floor":35,"key":"Energy Potion"}],"is_trial":false,"path_per_floor":["M","?","?","$","?","E","R","E","T","R","AVR","M","M","M","R","B",null,"M","?","?","M","M","E","M","R","T","?","R","?","M","M","R","B",null,"M","?","?","M","AVR","NM"],"character_chosen":"IRONCLAD","items_purchased":["Lee\u0027s Waffle","Bronze Scales","Mirror","ReplayTheSpireMod:Stacked","Spot Weakness"],"campfire_rested":1,"item_purchase_floors":[0,0,0,0,4],"current_hp_per_floor":[87,87,87,87,87,67,67,70,70,70,70,76,82,84,84,87,87,68,68,68,60,60,44,43,69,69,69,69,69,61,67,67,45,87,87,40,40,28,28,0,0],"gold":953,"neow_bonus":"","is_daily":false,"chose_seed":false,"campfire_upgraded":5,"win_rate":0.0,"timestamp":1608464724,"path_taken":["M","?","?","$","?","E","R","E","T","R","AVR","?","M","M","R","BOSS","M","?","?","M","?","E","M","R","T","?","R","?","M","M","R","BOSS","M","?","?","M","AVR","NM"],"items_purchased_type":["Relic","Relic","Relic","Card","Card"],"build_version":"2020-12-13","purchased_purges":1,"victory":false,"max_hp_per_floor":[87,87,87,87,87,87,87,87,87,87,87,87,87,87,87,87,87,87,87,87,87,87,87,87,87,87,87,87,87,87,87,87,87,87,87,87,87,87,87,87,87],"relic_stats":{"Lee\u0027s Waffle":40,"Dream Catcher":0,"counters":[47,166],"Bronze Scales":[297],"obtain_stats":[{"Singing Bowl":12,"Vajra":15,"Bag of Preparation":40,"Burning Blood":0,"Blood Vial":23,"Replay:Ringing Soul":43,"BranchBurnRelic":7,"Dream Catcher":39,"Gambling Chip":4,"Replay:Bronze Core":17,"Honey Jar":17,"WingedGreaves":36,"Toxic Egg 2":8,"InkBottle":2,"Red Skull":26,"Gremlin Food":27,"Lee\u0027s Waffle":0,"Dead Branch":6,"Circlet":0,"ReplayTheSpireMod:SealedPack":34,"infinitespire:FocusingShard":23,"Ring of Chaos":39,"MawBank":45,"ReplayTheSpireMod:Spearhead":7,"Brimstone":28,"Bronze Scales":0,"Bag of Marbles":29,"infinitespire:Burning Sword":34,"Grinning Jar":9,"Mirror":0,"Toy Ornithopter":9},{"Singing Bowl":6,"Vajra":7,"Bag of Preparation":21,"Burning Blood":0,"Blood Vial":13,"Replay:Ringing Soul":22,"BranchBurnRelic":29,"Dream Catcher":46,"Gambling Chip":2,"Replay:Bronze Core":34,"Honey Jar":8,"WingedGreaves":45,"Toxic Egg 2":30,"InkBottle":1,"Red Skull":14,"Gremlin Food":15,"Lee\u0027s Waffle":27,"Dead Branch":29,"Circlet":0,"ReplayTheSpireMod:SealedPack":17,"infinitespire:FocusingShard":38,"Ring of Chaos":46,"MawBank":23,"ReplayTheSpireMod:Spearhead":4,"Brimstone":15,"Bronze Scales":27,"Bag of Marbles":15,"infinitespire:Burning Sword":42,"Grinning Jar":30,"Mirror":27,"Toy Ornithopter":4},{"Singing Bowl":19,"Vajra":21,"Bag of Preparation":69,"Burning Blood":0,"Blood Vial":42,"Replay:Ringing Soul":71,"BranchBurnRelic":100,"Dream Catcher":162,"Gambling Chip":6,"Replay:Bronze Core":117,"Honey Jar":25,"WingedGreaves":160,"Toxic Egg 2":103,"InkBottle":2,"Red Skull":45,"Gremlin Food":47,"Lee\u0027s Waffle":92,"Dead Branch":100,"Circlet":0,"ReplayTheSpireMod:SealedPack":53,"infinitespire:FocusingShard":129,"Ring of Chaos":162,"MawBank":76,"ReplayTheSpireMod:Spearhead":14,"Brimstone":47,"Bronze Scales":92,"Bag of Marbles":47,"infinitespire:Burning Sword":148,"Grinning Jar":103,"Mirror":92,"Toy Ornithopter":14}],"Burning Blood":272},"card_choices":[{"not_picked":["Reckless Charge","infinitespire:OneForAll"],"picked":"Run Through","floor":1.0},{"not_picked":["Thunderclap","Pommel Strike"],"picked":"Berserk","floor":6.0},{"not_picked":["ReplayReversal+1","Twin Strike"],"picked":"ReplayTheSpireMod:Stacked+1","floor":8.0},{"not_picked":["Dualcast","m_Survivalism"],"picked":"Bash","floor":11},{"not_picked":["Bludgeon","Demonic Infusion"],"picked":"Berserk","floor":11},{"not_picked":["Purity","Specialist"],"picked":"ReplayTheSpireMod:Private Reserves","floor":11},{"not_picked":["infinitespire:NeuralNetwork","infinitespire:DeathsTouch"],"picked":"infinitespire:Collect","floor":11},{"not_picked":["Clash","Twin Strike"],"picked":"Shrug It Off+1","floor":12},{"not_picked":["Pommel Strike","ReplayTheSpireMod:Strike From Hell"],"picked":"Anger","floor":13},{"not_picked":["Power Through+1","Flex+1"],"picked":"Bludgeon","floor":14},{"not_picked":["Defy Death+1","Clash"],"picked":"Pommel Strike+1","floor":18},{"not_picked":["Armaments+1","Twin Strike"],"picked":"Anger","floor":21},{"not_picked":["Rupture","Flex+1"],"picked":"Cleave+1","floor":22},{"not_picked":["Demonic Infusion+1","Dark Embrace"],"picked":"Disarm+1","floor":23},{"not_picked":["Burning Pact+1","ReplayTheSpireMod:Strike From Hell+1"],"picked":"Run Through","floor":24},{"not_picked":["Sword Boomerang","Anger"],"picked":"Run Through","floor":30},{"not_picked":["Shrug It Off+1","Blood for Blood+1"],"picked":"Run Through","floor":31},{"not_picked":["Corruption","Demonic Infusion+1"],"picked":"Juggernaut","floor":33},{"not_picked":["Life Link+1","Dropkick+1"],"picked":"Replay:Undeath\u0027s Touch+1","floor":35},{"not_picked":["infinitespire:FinalStrike","infinitespire:Gouge"],"picked":"infinitespire:Execution","floor":36},{"not_picked":["Burning Pact+1","Life Link"],"picked":"Twin Strike","floor":36},{"not_picked":["Battle Trance+1","Shrug It Off+1"],"picked":"Metallicize","floor":38}],"player_experience":450240,"relics_obtained":[{"floor":6.0,"key":"Dead Branch"},{"floor":8.0,"key":"Toxic Egg 2"},{"floor":9,"key":"Grinning Jar"},{"floor":23,"key":"infinitespire:FocusingShard"},{"floor":26,"key":"Vajra"},{"floor":36,"key":"WingedGreaves"}],"event_choices":[{"cards_removed":["ReplayTheSpireMod:Stacked"],"damage_healed":0.0,"max_hp_gain":0.0,"max_hp_loss":0.0,"gold_gain":0.0,"event_name":"betterNote:BetterNote","player_choice":"Take \u0026 Give","floor":5.0,"gold_loss":0.0,"damage_taken":0.0,"cards_obtained":["Life Link"]},{"damage_healed":0,"gold_gain":99,"player_choice":"Steal","damage_taken":0,"max_hp_gain":0,"max_hp_loss":0,"event_name":"betterThird:BetterNest","floor":19,"gold_loss":0},{"damage_healed":0,"gold_gain":0,"player_choice":"0 cards matched","damage_taken":0,"max_hp_gain":0,"max_hp_loss":0,"event_name":"Match and Keep!","floor":20,"gold_loss":0,"cards_obtained":[]},{"cards_removed":["Berserk"],"damage_healed":0,"gold_gain":0,"player_choice":"Gave Gold","damage_taken":0,"max_hp_gain":0,"max_hp_loss":0,"event_name":"Beggar","floor":27,"gold_loss":75},{"damage_healed":0,"gold_gain":0,"player_choice":"Simplicity","damage_taken":0,"max_hp_gain":0,"max_hp_loss":9,"event_name":"betterThird:BetterWriting","floor":29,"gold_loss":0},{"damage_healed":0,"gold_gain":275,"player_choice":"Desecrate","damage_taken":0,"max_hp_gain":0,"max_hp_loss":0,"event_name":"Golden Shrine","floor":37,"gold_loss":0,"cards_obtained":["Regret"]}],"is_beta":false,"boss_relics":[{"not_picked":["Sozu","ChewingGum"],"picked":"Replay:Bronze Core"},{"not_picked":["Electric Blood","Replay:Wanted Poster"],"picked":"infinitespire:Burning Sword"}],"items_purged_floors":[39],"is_endless":true,"potions_floor_spawned":[13,14,21,22,30,33,35,36],"killed_by":"Nightmare","ascension_level":0}}