{"host":"coame8l8goqx0svj","time":1608503078,"event":{"mods":["BaseMod","Downfall","Minty Spire (QoL Compilation)","StSLib"],"gold_per_floor":[99,127,140,140,54,82,82,115,40,68,83,93,93,193,209,312,312,312,338,538,538,566,566,591,620,632,663,663,497,521,139,155,254,254,104,104,120,13,13,13,13,13,13,46,46,66,111,122,133,133,133,163,17,17,17],"floor_reached":56,"playtime":3610,"items_purged":[],"score":1798,"play_id":"043bb2f7-7faf-4ed8-946d-a77b373fb744","local_time":"20201220232438","is_ascension_mode":true,"campfire_choices":[{"data":"sneckomod:TailWhip","floor":1,"key":"SMITH"},{"floor":4,"key":"RECALL"},{"floor":9,"key":"REST"},{"floor":18,"key":"REST"},{"floor":20,"key":"REST"},{"floor":23,"key":"REST"},{"floor":35,"key":"REST"},{"floor":40,"key":"REST"},{"floor":43,"key":"REST"},{"floor":54,"key":"REST"}],"circlet_count":0,"master_deck":["sneckomod:Defend","sneckomod:Defend","sneckomod:TailWhip+1","sneckomod:SnekBite","sneckomod:Unknown+1","sneckomod:Unknown","sneckomod:ImprovisedAttack+1","sneckomod:TrashToTreasure","sneckomod:IronFang+1","sneckomod:SnakeSap+1","sneckomod:UnknownX","sneckomod:WideSting+1","sneckomod:WideSting+1","sneckomod:DiceBlock","sneckomod:UnknownClassRED","sneckomod:Restock","sneckomod:MorePower","sneckomod:UnknownUncommonPower+1","sneckomod:UnknownStrength+1","sneckomod:UnknownRarePower+1","sneckomod:SoulDraw+1","sneckomod:UnknownRarePower+1","sneckomod:RainOfDice+1","sneckomod:Unknown3Cost","sneckomod:Unknown0Cost+1","sneckomod:WideSting+1","sneckomod:CheapStock","sneckomod:Unknown0Cost+1","sneckomod:UnknownUncommonAttack+1","sneckomod:UnknownStrength","sneckomod:Transmogrify","sneckomod:UnknownBlock+1","sneckomod:UnknownDexterity+1","sneckomod:DefensiveFlair+1","Bandage Up","sneckomod:UnknownRareAttack+1","sneckomod:UnknownRarePower+1","sneckomod:UnknownExhaust+1"],"relics":["Molten Egg 2","FossilizedHelix","Lantern","downfall:HeartBlessingRed","Meat on the Bone","downfall:GremlinWheel","Fusion Hammer","champ:DeflectingBracers","sneckomod:BabySnecko","Ornamental Fan","Toy Ornithopter","MealTicket","Happy Flower","Lee\u0027s Waffle","Dead Branch","downfall:HeartBlessingGreen","downfall:HeartBlessingBlue","Thread and Needle","Turnip","Mango","Sundial","Sozu","War Paint","Empty Cage","Bag of Marbles","HandDrill"],"acts_visited":["Exordium","TheCity","TheBeyond","TheEnding"],"potions_floor_usage":[],"damage_taken":[{"damage":21,"enemies":"Gremlin Nob","floor":2,"turns":4},{"damage":2,"enemies":"Small Slimes","floor":3,"turns":3},{"damage":5,"enemies":"downfall:FleeingMerchant","floor":5,"turns":4},{"damage":20,"enemies":"Lagavulin","floor":6,"turns":4},{"damage":9,"enemies":"3 Sentries","floor":8,"turns":5},{"damage":0,"enemies":"Gremlin Nob","floor":10,"turns":2},{"damage":0,"enemies":"Jaw Worm","floor":11,"turns":2},{"damage":0,"enemies":"Cultist","floor":12,"turns":2},{"damage":0,"enemies":"Cultist","floor":14,"turns":3},{"damage":0,"enemies":"3 Louse","floor":15,"turns":2},{"damage":20,"enemies":"downfall:Ironclad","floor":16,"turns":6},{"damage":34,"enemies":"Gremlin Leader","floor":19,"turns":7},{"damage":17,"enemies":"Slavers","floor":22,"turns":5},{"damage":25,"enemies":"Gremlin Leader","floor":25,"turns":8},{"damage":0,"enemies":"Spheric Guardian","floor":26,"turns":2},{"damage":10,"enemies":"Book of Stabbing","floor":27,"turns":4},{"damage":0,"enemies":"downfall:FleeingMerchant","floor":29,"turns":4},{"damage":0,"enemies":"downfall:FleeingMerchant","floor":31,"turns":4},{"damage":19,"enemies":"Shelled Parasite and Fungi","floor":32,"turns":3},{"damage":42,"enemies":"downfall:Watcher","floor":33,"turns":8},{"damage":0,"enemies":"Orb Walker","floor":37,"turns":1},{"damage":0,"enemies":"downfall:FleeingMerchant","floor":38,"turns":1},{"damage":0,"enemies":"Nemesis","floor":44,"turns":3},{"damage":0,"enemies":"3 Shapes","floor":46,"turns":4},{"damage":0,"enemies":"Maw","floor":48,"turns":6},{"damage":10,"enemies":"4 Shapes","floor":49,"turns":2},{"damage":7,"enemies":"downfall:Defect","floor":50,"turns":5},{"damage":0,"enemies":"downfall:CharBossMerchant","floor":52,"turns":6},{"damage":149,"enemies":"downfall:NeowBoss","floor":55,"turns":15}],"seed_played":"1745607686684157601","potions_obtained":[],"is_trial":false,"path_per_floor":["R","E","M","R","$","E","T","E","R","E","M","M","?","?","M","B",null,"R","E","R","?","E","R","T","E","M","E","?","$","T","$","M","B",null,"R","?","M","$","?","R","T","$","R","E","?","M","T","M","M","B",null,"E","$","R","B",null],"character_chosen":"THE_SNECKO","items_purchased":["sneckomod:SnakeSap+1","Lee\u0027s Waffle","Dead Branch","sneckomod:CheapStock","PrismaticShard","Thread and Needle","HandDrill"],"campfire_rested":8,"item_purchase_floors":[5,29,31,31,38,38,53],"current_hp_per_floor":[81,60,58,58,53,47,47,38,69,69,69,69,69,69,69,61,93,104,70,101,101,84,104,104,79,79,69,69,111,111,111,92,62,99,121,121,121,121,121,121,121,121,121,135,135,135,135,135,125,130,134,135,135,135,89],"gold":17,"neow_bonus":"BOSS_RELIC","is_daily":false,"chose_seed":false,"campfire_upgraded":1,"win_rate":0.0,"timestamp":1608503078,"path_taken":["R","E","M","R","$","E","T","E","R","E","M","M","?","?","M","BOSS","R","E","R","?","E","R","T","E","M","E","?","$","?","$","M","BOSS","R","?","?","$","?","R","T","?","R","E","?","?","?","M","M","BOSS","E","$","R","BOSS"],"items_purchased_type":["Card","Relic","Relic","Card","Relic","Relic","Relic"],"build_version":"2020-12-13","purchased_purges":0,"victory":true,"max_hp_per_floor":[90,90,90,90,90,104,104,104,104,104,104,104,104,104,104,104,104,104,104,104,104,104,104,104,104,104,104,104,111,111,111,111,111,111,121,121,121,121,121,121,121,121,121,135,135,135,135,135,135,135,135,135,135,135,135],"card_choices":[{"not_picked":["sneckomod:UnknownWeak","sneckomod:DiceBlock"],"picked":"sneckomod:ImprovisedAttack+1","floor":2},{"not_picked":["sneckomod:UnknownClassGREEN","sneckomod:UnknownClassGUARDIAN"],"picked":"sneckomod:TrashToTreasure","floor":3},{"not_picked":["sneckomod:Unknown1Cost","sneckomod:SoulDraw"],"picked":"sneckomod:IronFang+1","floor":5},{"not_picked":["sneckomod:Nope","sneckomod:UnknownClassGUARDIAN"],"picked":"sneckomod:UnknownX","floor":6},{"not_picked":["sneckomod:UnknownX","sneckomod:UnknownClassBLUE"],"picked":"sneckomod:WideSting+1","floor":8},{"not_picked":["sneckomod:UnknownVulnerable","sneckomod:UnknownBlock"],"picked":"sneckomod:WideSting+1","floor":10},{"not_picked":["sneckomod:DiceCrush+1","sneckomod:Nope"],"picked":"sneckomod:DiceBlock","floor":11},{"not_picked":["sneckomod:SoulRoll","sneckomod:UnknownStrike+1"],"picked":"sneckomod:UnknownClassRED","floor":12},{"not_picked":["sneckomod:UnknownBlock","sneckomod:UnknownWeak"],"picked":"sneckomod:Restock","floor":15},{"not_picked":["sneckomod:DangerNoodle+1","sneckomod:UnlimitedRolls"],"picked":"sneckomod:MorePower","floor":16},{"not_picked":["sneckomod:UnknownClassTHE_CHAMP_GRAY+1","sneckomod:UnknownStrike+1"],"picked":"sneckomod:UnknownUncommonPower+1","floor":19},{"not_picked":["sneckomod:Unknown1Cost+1","sneckomod:SoulRoll","sneckomod:DefensiveFlair"],"picked":"SKIP","floor":19},{"not_picked":["sneckomod:UnknownUncommonSkill+1","sneckomod:Unknown0Cost+1"],"picked":"sneckomod:UnknownStrength+1","floor":22},{"not_picked":["sneckomod:UnknownVulnerable","sneckomod:MasterEye","sneckomod:SoulRoll"],"picked":"SKIP","floor":22},{"not_picked":["sneckomod:UnknownClassSLIMEBOUND+1","sneckomod:UnknownBlock+1"],"picked":"sneckomod:UnknownRarePower+1","floor":25},{"not_picked":["sneckomod:UnknownBlock","sneckomod:GlitteringGambit"],"picked":"sneckomod:SoulDraw+1","floor":25},{"not_picked":["sneckomod:Unknown2Cost+1","sneckomod:UnknownCommonAttack+1"],"picked":"sneckomod:UnknownRarePower+1","floor":26},{"not_picked":["sneckomod:DiceCrush+1","sneckomod:SoulDraw+1"],"picked":"sneckomod:RainOfDice+1","floor":26},{"not_picked":["sneckomod:MixItUp+1","sneckomod:Unknown2Cost"],"picked":"sneckomod:Unknown3Cost","floor":27},{"not_picked":["sneckomod:UnknownUncommonPower+1","sneckomod:UnknownClassHEXA_GHOST_PURPLE+1"],"picked":"sneckomod:Unknown0Cost+1","floor":29},{"not_picked":["sneckomod:UnknownClassBLUE","sneckomod:UnknownVulnerable+1","sneckomod:SoulRoll+1"],"picked":"SKIP","floor":29},{"not_picked":["sneckomod:UnknownStrike+1","sneckomod:UnknownCommonAttack+1"],"picked":"sneckomod:WideSting+1","floor":31},{"not_picked":["sneckomod:Unknown+1","sneckomod:UnknownClassTHE_CHAMP_GRAY+1","sneckomod:UnknownClassSLIMEBOUND+1"],"picked":"SKIP","floor":31},{"not_picked":["sneckomod:UnknownClassHEXA_GHOST_PURPLE+1","sneckomod:UnknownClassSLIMEBOUND+1"],"picked":"sneckomod:Unknown0Cost+1","floor":32},{"not_picked":["sneckomod:Unknown1Cost+1","sneckomod:UnknownCommonAttack+1"],"picked":"sneckomod:UnknownUncommonAttack+1","floor":32},{"not_picked":["sneckomod:QuickMove","sneckomod:PureSnecko"],"picked":"sneckomod:UnknownStrength","floor":32},{"not_picked":["sneckomod:UnlimitedRolls","sneckomod:Mudshield"],"picked":"sneckomod:Transmogrify","floor":33},{"not_picked":["sneckomod:SlitherStrike+1","sneckomod:Unknown2Cost"],"picked":"sneckomod:UnknownDexterity+1","floor":37},{"not_picked":["sneckomod:QuickMove","sneckomod:UnknownUncommonSkill+1"],"picked":"sneckomod:DefensiveFlair+1","floor":38},{"not_picked":["champ:ShieldSigil","FlurryOfBlows+1"],"picked":"Bandage Up","floor":44},{"not_picked":["sneckomod:SoulDraw","Madness","Dash+1"],"picked":"SKIP","floor":46},{"not_picked":["sneckomod:UnknownClassTHE_CHAMP_GRAY+1","sneckomod:UnknownEthereal+1"],"picked":"sneckomod:UnknownRareAttack+1","floor":48},{"not_picked":["champ:Lariat+1","Guardian:Gem_Synthetic","sneckomod:UnknownStrike+1"],"picked":"SKIP","floor":48},{"not_picked":["sneckomod:UnknownUncommonSkill+1","sneckomod:UnknownEthereal+1"],"picked":"sneckomod:UnknownRarePower+1","floor":49},{"not_picked":["sneckomod:UnknownCommonSkill","hexamod:GhostLash+1","expansioncontent:DonusPower"],"picked":"SKIP","floor":49},{"not_picked":["sneckomod:IronFang+1","sneckomod:QuickMove"],"picked":"sneckomod:UnknownExhaust+1","floor":52}],"player_experience":1703967,"relics_obtained":[{"floor":2,"key":"Molten Egg 2"},{"floor":6,"key":"Mango"},{"floor":7,"key":"FossilizedHelix"},{"floor":8,"key":"Lantern"},{"floor":10,"key":"Meat on the Bone"},{"floor":14,"key":"downfall:GremlinWheel"},{"floor":19,"key":"champ:DeflectingBracers"},{"floor":22,"key":"Ornamental Fan"},{"floor":25,"key":"Toy Ornithopter"},{"floor":27,"key":"MealTicket"},{"floor":30,"key":"Ancient Tea Set"},{"floor":41,"key":"Turnip"},{"floor":44,"key":"Mango"},{"floor":44,"key":"Sundial"},{"floor":46,"key":"Sozu"},{"floor":47,"key":"War Paint"},{"floor":52,"key":"Empty Cage"},{"floor":52,"key":"Bag of Marbles"}],"event_choices":[{"damage_healed":0,"gold_gain":200,"player_choice":"Gold","damage_taken":0,"max_hp_gain":0,"max_hp_loss":0,"event_name":"Wheel of Change","floor":20,"gold_loss":0},{"damage_healed":0,"gold_gain":0,"cards_transformed":["sneckomod:Strike"],"player_choice":"Transformed","damage_taken":0,"max_hp_gain":0,"max_hp_loss":0,"event_name":"Transmorgrifier","floor":36,"gold_loss":0,"cards_obtained":["sneckomod:UnknownBlock"]}],"is_beta":false,"boss_relics":[{"not_picked":["Velvet Choker","Astrolabe"],"picked":"Fusion Hammer"},{"not_picked":["Runic Pyramid","Cursed Key"],"picked":"Empty Cage"}],"items_purged_floors":[],"is_endless":false,"potions_floor_spawned":[2,10,11,15,16,22,27,33,46,48,49],"ascension_level":6}}