{"host":"msepye59htvs4aw4","time":1608495313,"event":{"mods":["BaseMod","Colored Map","DeckTracker","Highlight Path","Minty Spire (QoL Compilation)","Shop Mod","StSLib","SuperFastMode"],"gold_per_floor":[118,118,129,142,192,192,223,223,250,215,215,232,261,322,322,322,322],"floor_reached":16,"playtime":445,"items_purged":[],"score":189,"play_id":"0a554b96-66d7-4975-8401-04c5f1688086","local_time":"20201220211513","is_ascension_mode":true,"campfire_choices":[{"data":"Leg Sweep","floor":6,"key":"SMITH"},{"floor":8,"key":"REST"},{"floor":15,"key":"REST"}],"circlet_count":0,"master_deck":["AscendersBane","Strike_G","Strike_G+1","Strike_G","Strike_G","Strike_G","Defend_G","Defend_G","Defend_G+1","Defend_G","Defend_G","Survivor","Neutralize+1","Leg Sweep+1","Crippling Poison","Deadly Poison","Catalyst"],"relics":["Ring of the Snake","Juzu Bracelet","Art of War","Bottled Lightning","Pear"],"acts_visited":["Exordium"],"potions_floor_usage":[3,7,13,14,16],"damage_taken":[{"damage":0,"enemies":"2 Louse","floor":1,"turns":3},{"damage":5,"enemies":"Jaw Worm","floor":3,"turns":6},{"damage":3,"enemies":"Cultist","floor":4,"turns":6},{"damage":38,"enemies":"Gremlin Nob","floor":7,"turns":8},{"damage":0,"enemies":"2 Fungi Beasts","floor":12,"turns":5},{"damage":19,"enemies":"3 Sentries","floor":13,"turns":14},{"damage":8,"enemies":"3 Sentries","floor":14,"turns":10},{"damage":35,"enemies":"Slime Boss","floor":16,"turns":10}],"seed_played":"-1349982053341702752","potions_obtained":[{"floor":0,"key":"EssenceOfSteel"},{"floor":0,"key":"Block Potion"},{"floor":7,"key":"Energy Potion"},{"floor":12,"key":"Block Potion"},{"floor":13,"key":"SkillPotion"}],"is_trial":false,"path_per_floor":["M","?","M","M","?","R","E","R","T","?","?","M","E","?","R","B"],"character_chosen":"THE_SILENT","items_purchased":[],"campfire_rested":2,"item_purchase_floors":[],"current_hp_per_floor":[59,59,54,51,51,51,13,32,32,48,28,28,9,11,33,0,0],"gold":322,"neow_bonus":"THREE_SMALL_POTIONS","is_daily":false,"chose_seed":false,"campfire_upgraded":1,"win_rate":0.0,"timestamp":1608495313,"path_taken":["M","?","M","M","?","R","E","R","T","?","?","M","E","?","R","BOSS"],"items_purchased_type":[],"build_version":"2020-12-13","purchased_purges":0,"victory":false,"max_hp_per_floor":[66,66,66,66,66,66,66,66,66,66,66,66,66,76,76,76,76],"card_choices":[{"not_picked":["Choke","Distraction","Bane"],"picked":"SKIP","floor":1},{"not_picked":["Escape Plan","Dodge and Roll"],"picked":"Leg Sweep","floor":3},{"not_picked":["Blade Dance","Reflex","Finisher"],"picked":"SKIP","floor":4},{"not_picked":["Poisoned Stab","Underhanded Strike"],"picked":"Crippling Poison","floor":7},{"not_picked":["Sucker Punch","Tools of the Trade"],"picked":"Deadly Poison","floor":12},{"not_picked":["Distraction","Bane","Underhanded Strike"],"picked":"SKIP","floor":13},{"not_picked":["Bane","Backflip"],"picked":"Catalyst","floor":14}],"player_experience":1610701,"relics_obtained":[{"floor":7,"key":"Juzu Bracelet"},{"floor":9,"key":"Art of War"},{"floor":13,"key":"Bottled Lightning"},{"floor":14,"key":"Pear"}],"event_choices":[{"damage_healed":0,"gold_gain":0,"player_choice":"Grow","damage_taken":0,"max_hp_gain":0,"max_hp_loss":0,"event_name":"Living Wall","floor":2,"gold_loss":0,"cards_upgraded":["Neutralize"]},{"damage_healed":0,"gold_gain":50,"player_choice":"Pray","damage_taken":0,"max_hp_gain":0,"max_hp_loss":0,"event_name":"Golden Shrine","floor":5,"gold_loss":0},{"damage_healed":16,"gold_gain":0,"player_choice":"Healed","damage_taken":0,"max_hp_gain":0,"max_hp_loss":0,"event_name":"The Cleric","floor":10,"gold_loss":35},{"damage_healed":0,"gold_gain":0,"player_choice":"Entered Light","damage_taken":20,"max_hp_gain":0,"max_hp_loss":0,"event_name":"Shining Light","floor":11,"gold_loss":0,"cards_upgraded":["Defend_G","Strike_G"]},{"damage_healed":0,"gold_gain":30,"player_choice":"Searched \u00272\u0027 times","damage_taken":0,"max_hp_gain":0,"max_hp_loss":0,"event_name":"Dead Adventurer","floor":14,"gold_loss":0}],"is_beta":false,"boss_relics":[],"items_purged_floors":[],"is_endless":false,"potions_floor_spawned":[1,7,12,13],"killed_by":"Slime Boss","ascension_level":15}}