{"host":"kncugt8qnf1emsb0","time":1608465444,"event":{"mods":["ATMod(°¢èªMod)","AchievementEnabler","Act Like it!","BaseMod","Dota2Spire","Friendly Minions","KomeijiMod","Minty Spire (QoL Compilation)","MostiFishMod","Quick Restart","RumiaBox-Â¶Ã×æ«µÄÉñÃØºÐ×Ó","Shop Mod","Spicy Shops","StSLib","TestMod","¡¾ÒÅÎï¿¨ÅÆ¡¿REMEMod"],"gold_per_floor":[112,112,112,132,149,149,163,92,118,132,181,74,93,93,93,195,195,214,214,4,4,18,52,66,86,140,166,185,94,111,9,9,111,111,126,176,168,178,178,178,207,207,207,207,127,127,158,175,175,175,175,175,34,68,68],"floor_reached":56,"playtime":2535,"items_purged":["REME_Cut","Confused"],"score":1510,"play_id":"b3e87372-fd4e-45aa-841b-ad0db37e83c2","local_time":"20201220195724","is_ascension_mode":false,"campfire_choices":[{"data":"Eruption","floor":6,"key":"SMITH"},{"data":"testmod-Reflect","floor":15,"key":"SMITH"},{"data":"AT_OneInchPunch","floor":32,"key":"SMITH"},{"floor":40,"key":"RECALL"},{"data":"MostiFishMod:DarkDeal","floor":42,"key":"SMITH"},{"data":"AT_LightSaberMaster","floor":46,"key":"SMITH"},{"data":"MostiFishMod:LethalBlade","floor":49,"key":"SMITH"},{"data":"Violence","floor":52,"key":"SMITH"}],"circlet_count":0,"master_deck":["Strike_P+1","Eruption+1","Vigilance","AT_BreakingExtremeWeapon+1","testmod-Reflect+1","FollowUp","AT_OneInchPunch+1","MostiFishMod:LethalBlade+1","testmod-Reflect+1","Warcry+1","RedtheNightlessCastle","Violence+1","MostiFishMod:DarkDeal+1","AT_LightSaberMaster+1","AT_IchimonjiDouble+1"],"relics":["DaveBox","testmod-TestBox","REME_ComplimentaryCards","AT_ATBox","BionicSphere","Question Card","PrismaticShard","MerchantsRug","HandDrill","SSSystem","ImportantClient","SlaversCollar","Dota2Spire:AghanimScepter","Dota2Spire:OrchidMalevolence","Centennial Puzzle","Bottled Flame","AT_RedTearstoneRing","MagicDraw2","Black Star","PlanX","Dota2Spire:MantaStyle","Blood Vial","Dota2Spire:BladeMail","Dota2Spire:ArmletOfMordiggian","Dota2Spire:Dagon","Shuriken","AT_BellowingDragoncrestRing","Dota2Spire:Desolator"],"acts_visited":["Exordium","TheCity","TheBeyond","TheEnding"],"potions_floor_usage":[22],"damage_taken":[{"damage":2,"enemies":"Jaw Worm","floor":1,"turns":2},{"damage":0,"enemies":"2 Louse","floor":4,"turns":1},{"damage":0,"enemies":"Cultist","floor":5,"turns":2},{"damage":0,"enemies":"Exordium Wildlife","floor":7,"turns":2},{"damage":0,"enemies":"2 Fungi Beasts","floor":10,"turns":2},{"damage":0,"enemies":"3 Louse","floor":13,"turns":1},{"damage":16,"enemies":"The Guardian","floor":16,"turns":3},{"damage":0,"enemies":"Shell Parasite","floor":18,"turns":1},{"damage":0,"enemies":"2 Thieves","floor":22,"turns":2},{"damage":48,"enemies":"Book of Stabbing","floor":23,"turns":3},{"damage":0,"enemies":"Cultist and Chosen","floor":24,"turns":3},{"damage":0,"enemies":"Snecko","floor":25,"turns":2},{"damage":0,"enemies":"REME_1_Revenger","floor":27,"turns":1},{"damage":0,"enemies":"Shelled Parasite and Fungi","floor":28,"turns":1},{"damage":4,"enemies":"Centurion and Healer","floor":30,"turns":2},{"damage":0,"enemies":"Automaton","floor":33,"turns":1},{"damage":0,"enemies":"3 Darklings","floor":35,"turns":1},{"damage":0,"enemies":"Mind Bloom Boss Battle","floor":36,"turns":1},{"damage":0,"enemies":"Orb Walker","floor":38,"turns":1},{"damage":0,"enemies":"Giant Head","floor":41,"turns":1},{"damage":0,"enemies":"Nemesis","floor":47,"turns":1},{"damage":0,"enemies":"Transient","floor":48,"turns":2},{"damage":0,"enemies":"Awakened One","floor":50,"turns":2},{"damage":0,"enemies":"Shield and Spear","floor":54,"turns":1},{"damage":85,"enemies":"The Heart","floor":55,"turns":3}],"seed_played":"8511418560960619111","potions_obtained":[{"floor":4,"key":"ColorlessPotion"},{"floor":5,"key":"ColorlessPotion"},{"floor":18,"key":"GamblersBrew"},{"floor":27,"key":"Regen Potion"},{"floor":28,"key":"testmod-SpacePotion"},{"floor":33,"key":"AttackPotion"},{"floor":47,"key":"Fire Potion"},{"floor":48,"key":"Block Potion"},{"floor":54,"key":"Energy Potion"}],"is_trial":false,"path_per_floor":["M","?","?","M","M","R","M","$","T","M","T","$","M","?","R","B",null,"M","?","$","?","M","E","M","M","T","E","M","$","M","$","R","B",null,"M","?","$","M","?","R","E","R","T","?","$","R","E","M","R","B",null,"R","$","E","B",null],"character_chosen":"WATCHER","items_purchased":["MerchantsRug","HandDrill","SSSystem","Dota2Spire:AghanimScepter","AT_RedTearstoneRing","MagicDraw2","Shuriken","FairyPotion"],"campfire_rested":0,"item_purchase_floors":[8,8,12,20,29,31,53,53],"current_hp_per_floor":[70,56,44,44,44,44,44,44,44,44,44,44,44,44,44,28,72,72,72,72,72,72,32,32,32,32,32,32,32,28,28,28,28,80,80,80,80,80,80,80,80,80,80,80,80,80,80,80,80,80,80,80,80,80,35],"gold":68,"neow_bonus":"BOSS_RELIC","is_daily":false,"chose_seed":false,"campfire_upgraded":7,"win_rate":0.0,"timestamp":1608465444,"path_taken":["M","?","?","M","M","R","M","$","T","M","?","$","?","?","R","BOSS","M","?","$","?","M","E","?","M","T","E","M","$","?","$","R","BOSS","M","?","$","M","?","R","E","R","T","?","?","R","E","M","R","BOSS","R","$","E","BOSS"],"items_purchased_type":["Relic","Relic","Relic","Relic","Relic","Relic","Relic","Potion"],"build_version":"2020-12-13","purchased_purges":2,"victory":true,"max_hp_per_floor":[72,72,72,72,72,72,72,72,72,72,72,72,72,72,72,72,72,72,72,72,72,72,80,80,80,80,80,80,80,80,80,80,80,80,80,80,80,80,80,80,80,80,80,80,80,80,80,80,80,80,80,80,80,80,80],"card_choices":[{"not_picked":["FlurryOfBlows","ReachHeaven"],"picked":"FollowUp","floor":1},{"not_picked":["WipeMoisture+","Ball Lightning","FierceSweep"],"picked":"Impatience","floor":4},{"not_picked":["REME_WorshipGod","Swivel","AT_CaressingTears"],"picked":"AT_OneInchPunch","floor":5},{"not_picked":["Heavy Blade","Bane","Perfected Strike"],"picked":"REME_Cut","floor":7},{"not_picked":["AT_Desolate","Twin Strike","KouPou+1","PiercingWail"],"picked":"SKIP","floor":10},{"not_picked":["Skim","Rage","BattleHymn","Bloodletting"],"picked":"SKIP","floor":13},{"not_picked":["MostiFishMod:DisColor","testmod-AdversityCounterattack","Wraith Form v2"],"picked":"MostiFishMod:LethalBlade","floor":16},{"not_picked":["Intimidate","BodyStrengthen+1","Dark Embrace","Perfected Strike"],"picked":"SKIP","floor":18},{"not_picked":["Underhanded Strike","Good Instincts+1","HagoromoMizu","ReachHeaven"],"picked":"SKIP","floor":22},{"not_picked":["ThirdEye","KokorosuKi+1","FierceSweep","TrickFate"],"picked":"SKIP","floor":23},{"not_picked":["DamonLordCradle_Remiria","testmod-Illusory","Vengeance"],"picked":"Warcry+1","floor":24},{"not_picked":["Skim","Discovery","DemonLordCradle","Dodge and Roll+1"],"picked":"SKIP","floor":25},{"not_picked":["CrushJoints","AT_RobotInSpace+1","Cold Snap+1"],"picked":"RedtheNightlessCastle","floor":27},{"not_picked":["Prepared+1","Poisoned Stab","FlashOfSpring+","AT_ShrugMaster"],"picked":"SKIP","floor":28},{"not_picked":["Blizzard","ThirdEye+1","Evaluate","HenyouMirume"],"picked":"SKIP","floor":30},{"not_picked":["MostiFishMod:ScryFuture","AT_ArcaneSupremacy","Fission"],"picked":"Violence","floor":33},{"not_picked":["BodyStrengthen+1","Carnage","FollowUp+1","ShyakuBuku"],"picked":"SKIP","floor":35},{"not_picked":["NaturallyHealing+1","ThirdEye","Rampage+1","Pommel Strike"],"picked":"SKIP","floor":38},{"not_picked":["Catalyst","DochyakuKami+1","MostiFishMod:KamiSmash"],"picked":"MostiFishMod:DarkDeal","floor":41},{"not_picked":["Forethought","testmod-Mystery","testmod-DisillusionmentEcho"],"picked":"AT_LightSaberMaster","floor":44},{"not_picked":["Tearing","Storm","MostiFishMod:ButterFly"],"picked":"AT_IchimonjiDouble+1","floor":47},{"not_picked":["Body Slam","Nirvana+1","Iron Wave","DemonsDinnerFork_Remiria"],"picked":"SKIP","floor":48},{"not_picked":["REME_Scribble","Carnage+1","Forethought","Dark Embrace+1"],"picked":"SKIP","floor":54}],"player_experience":9299,"relics_obtained":[{"floor":1,"key":"Question Card"},{"floor":1,"key":"PrismaticShard"},{"floor":11,"key":"Dream Catcher"},{"floor":16,"key":"ImportantClient"},{"floor":23,"key":"Dota2Spire:OrchidMalevolence"},{"floor":26,"key":"Centennial Puzzle"},{"floor":27,"key":"Bottled Flame"},{"floor":36,"key":"PlanX"},{"floor":41,"key":"Dota2Spire:MantaStyle"},{"floor":41,"key":"Blood Vial"},{"floor":43,"key":"Dota2Spire:BladeMail"},{"floor":47,"key":"Dota2Spire:ArmletOfMordiggian"},{"floor":47,"key":"Dota2Spire:Dagon"},{"floor":54,"key":"AT_BellowingDragoncrestRing"},{"floor":54,"key":"Dota2Spire:Desolator"}],"event_choices":[{"damage_healed":0,"gold_gain":0,"player_choice":"Entered Light","damage_taken":14,"max_hp_gain":0,"max_hp_loss":0,"event_name":"Shining Light","floor":2,"gold_loss":0,"cards_upgraded":["Strike_P","AT_BreakingExtremeWeapon"]},{"damage_healed":0,"gold_gain":0,"player_choice":"Success","damage_taken":12,"relics_obtained":["REME_HandOfSuture"],"max_hp_gain":0,"max_hp_loss":0,"event_name":"Scrap Ooze","floor":3,"gold_loss":0},{"damage_healed":0,"gold_gain":0,"player_choice":"Ignored","damage_taken":0,"max_hp_gain":0,"max_hp_loss":0,"event_name":"Liars Game","floor":14,"gold_loss":0},{"damage_healed":0,"gold_gain":0,"player_choice":"Copied","damage_taken":0,"max_hp_gain":0,"max_hp_loss":0,"event_name":"Duplicator","floor":21,"gold_loss":0,"cards_obtained":["testmod-Reflect"]},{"damage_healed":0,"gold_gain":0,"player_choice":"Fight","damage_taken":0,"max_hp_gain":0,"max_hp_loss":0,"event_name":"MindBloom","floor":36,"gold_loss":0},{"damage_healed":0,"gold_gain":0,"player_choice":"Memory 1","damage_taken":0,"max_hp_gain":0,"max_hp_loss":0,"event_name":"SensoryStone","floor":44,"gold_loss":0}],"is_beta":false,"boss_relics":[{"not_picked":["testmod-EnergyCheck","Runic Pyramid"],"picked":"SlaversCollar"},{"not_picked":["REME_LowDesire","NightmareShop"],"picked":"Black Star"}],"items_purged_floors":[37,45],"is_endless":false,"potions_floor_spawned":[4,5,18,27,28,33,47,48,54],"ascension_level":0}}