{"host":"jpzdg3po3tjxdjri","time":1608488896,"event":{"mods":["BaseMod","Better Third Choice","Colored Map","Colored Powertips","Minty Spire (QoL Compilation)","StSLib"],"gold_per_floor":[119,130,145,155,2,34,50,60,85,85,85,85,136,55,55,128,128,93,93,93,103,28,53,53,53],"floor_reached":24,"playtime":655,"items_purged":["Writhe"],"score":356,"play_id":"5fb67b3c-0121-456f-ace9-5e0644ef5fd3","local_time":"20201220182816","is_ascension_mode":true,"campfire_choices":[{"floor":11,"key":"REST"},{"data":"Noxious Fumes","floor":15,"key":"SMITH"}],"circlet_count":0,"master_deck":["AscendersBane","Strike_G","Strike_G","Strike_G","Strike_G","Strike_G","Defend_G","Defend_G","Defend_G","Defend_G","Defend_G","Survivor","Neutralize+1","Poisoned Stab","Poisoned Stab","Dodge and Roll","PiercingWail","Deadly Poison","Noxious Fumes+1","Dagger Spray","Unload","Dodge and Roll","Deadly Poison","Footwork","Bullet Time","Infinite Blades","Sucker Punch","After Image"],"relics":["Ring of the Snake","Regal Pillow","Tiny Chest","Cursed Key","betterThird:NestCultRelic","Peace Pipe","Singing Bowl"],"acts_visited":["Exordium","TheCity"],"potions_floor_usage":[6,8,8],"damage_taken":[{"damage":0,"enemies":"Cultist","floor":1,"turns":4},{"damage":3,"enemies":"Small Slimes","floor":2,"turns":4},{"damage":5,"enemies":"Jaw Worm","floor":3,"turns":4},{"damage":13,"enemies":"3 Louse","floor":4,"turns":5},{"damage":15,"enemies":"Gremlin Nob","floor":6,"turns":4},{"damage":6,"enemies":"Looter","floor":7,"turns":3},{"damage":0,"enemies":"Lots of Slimes","floor":8,"turns":3},{"damage":32,"enemies":"Hexaghost","floor":16,"turns":10},{"damage":1,"enemies":"2 Thieves","floor":18,"turns":5},{"damage":8,"enemies":"Chosen","floor":21,"turns":5},{"damage":53,"enemies":"Book of Stabbing","floor":23,"turns":7},{"damage":10,"enemies":"Snake Plant","floor":24,"turns":2}],"seed_played":"-4831783027824555771","potions_obtained":[{"floor":1,"key":"Energy Potion"},{"floor":2,"key":"DistilledChaos"},{"floor":6,"key":"Dexterity Potion"},{"floor":8,"key":"Fruit Juice"},{"floor":21,"key":"SteroidPotion"}],"is_trial":false,"path_per_floor":["M","M","M","M","$","E","M","M","T","$","R","?","?","$","R","B",null,"M","?","T","M","$","E","M"],"character_chosen":"THE_SILENT","items_purchased":["Deadly Poison","Noxious Fumes","Dagger Spray","Footwork"],"campfire_rested":1,"item_purchase_floors":[5,5,5,14],"current_hp_per_floor":[63,60,55,42,42,27,21,26,26,26,63,68,68,68,68,36,69,68,68,68,60,60,7,0,0],"gold":53,"neow_bonus":"UPGRADE_CARD","is_daily":false,"chose_seed":false,"campfire_upgraded":1,"win_rate":0.0,"timestamp":1608488896,"path_taken":["M","M","?","M","$","E","M","M","T","$","R","?","?","$","R","BOSS","M","?","?","M","$","E","M"],"items_purchased_type":["Card","Card","Card","Card"],"build_version":"2020-12-13","purchased_purges":1,"victory":false,"max_hp_per_floor":[70,70,70,70,70,70,70,75,75,75,75,80,80,80,80,80,80,80,80,80,80,80,80,80,80],"card_choices":[{"not_picked":["Calculated Gamble","Deflect"],"picked":"Poisoned Stab","floor":1},{"not_picked":["Skewer","Acrobatics"],"picked":"Poisoned Stab","floor":2},{"not_picked":["Acrobatics","Expertise"],"picked":"Dodge and Roll","floor":3},{"not_picked":["Tactician","Accuracy"],"picked":"PiercingWail","floor":4},{"not_picked":["Masterful Stab","Outmaneuver"],"picked":"Unload","floor":6},{"not_picked":["Calculated Gamble","Distraction"],"picked":"Dodge and Roll","floor":7},{"not_picked":["Accuracy","Bane"],"picked":"Deadly Poison","floor":8},{"not_picked":["Night Terror","Grand Finale"],"picked":"Bullet Time","floor":16},{"not_picked":["Quick Slash","Prepared"],"picked":"Infinite Blades","floor":18},{"not_picked":["Backflip","Leg Sweep"],"picked":"Sucker Punch","floor":21},{"not_picked":["All Out Attack","Acrobatics"],"picked":"After Image","floor":23}],"player_experience":802360,"relics_obtained":[{"floor":6,"key":"Regal Pillow"},{"floor":9,"key":"Tiny Chest"},{"floor":20,"key":"Peace Pipe"},{"floor":23,"key":"Singing Bowl"}],"event_choices":[{"damage_healed":0,"gold_gain":0,"player_choice":"Donut","damage_taken":0,"max_hp_gain":5,"max_hp_loss":0,"event_name":"Big Fish","floor":12,"gold_loss":0},{"damage_healed":0,"gold_gain":51,"player_choice":"Gained Gold","damage_taken":0,"max_hp_gain":0,"max_hp_loss":0,"event_name":"Golden Wing","floor":13,"gold_loss":0},{"damage_healed":0,"gold_gain":0,"player_choice":"Madness","damage_taken":0,"relics_obtained":["betterThird:NestCultRelic"],"max_hp_gain":0,"max_hp_loss":0,"event_name":"betterThird:BetterNest","floor":19,"gold_loss":0}],"is_beta":false,"boss_relics":[{"not_picked":["SacredBark","Fusion Hammer"],"picked":"Cursed Key"}],"items_purged_floors":[22],"is_endless":false,"potions_floor_spawned":[1,2,6,8,21],"killed_by":"Snake Plant","ascension_level":13}}