{"host":"aas8f8jvicx6tcxp","time":1608475633,"event":{"mods":["BaseMod","Better Third Choice","BetterRewards","Hermit","Jorbs\u0027s Wanderer Trilogy","Minty Spire (QoL Compilation)","Robot Space Explorer","StSLib","The Cursed"],"gold_per_floor":[119,129,129,143,168,203,203,203,203,223,241,241,254,38,38,161,161,185,200,223,223,223,254,254,254,279,279,279,54,54,79,79,202,202,217,232,62,76,76,76],"floor_reached":39,"playtime":3381,"items_purged":[],"score":403,"play_id":"a4345878-f793-456b-807c-34f031038cd9","local_time":"20201220084713","is_ascension_mode":false,"campfire_choices":[{"floor":7,"key":"REST"},{"floor":12,"key":"REST"},{"data":"Loop","floor":15,"key":"SMITH"},{"floor":27,"key":"REST"},{"data":"Rainbow","floor":30,"key":"SMITH"},{"data":"White Noise","floor":32,"key":"SMITH"}],"circlet_count":0,"master_deck":["Strike_B+1","Strike_B+1","Strike_B+1","Strike_B+1","Defend_B+1","Defend_B+1","Defend_B+1","Defend_B+1","Zap","Dualcast","Cold Snap","Loop+1","Machine Learning","Capacitor","White Noise+1","Tempest","Echo Form","Cold Snap","Blizzard+1","Gash","Rainbow+1","Melter","Static Discharge","Leap+1","Buffer","Conserve Battery"],"relics":["Sozu","Golden Idol","Thread and Needle","Dead Branch","Lee\u0027s Waffle","Busted Crown","Calipers","Lantern","OrangePellets"],"acts_visited":["Exordium","TheCity","TheBeyond"],"potions_floor_usage":[],"damage_taken":[{"damage":3,"enemies":"Small Slimes","floor":1,"turns":3},{"damage":0,"enemies":"Cultist","floor":2,"turns":3},{"damage":2,"enemies":"Jaw Worm","floor":4,"turns":4},{"damage":2,"enemies":"3 Louse","floor":5,"turns":4},{"damage":16,"enemies":"3 Sentries","floor":6,"turns":10},{"damage":11,"enemies":"2 Fungi Beasts","floor":10,"turns":4},{"damage":4,"enemies":"Exordium Thugs","floor":11,"turns":5},{"damage":0,"enemies":"Exordium Wildlife","floor":13,"turns":4},{"damage":79,"enemies":"Hexaghost","floor":16,"turns":10},{"damage":15,"enemies":"Spheric Guardian","floor":18,"turns":3},{"damage":11,"enemies":"Shell Parasite","floor":19,"turns":6},{"damage":18,"enemies":"Centurion and Healer","floor":20,"turns":5},{"damage":10,"enemies":"Book of Stabbing","floor":23,"turns":6},{"damage":14,"enemies":"Snake Plant","floor":31,"turns":5},{"damage":35,"enemies":"Collector","floor":33,"turns":11},{"damage":12,"enemies":"3 Shapes","floor":35,"turns":4},{"damage":11,"enemies":"Orb Walker","floor":36,"turns":6},{"damage":42,"enemies":"Writhing Mass","floor":38,"turns":7},{"damage":18,"enemies":"3 Darklings","floor":39,"turns":2}],"seed_played":"-271178597718685398","potions_obtained":[],"is_trial":false,"path_per_floor":["M","M","?","M","M","E","R","?","T","M","M","R","M","$","R","B",null,"M","M","M","$","?","E","?","?","T","R","?","$","R","M","R","B",null,"M","M","$","M","M"],"character_chosen":"DEFECT","items_purchased":["Tempest","Lee\u0027s Waffle","Rainbow","Melter","Static Discharge","OrangePellets","Conserve Battery"],"campfire_rested":3,"item_purchase_floors":[14,14,29,29,29,37,37],"current_hp_per_floor":[72,72,54,52,50,34,56,56,56,45,41,63,63,82,82,3,82,67,56,38,38,38,28,28,28,28,52,82,82,82,68,68,33,82,70,59,59,17,0,0],"gold":76,"neow_bonus":"BOSS_RELIC","is_daily":false,"chose_seed":false,"campfire_upgraded":3,"win_rate":0.0,"timestamp":1608475633,"path_taken":["M","M","?","M","M","E","R","?","T","M","M","R","?","$","R","BOSS","M","M","M","$","?","E","?","?","T","R","?","$","R","M","R","BOSS","M","M","$","M","M"],"items_purchased_type":["Card","Relic","Card","Card","Card","Relic","Card"],"build_version":"2020-12-13","purchased_purges":0,"victory":false,"max_hp_per_floor":[75,75,75,75,75,75,75,75,75,75,75,75,75,82,82,82,82,82,82,82,82,82,82,82,82,82,82,82,82,82,82,82,82,82,82,82,82,82,82,82],"card_choices":[{"not_picked":["Hologram","Steam"],"picked":"Cold Snap","floor":1},{"not_picked":["Compile Driver","Coolheaded","Thunder Strike"],"picked":"SKIP","floor":2},{"not_picked":["Barrage","Hologram"],"picked":"Heatsinks","floor":4},{"not_picked":["Barrage","Beam Cell"],"picked":"Loop","floor":5},{"not_picked":["Go for the Eyes","Genetic Algorithm"],"picked":"Machine Learning","floor":6},{"not_picked":["Undo","Steam","Hologram"],"picked":"SKIP","floor":10},{"not_picked":["Turbo","Coolheaded"],"picked":"Capacitor","floor":11},{"not_picked":["Conserve Battery","Compile Driver"],"picked":"White Noise","floor":13},{"not_picked":["Reboot","Biased Cognition"],"picked":"Echo Form","floor":16},{"not_picked":[],"picked":"Cold Snap","floor":18},{"not_picked":[],"picked":"Blizzard+1","floor":19},{"not_picked":[],"picked":"Gash","floor":20},{"not_picked":["Beam Cell"],"picked":"SKIP","floor":23},{"not_picked":[],"picked":"Leap+1","floor":31},{"not_picked":[],"picked":"Buffer","floor":33},{"not_picked":["Cold Snap+1"],"picked":"SKIP","floor":35},{"not_picked":["Steam+1"],"picked":"SKIP","floor":36},{"not_picked":["Static Discharge+1"],"picked":"SKIP","floor":38}],"player_experience":211919,"relics_obtained":[{"floor":6,"key":"Thread and Needle"},{"floor":9,"key":"Dead Branch"},{"floor":23,"key":"Calipers"},{"floor":26,"key":"Lantern"}],"event_choices":[{"damage_healed":0,"gold_gain":0,"player_choice":"Take Damage","damage_taken":18,"relics_obtained":["Golden Idol"],"max_hp_gain":0,"max_hp_loss":0,"event_name":"Golden Idol","floor":3,"gold_loss":0},{"damage_healed":0,"gold_gain":0,"player_choice":"Bought 0 Potions","damage_taken":0,"max_hp_gain":0,"max_hp_loss":0,"event_name":"The Woman in Blue","floor":8,"gold_loss":0},{"damage_healed":0,"gold_gain":0,"player_choice":"Ignored","damage_taken":0,"max_hp_gain":0,"max_hp_loss":0,"event_name":"Ghosts","floor":22,"gold_loss":0},{"damage_healed":0,"gold_gain":0,"player_choice":"Ignored","damage_taken":0,"max_hp_gain":0,"max_hp_loss":0,"event_name":"Beggar","floor":24,"gold_loss":0},{"damage_healed":0,"gold_gain":0,"player_choice":"Simplicity","damage_taken":0,"max_hp_gain":0,"max_hp_loss":8,"event_name":"betterThird:BetterWriting","floor":25,"gold_loss":0},{"cards_removed":["Heatsinks"],"damage_healed":30,"gold_gain":0,"player_choice":"Offered Uncommon","damage_taken":0,"max_hp_gain":0,"max_hp_loss":0,"event_name":"Bonfire Elementals","floor":28,"gold_loss":0}],"is_beta":false,"boss_relics":[{"not_picked":["Cursed Key","Ectoplasm"],"picked":"Busted Crown"},{"not_picked":["SlaversCollar","Philosopher\u0027s Stone","Snecko Eye"]}],"items_purged_floors":[],"is_endless":false,"potions_floor_spawned":[2,10,11,13,18,35],"killed_by":"3 Darklings","ascension_level":0}}