{"host":"5gc11emcm5chfr5t","time":1608435821,"event":{"mods":["2.2 Compatiblity","AchievementEnabler","BaseMod","Bestiary","Better Note","Colored Map","Colored Powertips","Downfall","Googly Eyes","Minty Spire (QoL Compilation)","Rare Cards Sparkle","StSLib"],"gold_per_floor":[99,99,99,128,44,83,131,56,83,8,58,67,67,88,130,130,130],"floor_reached":16,"playtime":418,"items_purged":[],"score":249,"play_id":"066b2131-dbbc-4597-9cac-7899a97a507e","local_time":"20201219224341","is_ascension_mode":true,"campfire_choices":[{"floor":1,"key":"RECALL"},{"floor":8,"key":"REST"},{"floor":10,"key":"REST"}],"circlet_count":0,"master_deck":["AscendersBane","sneckomod:Strike","sneckomod:Strike","sneckomod:Strike","sneckomod:Defend","sneckomod:Defend","sneckomod:Defend","sneckomod:TailWhip","sneckomod:SnekBite","sneckomod:Unknown","sneckomod:Unknown","sneckomod:DiceBoulder","sneckomod:UnknownUncommonPower","sneckomod:UnknownColorless","sneckomod:Unknown2Cost","sneckomod:SerpentIdol","sneckomod:UnknownStrength","sneckomod:WideSting","sneckomod:MorePower"],"relics":["sneckomod:SneckoSoul","downfall:HeartsMalice","Calipers","CeramicFish","downfall:HeartBlessingGreen","downfall:HeartBlessingBlue","GremlinMask"],"acts_visited":["Exordium"],"potions_floor_usage":[6,14,15,16],"damage_taken":[{"damage":0,"enemies":"2 Louse","floor":3,"turns":1},{"damage":0,"enemies":"3 Sentries","floor":4,"turns":1},{"damage":0,"enemies":"downfall:FleeingMerchant","floor":5,"turns":1},{"damage":54,"enemies":"Gremlin Nob","floor":6,"turns":5},{"damage":0,"enemies":"Small Slimes","floor":9,"turns":2},{"damage":0,"enemies":"Cultist","floor":12,"turns":1},{"damage":20,"enemies":"Exordium Wildlife","floor":14,"turns":4},{"damage":6,"enemies":"Gremlin Gang","floor":15,"turns":5},{"damage":62,"enemies":"downfall:Watcher","floor":16,"turns":9}],"seed_played":"-522534522995628709","potions_obtained":[{"floor":6,"key":"SneckoOil"},{"floor":9,"key":"hexamod:EctoCoolerPotion"},{"floor":15,"key":"DuplicationPotion"}],"is_trial":false,"path_per_floor":["R","?","M","E","$","E","T","R","M","R","?","M","?","M","M","B"],"character_chosen":"THE_SNECKO","items_purchased":["DuplicationPotion"],"campfire_rested":2,"item_purchase_floors":[5],"current_hp_per_floor":[75,75,75,76,77,24,24,49,49,84,84,85,85,65,59,0,0],"gold":130,"neow_bonus":"THREE_ENEMY_KILL","is_daily":false,"chose_seed":false,"campfire_upgraded":0,"win_rate":0.0,"timestamp":1608435821,"path_taken":["R","?","M","E","$","E","T","R","M","R","?","M","?","M","M","BOSS"],"items_purchased_type":["Potion"],"build_version":"2020-12-13","purchased_purges":0,"victory":false,"max_hp_per_floor":[83,83,83,84,85,86,86,86,86,96,96,97,97,97,97,97,97],"card_choices":[{"not_picked":["sneckomod:Rotation","sneckomod:IronFang"],"picked":"sneckomod:DiceBoulder","floor":3},{"not_picked":["sneckomod:UnknownClassPURPLE","sneckomod:UnknownWeak"],"picked":"sneckomod:UnknownUncommonPower","floor":4},{"not_picked":["sneckomod:UnknownCommonAttack","sneckomod:QuickMove"],"picked":"sneckomod:UnknownColorless","floor":5},{"not_picked":["sneckomod:Unknown1Cost","sneckomod:DiceBlock"],"picked":"sneckomod:Unknown2Cost","floor":6},{"not_picked":["sneckomod:WideSting","sneckomod:UnknownCommonAttack"],"picked":"sneckomod:SerpentIdol","floor":9},{"not_picked":["sneckomod:UnknownVulnerable","sneckomod:WideSting"],"picked":"sneckomod:UnknownStrength","floor":12},{"not_picked":["sneckomod:DiceCrush","sneckomod:UnknownBlock"],"picked":"sneckomod:WideSting","floor":14},{"not_picked":["sneckomod:SnekBeam","sneckomod:UnknownClassTHE_CHAMP_GRAY"],"picked":"sneckomod:MorePower","floor":15}],"player_experience":447458,"relics_obtained":[{"floor":4,"key":"Calipers"},{"floor":6,"key":"CeramicFish"}],"event_choices":[{"damage_healed":0,"gold_gain":0,"player_choice":"Trade","damage_taken":0,"relics_obtained":["GremlinMask"],"max_hp_gain":0,"max_hp_loss":0,"event_name":"FaceTrader","floor":13,"gold_loss":0}],"is_beta":false,"boss_relics":[],"items_purged_floors":[],"is_endless":false,"potions_floor_spawned":[6,9,15],"killed_by":"downfall:Watcher","ascension_level":18}}