{"host":"r3eb5kff0hcmimdq","time":1608448707,"event":{"mods":["Act Like it!","BaseMod","Colored Powertips","Gensokyo","Highlight Path","Marisa£®ÏF”Í°°ƒß¿Ì…≥£©","Minty Spire (QoL Compilation)","Replay The Spire","Shop Mod","Spicy Shops","StSLib","WarShipGirlsR/’ΩΩ¢…Ÿ≈ÆR mod","Youmu£®ªÍ∆«—˝√Œ£©","Yuyuko","noobMod"],"gold_per_floor":[12,24,99,99,199,199,233,233,233,244,33,33,33,50,50,151,151,162,366,268,281,20,20,54,65,65,65,65,77,77,87,87,185,185,195,195,3,3,13,32,63,1,83,101,112,130,21,31,31,31,31,31,184,209,209],"floor_reached":56,"playtime":2447,"items_purged":["CommonCold","JustLucky","Halt","Defend_P","Defend_P","Consecrate","Conclude+1"],"score":1422,"play_id":"e74f5fb3-3dcc-4c64-a666-eef73e3c8df5","local_time":"20201220151827","is_ascension_mode":false,"campfire_choices":[{"data":"Eruption","floor":6.0,"key":"SMITH"},{"data":"Omniscience","floor":8.0,"key":"SMITH"},{"data":"SignatureMove","floor":13.0,"key":"SMITH"},{"data":"Vigilance","floor":15.0,"key":"SMITH"},{"data":"Adaptation","floor":23,"key":"SMITH"},{"floor":27,"key":"RECALL"},{"data":"ReplayTheSpireMod:Private Reserves","floor":30,"key":"SMITH"},{"data":"Sanctity","floor":32,"key":"SMITH"},{"data":"Conclude","floor":49,"key":"SMITH"},{"floor":52,"key":"REST"}],"circlet_count":0,"master_deck":["Eruption+1","Vigilance+1","SpiritShield+1","Omniscience+1","SignatureMove+1","Adaptation+1","Sanctity+1","ReplayTheSpireMod:Private Reserves+1","Alpha+1"],"relics":["PureWater","ice","StoneCalendar","MerchantsRug","ReplayTheSpireMod:CursedCoin","Blue Doll","Bronze Scales","Cauldron","Quantum Egg"],"acts_visited":["Exordium","TheCity","TheBeyond","TheEnding"],"potions_floor_usage":[],"damage_taken":[{"damage":0.0,"enemies":"Small Slimes","floor":1.0,"turns":4.0},{"damage":0.0,"enemies":"Jaw Worm","floor":2.0,"turns":3.0},{"damage":44.0,"enemies":"3 Sentries","floor":7.0,"turns":8.0},{"damage":1.0,"enemies":"Cultist","floor":10.0,"turns":3.0},{"damage":0.0,"enemies":"Lots of Slimes","floor":14.0,"turns":1.0},{"damage":5.0,"enemies":"Fading Forest","floor":16.0,"turns":11.0},{"damage":16.0,"enemies":"Shell Parasite","floor":18.0,"turns":6.0},{"damage":1,"enemies":"Spheric Guardian","floor":21,"turns":3},{"damage":45,"enemies":"Slavers","floor":24,"turns":5},{"damage":0,"enemies":"Cultist and Chosen","floor":25,"turns":3},{"damage":0,"enemies":"Snecko","floor":29,"turns":4},{"damage":0,"enemies":"Centurion and Healer","floor":31,"turns":3},{"damage":25,"enemies":"Collector","floor":33,"turns":7},{"damage":1,"enemies":"3 Darklings","floor":35,"turns":3},{"damage":30,"enemies":"Orb Walker","floor":39,"turns":3},{"damage":0,"enemies":"4 Shapes","floor":40,"turns":2},{"damage":15,"enemies":"R_Hoarder","floor":41,"turns":5},{"damage":11,"enemies":"Sphere and 2 Shapes","floor":44,"turns":3},{"damage":11,"enemies":"Spire Growth","floor":45,"turns":4},{"damage":2,"enemies":"Writhing Mass","floor":46,"turns":2},{"damage":3,"enemies":"Sphere and 2 Shapes","floor":48,"turns":4},{"damage":63,"enemies":"Time Eater","floor":50,"turns":6},{"damage":0,"enemies":"Shield and Spear","floor":54,"turns":4},{"damage":86,"enemies":"The Heart","floor":55,"turns":5}],"seed_played":"5637842843872776305","potions_obtained":[{"floor":1.0,"key":"SteroidPotion"},{"floor":18.0,"key":"Swift Potion"},{"floor":25,"key":"Ancient Potion"},{"floor":31,"key":"Reflective Coating"},{"floor":40,"key":"Venom Potion"},{"floor":44,"key":"Weak Potion"},{"floor":45,"key":"Regen Potion"},{"floor":46,"key":"LiquidMemories"},{"floor":48,"key":"Energy Potion"},{"floor":53,"key":"SpeedPotion"},{"floor":53,"key":"CultistPotion"},{"floor":53,"key":"Swift Potion"},{"floor":53,"key":"FairyPotion"},{"floor":53,"key":"Toxic Potion"}],"is_trial":false,"path_per_floor":["M","M","?","?","?","R","E","R","T","M","$","?","R","M","R","B",null,"M","?","$","M","$","R","E","M","T","R","?","M","R","M","R","B",null,"M","?","$","?","M","M","E","$","T","M","M","M","$","M","R","B",null,"R","$","E","B",null],"character_chosen":"WATCHER","items_purchased":["MerchantsRug","SignatureMove","ReplayTheSpireMod:CursedCoin","Blue Doll","Sanctity","Bronze Scales","ReplayTheSpireMod:Private Reserves","Replay:WaspNest","BargainBundle","Fruit Juice","Reflective Coating","SpeedPotion","Fruit Juice","Cauldron"],"campfire_rested":1,"item_purchase_floors":[11,11,20,20,20,22,22,37,47,47,47,47,47,53],"current_hp_per_floor":[72,72,61,54,54,54,10,10,10,9,9,14,14,14,14,19,77,61,42,42,41,41,41,51,51,51,51,51,51,51,51,51,26,87,86,86,86,86,56,56,41,41,41,30,109,107,107,104,104,41,119,119,119,119,33],"gold":209,"neow_bonus":"TRANSFORM_TWO_CARDS","is_daily":false,"chose_seed":false,"campfire_upgraded":8,"win_rate":0.0,"timestamp":1608448707,"path_taken":["M","M","?","?","?","R","E","R","T","?","?","?","R","M","R","BOSS","M","?","$","?","$","R","E","M","T","R","?","M","R","M","R","BOSS","M","?","$","?","M","M","E","$","T","?","M","?","$","?","R","BOSS","R","$","E","BOSS"],"items_purchased_type":["Relic","Card","Relic","Relic","Card","Relic","Card","Relic","Relic","Potion","Potion","Potion","Potion","Relic"],"build_version":"2020-12-13","purchased_purges":7,"victory":true,"max_hp_per_floor":[72,72,72,72,72,72,72,72,72,72,72,77,77,77,77,77,77,77,77,77,77,77,77,78,80,80,80,80,82,82,83,83,87,87,90,90,90,90,92,95,103,103,103,106,109,110,110,113,113,119,119,119,119,125,160],"card_choices":[{"not_picked":["SandsOfTime","ThirdEye"],"picked":"Halt","floor":1.0},{"not_picked":["Halt","JustLucky"],"picked":"Consecrate","floor":2.0},{"not_picked":["Ragnarok","FlurryOfBlows"],"picked":"Omniscience","floor":7.0},{"not_picked":["FlyingSleeves","WaveOfTheHand","LikeWater"],"picked":"SKIP","floor":10.0},{"not_picked":["Evaluate","PathToVictory","BattleHymn"],"picked":"SKIP","floor":14.0},{"not_picked":["Brilliance","Blasphemy"],"picked":"Omniscience","floor":16.0},{"not_picked":["Crescendo","CrushJoints","Replay:ManipulateFuture"],"picked":"SKIP","floor":18.0},{"not_picked":["CrushJoints","FlyingSleeves"],"picked":"Adaptation","floor":19},{"not_picked":["FlurryOfBlows","FollowUp","Halt"],"picked":"SKIP","floor":21},{"not_picked":["Replay:DivineShield+1","PathToVictory","Swivel"],"picked":"SKIP","floor":24},{"not_picked":["CrushJoints","BowlingBash","Replay:Hum"],"picked":"SKIP","floor":25},{"not_picked":["SashWhip+1","EmptyBody","JustLucky"],"picked":"SKIP","floor":29},{"not_picked":["LessonLearned","Replay:ManipulateFuture+1","ThirdEye"],"picked":"SKIP","floor":31},{"not_picked":["FlyingSleeves","Replay:BluntJabs","Fasting2+1"],"picked":"SKIP","floor":35},{"not_picked":["Replay:BluntJabs","Replay:AtTheReady+1","ClearTheMind+1"],"picked":"SKIP","floor":39},{"not_picked":["FlyingSleeves+1","Replay:Battleflow","Establishment"],"picked":"SKIP","floor":40},{"not_picked":["FlurryOfBlows","ForeignInfluence","SpiritShield"],"picked":"SKIP","floor":41},{"not_picked":["JustLucky","Evaluate+1","EmptyBody"],"picked":"SKIP","floor":44},{"not_picked":["Replay:BluntJabs+1","ThirdEye+1","FlurryOfBlows+1"],"picked":"SKIP","floor":45},{"not_picked":["Replay:BluntJabs+1","Meditate","Vengeance+1"],"picked":"SKIP","floor":46},{"not_picked":["Replay:Hum","CrushJoints+1","CarveReality"],"picked":"SKIP","floor":48},{"not_picked":["FollowUp","ClearTheMind","JustLucky+1"],"picked":"SKIP","floor":54}],"player_experience":156609,"relics_obtained":[{"floor":7.0,"key":"StoneCalendar"},{"floor":9.0,"key":"Replay:PocketPolymizer"},{"floor":24,"key":"Potion Belt"},{"floor":41,"key":"Bottled Flame"},{"floor":43,"key":"The Courier"},{"floor":54,"key":"Quantum Egg"}],"event_choices":[{"damage_healed":0.0,"max_hp_gain":0.0,"max_hp_loss":0.0,"gold_gain":75.0,"event_name":"World of Goop","player_choice":"Gather Gold","floor":3.0,"gold_loss":0.0,"damage_taken":11.0},{"cards_removed":["Defend_P"],"damage_healed":0.0,"max_hp_gain":0.0,"max_hp_loss":0.0,"gold_gain":0.0,"event_name":"Golden Wing","player_choice":"Card Removal","floor":4.0,"gold_loss":0.0,"damage_taken":7.0},{"damage_healed":0.0,"max_hp_gain":0.0,"max_hp_loss":0.0,"gold_gain":100.0,"event_name":"Golden Shrine","player_choice":"Pray","floor":5.0,"gold_loss":0.0,"damage_taken":0.0},{"damage_healed":0.0,"max_hp_gain":5.0,"max_hp_loss":0.0,"gold_gain":0.0,"event_name":"Big Fish","player_choice":"Donut","floor":12.0,"gold_loss":0.0,"damage_taken":0.0},{"damage_healed":0,"gold_gain":0,"player_choice":"Upgraded","damage_taken":0,"max_hp_gain":0,"max_hp_loss":0,"event_name":"Upgrade Shrine","floor":28,"gold_loss":0,"cards_upgraded":["Alpha"]},{"damage_healed":0,"gold_gain":0,"player_choice":"Forge","damage_taken":0,"max_hp_gain":0,"max_hp_loss":0,"event_name":"Accursed Blacksmith","floor":38,"gold_loss":0,"cards_upgraded":["SpiritShield"]}],"is_beta":false,"boss_relics":[{"not_picked":["SlaversCollar","Replay:Ancient Bell"],"picked":"Empty Cage"},{"not_picked":["Replay:Bronze Core","ReplayTheSpireMod:DimensionalGlitch"],"picked":"Velvet Choker"}],"items_purged_floors":[20,22,37,42,47,47,53],"is_endless":false,"potions_floor_spawned":[1,18,25,31,40,44,45,46,48],"ascension_level":0}}