{"host":"Aysed","time":1608466059,"event":{"mods":["AchievementEnabler","BaseMod","Colored Powertips","Downfall","Faster Ascension Climbing","Minty Spire (QoL Compilation)","Quick Restart","StSLib","SuperFastMode"],"gold_per_floor":[115,115,127,143,68,68,85,85,111,122,149,49,68,88,88,88,88],"floor_reached":16,"playtime":341,"items_purged":["Defend_B","Defend_B"],"score":104,"play_id":"ab3ba8c2-fa89-40c2-a2d5-a0e3405f3fe6","local_time":"20201220130739","is_ascension_mode":false,"campfire_choices":[{"data":"Zap","floor":6,"key":"SMITH"},{"data":"Dualcast","floor":15,"key":"SMITH"}],"circlet_count":0,"master_deck":["Strike_B","Strike_B","Strike_B","Defend_B","Defend_B","Zap+1","Dualcast+1"],"relics":["Cracked Core","Omamori","Blood Vial","Happy Flower","Unceasing Top"],"acts_visited":["Exordium"],"potions_floor_usage":[16],"damage_taken":[{"damage":3,"enemies":"Jaw Worm","floor":1,"turns":3},{"damage":1,"enemies":"Cultist","floor":3,"turns":4},{"damage":4,"enemies":"2 Louse","floor":4,"turns":2},{"damage":10,"enemies":"Looter","floor":7,"turns":3},{"damage":11,"enemies":"2 Fungi Beasts","floor":10,"turns":3},{"damage":21,"enemies":"Lagavulin","floor":11,"turns":5},{"damage":6,"enemies":"Lots of Slimes","floor":13,"turns":4},{"damage":20,"enemies":"Exordium Thugs","floor":14,"turns":3},{"damage":9,"enemies":"Hexaghost","floor":16,"turns":4}],"seed_played":"-570384493568380742","potions_obtained":[{"floor":3,"key":"SneckoOil"},{"floor":4,"key":"SkillPotion"},{"floor":7,"key":"Weak Potion"},{"floor":14,"key":"champ:CounterPotion"}],"is_trial":false,"path_per_floor":["M","?","M","M","$","R","M","?","T","M","E","$","M","M","R","B"],"character_chosen":"DEFECT","items_purchased":[],"campfire_rested":0,"item_purchase_floors":[],"current_hp_per_floor":[72,72,71,67,67,67,57,57,57,48,29,29,25,7,7,0,0],"gold":88,"neow_bonus":"RANDOM_COMMON_RELIC","is_daily":false,"chose_seed":false,"campfire_upgraded":2,"win_rate":0.0,"timestamp":1608466059,"path_taken":["M","?","?","M","?","R","M","?","T","?","E","$","M","M","R","BOSS"],"items_purchased_type":[],"build_version":"2020-12-18","purchased_purges":2,"victory":false,"max_hp_per_floor":[75,75,75,75,75,75,75,75,75,75,75,75,75,75,75,75,75],"card_choices":[{"not_picked":["Hologram","Ball Lightning","Lockon"],"picked":"SKIP","floor":1},{"not_picked":["Lockon","Blizzard","Ball Lightning"],"picked":"SKIP","floor":3},{"not_picked":["Hologram","Self Repair","Cold Snap"],"picked":"SKIP","floor":4},{"not_picked":["Stack","Streamline","Sweeping Beam"],"picked":"SKIP","floor":7},{"not_picked":["Steam","Stack","Biased Cognition"],"picked":"SKIP","floor":10},{"not_picked":["Conserve Battery","Compile Driver","Coolheaded"],"picked":"SKIP","floor":11},{"not_picked":["Cold Snap","Rip and Tear","Hologram"],"picked":"SKIP","floor":13},{"not_picked":["Ball Lightning","Hello World","Barrage"],"picked":"SKIP","floor":14}],"player_experience":38110,"relics_obtained":[{"floor":9,"key":"Happy Flower"},{"floor":11,"key":"Unceasing Top"}],"event_choices":[{"cards_removed":["Strike_B"],"damage_healed":0,"gold_gain":0,"player_choice":"Offered Basic","damage_taken":0,"max_hp_gain":0,"max_hp_loss":0,"event_name":"Bonfire Elementals","floor":2,"gold_loss":0},{"damage_healed":0,"gold_gain":0,"player_choice":"Gave Potion","damage_taken":0,"relics_obtained":["Blood Vial"],"max_hp_gain":0,"max_hp_loss":0,"event_name":"WeMeetAgain","floor":8,"gold_loss":0}],"is_beta":true,"boss_relics":[],"items_purged_floors":[5,12],"is_endless":false,"potions_floor_spawned":[3,4,7,14],"killed_by":"Hexaghost","ascension_level":0}}