{"host":"nnt34ungdh9fkcmy","time":1608504191,"event":{"mods":["BaseMod","Downfall","Minty Spire (QoL Compilation)","StSLib","SuperFastMode"],"gold_per_floor":[99,114,134,134,153,153,205,231,231,262,55,55,67,80,100,198,198,123,123,141,141,471,396,396,408,435,435,435,454,111,135,146,247,247,172,187,219,239,355,369,369,60,60,93,111,111,61,11,22,22,22,57,7,7,7],"floor_reached":56,"playtime":3782,"items_purged":["champ:Defend","champ:Strike","champ:Defend","champ:Defend","champ:Defend","champ:Execute"],"score":1480,"play_id":"84519d24-a330-4895-a446-c9391911b512","local_time":"20201220154311","is_ascension_mode":false,"campfire_choices":[{"data":"champ:Taunt","floor":1.0,"key":"SMITH"},{"data":"champ:AdrenalArmor","floor":4.0,"key":"SMITH"},{"floor":18.0,"key":"RECALL"},{"floor":23.0,"key":"REST"},{"floor":27.0,"key":"REST"},{"floor":35,"key":"REST"},{"floor":43,"key":"REST"},{"floor":54,"key":"REST"}],"circlet_count":0,"master_deck":["champ:Taunt+1","champ:GutPunch","champ:AdrenalArmor+1","champ:Lariat","champ:BringItOn","champ:RisingSlash","Apotheosis+1","champ:FanOfKnives","champ:Circumvent","champ:Encircle","champ:CrownThrow","champ:Haymaker","champ:Riposte","champ:EnragedBash","champ:ViciousMockery","champ:FlashCut+1","champ:RapidStrikes","champ:ArenaPreparation+1","champ:HeavySlash","champ:FaceSlap","champ:FocusedBerserking+1","champ:HoldFirm+1","champ:PreciseThrust+1","champ:SteelEdge"],"relics":["champ:ChampionCrown","downfall:ShatteredFragment","Lantern","champ:FightingForDummies","champ:LiftRelic","Orichalcum","Fusion Hammer","downfall:HeartBlessingGreen","Old Coin","downfall:HeartBlessingRed","Incense Burner","Omamori","champ:GladiatorsBookOfMartialProwess","Toxic Egg 2","Philosopher\u0027s Stone","downfall:HeartBlessingBlue","Smiling Mask","Ice Cream","Kunai","Eternal Feather","TungstenRod"],"acts_visited":["Exordium","TheCity","TheBeyond","TheEnding"],"potions_floor_usage":[55],"damage_taken":[{"damage":9.0,"enemies":"Cultist","floor":2.0,"turns":4.0},{"damage":5.0,"enemies":"Small Slimes","floor":3.0,"turns":3.0},{"damage":16.0,"enemies":"Jaw Worm","floor":5.0,"turns":4.0},{"damage":55.0,"enemies":"Gremlin Nob","floor":8.0,"turns":4.0},{"damage":46.0,"enemies":"Lagavulin","floor":10.0,"turns":5.0},{"damage":23.0,"enemies":"downfall:FleeingMerchant","floor":11.0,"turns":4.0},{"damage":11.0,"enemies":"2 Fungi Beasts","floor":13.0,"turns":3.0},{"damage":16.0,"enemies":"Large Slime","floor":14.0,"turns":3.0},{"damage":5.0,"enemies":"Blue Slaver","floor":15.0,"turns":3.0},{"damage":29.0,"enemies":"downfall:Defect","floor":16.0,"turns":4.0},{"damage":7.0,"enemies":"Spheric Guardian","floor":20.0,"turns":2.0},{"damage":48.0,"enemies":"Book of Stabbing","floor":22.0,"turns":5.0},{"damage":9.0,"enemies":"Shell Parasite","floor":25.0,"turns":2.0},{"damage":8.0,"enemies":"Slavers","floor":26.0,"turns":4.0},{"damage":20.0,"enemies":"Snecko","floor":29.0,"turns":4.0},{"damage":3.0,"enemies":"downfall:FleeingMerchant","floor":30.0,"turns":4.0},{"damage":31.0,"enemies":"Shelled Parasite and Fungi","floor":32.0,"turns":2.0},{"damage":64.0,"enemies":"downfall:Ironclad","floor":33.0,"turns":5.0},{"damage":2,"enemies":"Orb Walker","floor":36,"turns":2},{"damage":57,"enemies":"Giant Head","floor":37,"turns":5},{"damage":12,"enemies":"3 Shapes","floor":38,"turns":3},{"damage":12,"enemies":"downfall:FleeingMerchant","floor":39,"turns":4},{"damage":33,"enemies":"Writhing Mass","floor":40,"turns":4},{"damage":9,"enemies":"Nemesis","floor":44,"turns":5},{"damage":37,"enemies":"Spire Growth","floor":45,"turns":2},{"damage":3,"enemies":"Jaw Worm Horde","floor":49,"turns":3},{"damage":87,"enemies":"downfall:Silent","floor":50,"turns":4},{"damage":25,"enemies":"downfall:CharBossMerchant","floor":52,"turns":6},{"damage":75,"enemies":"downfall:NeowBoss","floor":55,"turns":19}],"seed_played":"-982570559296722462","potions_obtained":[{"floor":8.0,"key":"FearPotion"},{"floor":13.0,"key":"SkillPotion"},{"floor":14.0,"key":"PowerPotion"},{"floor":29.0,"key":"AttackPotion"},{"floor":33.0,"key":"Swift Potion"}],"is_trial":false,"path_per_floor":["R","M","M","R","M","?","T","E","?","E","$","?","M","M","M","B",null,"R","?","M","?","E","R","T","M","E","R","?","M","$","T","M","B",null,"R","M","E","M","$","M","T","$","R","E","M","?","$","$","M","B",null,"E","$","R","B",null],"character_chosen":"THE_CHAMP","items_purchased":["Apotheosis","Toxic Egg 2","champ:HoldFirm+1","Kunai"],"campfire_rested":5,"item_purchase_floors":[11,30,39,42],"current_hp_per_floor":[90,86,90,90,90,63,63,42,42,42,42,42,42,52,52,57,90,90,90,90,90,78,90,90,90,90,90,90,87,89,89,81,63,90,100,100,100,100,100,100,100,100,100,100,100,100,100,100,100,72,100,100,100,100,84],"gold":7,"neow_bonus":"REMOVE_CARD","is_daily":false,"chose_seed":false,"campfire_upgraded":2,"win_rate":0.0,"timestamp":1608504191,"path_taken":["R","M","M","R","M","?","T","E","?","E","$","?","M","M","M","BOSS","R","?","M","?","E","R","T","M","E","R","?","M","$","?","M","BOSS","R","M","E","M","$","M","T","$","R","E","M","?","?","$","M","BOSS","E","$","R","BOSS"],"items_purchased_type":["Card","Relic","Card","Relic"],"build_version":"2020-12-13","purchased_purges":6,"victory":true,"max_hp_per_floor":[90,90,90,90,90,90,90,90,90,90,90,90,90,90,90,90,90,90,90,90,90,90,90,90,90,90,90,90,90,90,90,90,90,90,100,100,100,100,100,100,100,100,100,100,100,100,100,100,100,100,100,100,100,100,100],"card_choices":[{"not_picked":["champ:GladiatorsShout","champ:FocusedDefense"],"picked":"champ:GutPunch","floor":2.0},{"not_picked":["champ:CrookedStrike","champ:FanOfKnives"],"picked":"champ:AdrenalArmor","floor":3.0},{"not_picked":["champ:BladeFlurry","champ:PerfectedStrike"],"picked":"champ:Lariat","floor":5.0},{"not_picked":["champ:LastStand","champ:HeartStrike"],"picked":"champ:BringItOn","floor":8.0},{"not_picked":["champ:Riposte","champ:Haymaker","champ:DefensiveShout"],"picked":"SKIP","floor":10.0},{"not_picked":["champ:Riposte","champ:Backstep"],"picked":"champ:RisingSlash","floor":11.0},{"not_picked":["champ:Backstep","champ:FlashCut"],"picked":"champ:FanOfKnives","floor":13.0},{"not_picked":["champ:AdrenalArmor","champ:BringItOn"],"picked":"champ:Circumvent","floor":14.0},{"not_picked":["champ:FocusedDefense","champ:PerfectedStrike"],"picked":"champ:Encircle","floor":15.0},{"not_picked":["champ:CheapShot","champ:DancingMaster"],"picked":"champ:CrownThrow","floor":16.0},{"not_picked":["champ:GladiatorsShout","champ:Backstep+1"],"picked":"champ:Haymaker","floor":20.0},{"not_picked":["champ:GladiatorsShout","champ:EnGarde","champ:FocusedGladiator"],"picked":"SKIP","floor":22.0},{"not_picked":["champ:Haymaker","champ:AdrenalArmor+1"],"picked":"champ:ViciousMockery","floor":25.0},{"not_picked":["champ:DancingMaster","champ:PerfectForm"],"picked":"champ:FlashCut+1","floor":26.0},{"not_picked":["champ:Circumvent+1","champ:CalledShot","champ:GladiatorsShout"],"picked":"SKIP","floor":29.0},{"not_picked":["champ:GladiatorsShout","champ:BerserkersShout"],"picked":"champ:RapidStrikes","floor":30.0},{"not_picked":["champ:StanceDance+1","champ:Haymaker"],"picked":"champ:ArenaPreparation+1","floor":32.0},{"not_picked":["champ:SwordThrow","champ:Devastate"],"picked":"champ:HeavySlash","floor":33.0},{"not_picked":["champ:BerserkersShout+1","champ:Encircle"],"picked":"champ:FaceSlap","floor":36},{"not_picked":["champ:HeartStrike","champ:Haymaker","champ:BerserkersShout+1"],"picked":"SKIP","floor":37},{"not_picked":["champ:GutPunch","champ:Haymaker"],"picked":"champ:FocusedBerserking+1","floor":38},{"not_picked":["champ:EndlessRage","champ:CrookedStrike","champ:FocusedBerserking+1"],"picked":"SKIP","floor":39},{"not_picked":["champ:ArenaPreparation+1","champ:DefensiveStyle+1"],"picked":"champ:PreciseThrust+1","floor":40},{"not_picked":["champ:SkillfulDodge+1","champ:StanceDance+1","champ:DefensiveShout+1"],"picked":"SKIP","floor":44},{"not_picked":["champ:BerserkerStyle","champ:ArenaPreparation+1","champ:PerfectedStrike+1"],"picked":"SKIP","floor":45},{"not_picked":["champ:HoldFirm+1","champ:Backstep+1","champ:Encircle+1"],"picked":"SKIP","floor":49},{"not_picked":["champ:FocusedDefense+1","champ:GladiatorsShout+1","champ:PreciseThrust+1"],"picked":"SKIP","floor":52}],"player_experience":193882,"relics_obtained":[{"floor":7.0,"key":"Lantern"},{"floor":8.0,"key":"champ:FightingForDummies"},{"floor":10.0,"key":"Orichalcum"},{"floor":22.0,"key":"Old Coin"},{"floor":24.0,"key":"Incense Burner"},{"floor":26.0,"key":"Omamori"},{"floor":37,"key":"Smiling Mask"},{"floor":41,"key":"Ice Cream"},{"floor":44,"key":"Eternal Feather"},{"floor":52,"key":"TungstenRod"}],"event_choices":[{"damage_healed":0.0,"max_hp_gain":0.0,"max_hp_loss":0.0,"gold_gain":0.0,"event_name":"Living Wall","player_choice":"Grow","floor":12.0,"gold_loss":0.0,"damage_taken":0.0,"cards_upgraded":["Apotheosis"]},{"damage_healed":0.0,"max_hp_gain":0.0,"max_hp_loss":0.0,"gold_gain":0.0,"cards_transformed":["champ:Strike","champ:Strike"],"event_name":"Drug Dealer","player_choice":"Became Test Subject","floor":21.0,"gold_loss":0.0,"damage_taken":0.0,"cards_obtained":["champ:Riposte","champ:EnragedBash"]}],"is_beta":false,"boss_relics":[{"not_picked":["Empty Cage","Runic Pyramid"],"picked":"Fusion Hammer"},{"not_picked":["SacredBark","Tiny House"],"picked":"Philosopher\u0027s Stone"}],"items_purged_floors":[30,39,42,47,48,53],"is_endless":false,"potions_floor_spawned":[8,13,14,15,20,29,33,38,40,44,45],"ascension_level":0}}