{"host":"m9i7qe3hvz6jihjh","time":1608506002,"event":{"mods":["BaseMod","Colored Powertips","Infinite Spire","Minty Spire (QoL Compilation)","Quick Restart","StSLib","The Animator","Waifu the Spire"],"gold_per_floor":[119,19,31,31,31,66,79,79,79,91,20,20,39,57,57,153,153,169,219,232,245,19,19,62,62,89,117,137,156,156,66,66,66,66],"floor_reached":33,"playtime":912,"items_purged":["Defend_P"],"score":294,"play_id":"e029f280-7bc9-4cfa-a9c0-6d4ba033faf5","local_time":"20201221001322","is_ascension_mode":false,"campfire_choices":[{"data":"Eruption","floor":8,"key":"SMITH"},{"data":"ReachHeaven","floor":12,"key":"SMITH"},{"floor":15,"key":"REST"},{"data":"Omniscience","floor":23,"key":"SMITH"},{"floor":25,"key":"REST"},{"floor":32,"key":"REST"}],"circlet_count":0,"master_deck":["Strike_P","Strike_P","Strike_P+1","Defend_P+1","Defend_P","Defend_P+1","Eruption+1","Vigilance","FollowUp","Adaptation+1","FollowUp","ReachHeaven+1","TalkToTheHand+1","EmptyBody","FlurryOfBlows","FollowUp","Evaluate","Devotion","Consecrate","Omniscience+1","FlurryOfBlows","PathToVictory+1","EmptyBody","FollowUp","Tantrum","EmptyFist+1","ReachHeaven+1","Consecrate+1","TalkToTheHand"],"relics":["PureWater","War Paint","StoneCalendar","GoldenEye","Black Star","Bag of Marbles","CeramicFish"],"acts_visited":["Exordium","TheCity"],"potions_floor_usage":[7,10,13,16,24,24,28,30,33],"damage_taken":[{"damage":0,"enemies":"Small Slimes","floor":1,"turns":5},{"damage":0,"enemies":"2 Louse","floor":3,"turns":1},{"damage":18,"enemies":"3 Sentries","floor":6,"turns":3},{"damage":0,"enemies":"Cultist","floor":7,"turns":2},{"damage":0,"enemies":"Red Slaver","floor":10,"turns":2},{"damage":0,"enemies":"Exordium Thugs","floor":13,"turns":3},{"damage":18,"enemies":"Lots of Slimes","floor":14,"turns":3},{"damage":27,"enemies":"Hexaghost","floor":16,"turns":5},{"damage":0,"enemies":"Chosen","floor":18,"turns":3},{"damage":15,"enemies":"Spheric Guardian","floor":20,"turns":3},{"damage":9,"enemies":"Cultist and Chosen","floor":21,"turns":4},{"damage":13,"enemies":"Gremlin Leader","floor":24,"turns":6},{"damage":5,"enemies":"Centurion and Healer","floor":27,"turns":4},{"damage":31,"enemies":"Snake Plant","floor":28,"turns":2},{"damage":0,"enemies":"Cultist and Chosen","floor":29,"turns":5},{"damage":13,"enemies":"Colosseum Slavers","floor":30,"turns":4},{"damage":28,"enemies":"Champ","floor":33,"turns":7}],"seed_played":"4372282681617383693","potions_obtained":[{"floor":1,"key":"FearPotion"},{"floor":7,"key":"SkillPotion"},{"floor":10,"key":"Block Potion"},{"floor":14,"key":"CultistPotion"},{"floor":21,"key":"Swift Potion"},{"floor":27,"key":"SkillPotion"},{"floor":28,"key":"SpeedPotion"},{"floor":29,"key":"Weak Potion"}],"is_trial":false,"path_per_floor":["M","$","M","?","?","E","M","R","T","M","$","R","M","M","R","B",null,"M","?","M","M","$","R","E","R","T","M","M","M","?","?","R","B"],"character_chosen":"WATCHER","items_purchased":["Adaptation","FollowUp","FollowUp","Evaluate","FollowUp","Tantrum","Dexterity Potion"],"campfire_rested":3,"item_purchase_floors":[2,2,11,11,22,22,22],"current_hp_per_floor":[72,72,72,72,58,40,40,40,40,40,40,40,40,22,43,16,72,72,72,57,48,48,48,35,56,56,51,20,20,7,7,28,0,0],"gold":66,"neow_bonus":"RANDOM_COMMON_RELIC","is_daily":false,"chose_seed":false,"campfire_upgraded":3,"win_rate":0.0,"timestamp":1608506002,"path_taken":["M","$","M","?","?","E","M","R","T","?","?","R","M","M","R","BOSS","M","?","M","?","?","R","E","R","T","M","M","M","?","?","R","BOSS"],"items_purchased_type":["Card","Card","Card","Card","Card","Card","Potion"],"build_version":"2020-12-13","purchased_purges":1,"victory":false,"max_hp_per_floor":[72,72,72,72,72,72,72,72,72,72,72,72,72,72,72,72,72,72,72,72,72,72,72,72,72,72,72,72,72,72,72,72,72,72],"card_choices":[{"not_picked":["Vengeance","Adaptation"],"picked":"FollowUp","floor":1},{"not_picked":["Sanctity","LikeWater"],"picked":"ReachHeaven","floor":3},{"not_picked":["CarveReality","Perseverance"],"picked":"TalkToTheHand","floor":6},{"not_picked":["SashWhip","ClearTheMind"],"picked":"EmptyBody","floor":7},{"not_picked":["Halt","BowlingBash"],"picked":"FlurryOfBlows","floor":10},{"not_picked":["SashWhip","EmptyFist"],"picked":"Devotion","floor":13},{"not_picked":["Study","FollowUp"],"picked":"Consecrate","floor":14},{"not_picked":["LessonLearned","Wish"],"picked":"Omniscience","floor":16},{"not_picked":["ForeignInfluence","SashWhip"],"picked":"FlurryOfBlows","floor":18},{"not_picked":["WreathOfFlame","Evaluate"],"picked":"PathToVictory+1","floor":20},{"not_picked":["Wallop","BattleHymn"],"picked":"EmptyBody","floor":21},{"not_picked":["Evaluate+1","Swivel"],"picked":"EmptyFist+1","floor":24},{"not_picked":["Halt","Worship"],"picked":"ReachHeaven+1","floor":27},{"not_picked":["EmptyFist","Prostrate+1"],"picked":"Consecrate+1","floor":28},{"not_picked":["Vengeance","JustLucky"],"picked":"TalkToTheHand","floor":29}],"player_experience":878418,"relics_obtained":[{"floor":6,"key":"StoneCalendar"},{"floor":9,"key":"GoldenEye"},{"floor":24,"key":"Bag of Marbles"},{"floor":24,"key":"CeramicFish"}],"event_choices":[{"damage_healed":0,"gold_gain":0,"player_choice":"Entered Light","damage_taken":14,"max_hp_gain":0,"max_hp_loss":0,"event_name":"Shining Light","floor":5,"gold_loss":0,"cards_upgraded":["Strike_P","Adaptation"]},{"damage_healed":0,"gold_gain":100,"player_choice":"Bet on Murderer","damage_taken":0,"max_hp_gain":0,"max_hp_loss":0,"event_name":"The Joust","floor":19,"gold_loss":50},{"damage_healed":0,"gold_gain":0,"player_choice":"Fight","damage_taken":0,"max_hp_gain":0,"max_hp_loss":0,"event_name":"Colosseum","floor":30,"gold_loss":0},{"damage_healed":0,"gold_gain":0,"player_choice":"Fled From Nobs","damage_taken":0,"max_hp_gain":0,"max_hp_loss":0,"event_name":"Colosseum","floor":30,"gold_loss":0},{"cards_removed":["Strike_P"],"damage_healed":0,"gold_gain":0,"player_choice":"Upgrade and Remove","damage_taken":0,"max_hp_gain":0,"max_hp_loss":0,"event_name":"Designer","floor":31,"gold_loss":90,"cards_upgraded":["TalkToTheHand"]}],"is_beta":false,"boss_relics":[{"not_picked":["Snecko Eye","Fusion Hammer"],"picked":"Black Star"}],"items_purged_floors":[22],"is_endless":false,"potions_floor_spawned":[1,7,10,14,21,27,28,29],"killed_by":"Champ","ascension_level":0}}