{"host":"gbop6m4qugddaz18","time":1608501850,"event":{"mods":["2.2 Compatiblity","BaseMod","Better Third Choice","Block Reminder","Downfall","GifTheSpireLib","Highlight Path","Minty Spire (QoL Compilation)","Replay The Spire","StSLib"],"gold_per_floor":[87,87,35,63,81,100,152,152,152,152,162,176,191,204,222,333,333,333,351,351,351,394,394,394,18,18,50,114,139,167,202,231,231,231],"floor_reached":33,"playtime":1771,"items_purged":[],"score":346,"play_id":"44e29777-c294-4d10-b609-0c43c131950f","local_time":"20201220170410","is_ascension_mode":false,"campfire_choices":[{"data":"hexamod:ThermalTransfer","floor":8,"key":"SMITH"},{"data":"hexamod:SkipABeat","floor":10,"key":"SMITH"},{"data":"hexamod:Float","floor":18,"key":"SMITH"},{"data":"hexamod:BurningTouch","floor":20,"key":"SMITH"},{"floor":23,"key":"REST"}],"circlet_count":0,"master_deck":["hexamod:Sear","hexamod:Float+1","hexamod:BurningTouch+1","hexamod:Hexaguard","hexamod:Hexaguard","hexamod:ThermalTransfer+1","hexamod:GhostflameBarrier","hexamod:FourthSeal","hexamod:AdvancingGuard","hexamod:TurnItUp","hexamod:SkipABeat+1","hexamod:Firestarter","hexamod:GhostShield","hexamod:SpectersWail","hexamod:SpectersWail","hexamod:SecondSeal","hexamod:Firestarter","hexamod:TimeWarp","hexamod:InspiringFlames","hexamod:FastForward+1","hexamod:SecondSeal","hexamod:CouncilsJustice","hexamod:CouncilsJustice","hexamod:CouncilsJustice","Ghostly","Ghostly","Ghostly","hexamod:BurningTouch+1","Slimebound:Icky","hexamod:FirstSeal","hexamod:BurningTouch","hexamod:GhostShield","hexamod:ThermalTransfer","hexamod:BurningTouch","hexamod:ThirdSeal","hexamod:HeatMetal","hexamod:ThermalTransfer"],"relics":["hexamod:SpiritBrand","Replay:PocketPolymizer","Mercury Hourglass","Tiny Chest","Cursed Key","Oddly Smooth Stone","Omamori","Frozen Egg 2","Golden Egg","hexamod:InflammatoryLetter"],"acts_visited":["Exordium","TheCity"],"potions_floor_usage":[11,14,27,29,33,33],"damage_taken":[{"damage":0,"enemies":"downfall:FleeingMerchant","floor":3,"turns":4},{"damage":30,"enemies":"Lagavulin","floor":4,"turns":8},{"damage":0,"enemies":"Jaw Worm","floor":5,"turns":3},{"damage":0,"enemies":"Cultist","floor":6,"turns":3},{"damage":0,"enemies":"2 Louse","floor":11,"turns":3},{"damage":1,"enemies":"Red Slaver","floor":12,"turns":4},{"damage":0,"enemies":"Large Slime","floor":13,"turns":3},{"damage":0,"enemies":"2 Fungi Beasts","floor":14,"turns":3},{"damage":1,"enemies":"Blue Slaver","floor":15,"turns":4},{"damage":17,"enemies":"downfall:Watcher","floor":16,"turns":11},{"damage":3,"enemies":"Shell Parasite","floor":19,"turns":6},{"damage":22,"enemies":"Gremlin Leader","floor":22,"turns":7},{"damage":0,"enemies":"downfall:FleeingMerchant","floor":25,"turns":4},{"damage":1,"enemies":"Centurion and Healer","floor":27,"turns":6},{"damage":3,"enemies":"Snecko","floor":29,"turns":5},{"damage":3,"enemies":"Sentry and Sphere","floor":30,"turns":7},{"damage":0,"enemies":"3 Cultists","floor":31,"turns":5},{"damage":0,"enemies":"Snecko","floor":32,"turns":6},{"damage":48,"enemies":"downfall:Ironclad","floor":33,"turns":4}],"seed_played":"3988886237051137333","potions_obtained":[{"floor":4,"key":"Weak Potion"},{"floor":11,"key":"Slimebound:ThreeZeroPotion"},{"floor":11,"key":"Fruit Juice"},{"floor":12,"key":"Regen Potion"},{"floor":12,"key":"AttackPotion"},{"floor":14,"key":"Block Potion"},{"floor":15,"key":"Death Potion"},{"floor":16,"key":"LiquidBronze"},{"floor":27,"key":"PowerPotion"},{"floor":30,"key":"Ancient Potion"}],"is_trial":false,"path_per_floor":["R","?","$","E","M","M","T","R","?","R","M","M","M","M","M","B",null,"R","M","R","?","E","R","T","$","T","M","?","M","M","M","M","B"],"character_chosen":"THE_SPIRIT","items_purchased":["hexamod:Hexaguard","hexamod:FirstSeal","Frozen Egg 2","hexamod:BurningTouch"],"campfire_rested":1,"item_purchase_floors":[3,25,25,25],"current_hp_per_floor":[70,80,80,50,50,50,50,50,50,50,55,54,54,54,53,36,85,85,82,82,42,20,32,32,32,32,38,38,42,42,42,42,0,0],"gold":231,"neow_bonus":"ONE_RARE_RELIC","is_daily":false,"chose_seed":false,"campfire_upgraded":4,"win_rate":0.0,"timestamp":1608501850,"path_taken":["R","?","?","E","M","M","T","R","?","R","M","M","M","?","M","BOSS","R","M","R","?","E","R","T","$","?","M","?","M","M","M","M","BOSS"],"items_purchased_type":["Card","Card","Relic","Card"],"build_version":"2020-12-13","purchased_purges":0,"victory":false,"max_hp_per_floor":[70,80,80,80,80,80,80,80,80,80,85,85,85,85,85,85,85,85,85,85,42,42,42,42,42,42,42,42,42,42,42,42,42,42],"card_choices":[{"not_picked":["hexamod:Hexaguard","hexamod:GhostLash"],"picked":"hexamod:BurningTouch","floor":3},{"not_picked":["hexamod:ApocalypticArmor","hexamod:SpectersWail"],"picked":"hexamod:ThermalTransfer","floor":4},{"not_picked":["hexamod:BurningTouch","hexamod:PhantomCloak"],"picked":"hexamod:GhostflameBarrier","floor":5},{"not_picked":["hexamod:SuperheatedStrike","hexamod:RetreatToShadows"],"picked":"hexamod:FourthSeal","floor":6},{"not_picked":["hexamod:AdvancingGuard","hexamod:NightmareStrike"],"picked":"hexamod:GhostShield","floor":11},{"not_picked":["hexamod:SpectralAdrenaline","hexamod:Again"],"picked":"hexamod:SpectersWail","floor":12},{"not_picked":["hexamod:AdvancingGuard","hexamod:RetreatToShadows"],"picked":"hexamod:SpectersWail","floor":13},{"not_picked":["hexamod:SpectersWail","hexamod:SpectralAdrenaline"],"picked":"hexamod:SecondSeal","floor":14},{"not_picked":["hexamod:GhostOfSpirePast","hexamod:StepThrough"],"picked":"hexamod:Firestarter","floor":15},{"not_picked":["hexamod:ParanormalForm","hexamod:GhostflameInferno"],"picked":"hexamod:TimeWarp","floor":16},{"not_picked":["hexamod:Rewind","hexamod:SwordOfDarkness+1"],"picked":"hexamod:FastForward+1","floor":19},{"not_picked":["hexamod:GhostLash","hexamod:SpectersWail"],"picked":"hexamod:BurningTouch+1","floor":22},{"not_picked":["hexamod:EtherealExpedition","hexamod:GhostOfSpireFuture","hexamod:NightmareStrike+1"],"picked":"SKIP","floor":25},{"not_picked":["hexamod:FastForward","hexamod:ShieldOfDarkness"],"picked":"hexamod:GhostShield","floor":27},{"not_picked":["hexamod:GhostShield","hexamod:InspiringFlames"],"picked":"hexamod:ThermalTransfer","floor":28},{"not_picked":["hexamod:GhostShield","hexamod:StepThrough"],"picked":"hexamod:BurningTouch","floor":29},{"not_picked":["hexamod:PowerFromBeyond","hexamod:CatchUp+1"],"picked":"hexamod:ThirdSeal","floor":30},{"not_picked":["hexamod:InspiringFlames","hexamod:DynamicBlow"],"picked":"hexamod:HeatMetal","floor":31},{"not_picked":["hexamod:GhostShield","hexamod:PhantomCloak+1"],"picked":"hexamod:ThermalTransfer","floor":31},{"not_picked":["hexamod:HeatShield","hexamod:DynamicBlow+1","hexamod:InspiringFlames"],"picked":"SKIP","floor":32},{"not_picked":["hexamod:CatchUp","hexamod:GhostOfSpirePast+1","hexamod:CrushingStance"],"picked":"SKIP","floor":32}],"player_experience":505738,"relics_obtained":[{"floor":4,"key":"Mercury Hourglass"},{"floor":7,"key":"Tiny Chest"},{"floor":22,"key":"Oddly Smooth Stone"},{"floor":24,"key":"Omamori"},{"floor":26,"key":"Golden Egg"},{"floor":28,"key":"hexamod:InflammatoryLetter"}],"event_choices":[{"cards_removed":["hexamod:GiftsFromTheDead"],"damage_healed":0,"gold_gain":0,"player_choice":"Offered Rare","damage_taken":0,"max_hp_gain":10,"max_hp_loss":0,"event_name":"Bonfire Elementals","floor":2,"gold_loss":0}],"is_beta":false,"boss_relics":[{"not_picked":["Honey Jar","Coffee Dripper"],"picked":"Cursed Key"}],"items_purged_floors":[],"is_endless":false,"potions_floor_spawned":[4,11,12,15,16,22,27,31],"killed_by":"downfall:Ironclad","ascension_level":0}}