{"host":"ohkiwbq44sungglx","time":1608483516,"event":{"mods":["BaseMod","BetterRewards","Minty Spire (QoL Compilation)","StSLib"],"gold_per_floor":[110,125,125,139,156,156,176,176,203,203,203,278,278,278],"floor_reached":13,"playtime":372,"items_purged":[],"score":79,"play_id":"188d6327-b1ca-4f73-9d0e-a3fddd4779db","local_time":"20201220115836","is_ascension_mode":true,"campfire_choices":[{"data":"Neutralize","floor":6,"key":"SMITH"},{"data":"Flying Knee","floor":8,"key":"SMITH"},{"data":"Survivor","floor":10,"key":"SMITH"}],"circlet_count":0,"master_deck":["Strike_G","Strike_G","Strike_G","Strike_G","Strike_G","Defend_G","Defend_G","Defend_G","Defend_G","Defend_G","Survivor+1","Neutralize+1","Flying Knee+1","Dagger Throw","Prepared","Acrobatics","Parasite"],"relics":["Ring of the Snake","Kunai"],"acts_visited":["Exordium"],"potions_floor_usage":[],"damage_taken":[{"damage":0,"enemies":"Jaw Worm","floor":1,"turns":4},{"damage":2,"enemies":"2 Louse","floor":2,"turns":3},{"damage":0,"enemies":"Small Slimes","floor":4,"turns":4},{"damage":0,"enemies":"Exordium Wildlife","floor":5,"turns":3},{"damage":18,"enemies":"Exordium Thugs","floor":7,"turns":7},{"damage":0,"enemies":"3 Sentries","floor":13,"turns":1}],"seed_played":"-3813621233162121374","potions_obtained":[{"floor":2,"key":"Ancient Potion"},{"floor":7,"key":"Weak Potion"}],"is_trial":false,"path_per_floor":["M","M","?","M","M","R","M","R","T","R","?","?","E"],"character_chosen":"THE_SILENT","items_purchased":["Kunai"],"campfire_rested":0,"item_purchase_floors":[0],"current_hp_per_floor":[63,61,61,61,61,61,43,43,43,43,60,49,49,49],"gold":278,"neow_bonus":"","is_daily":false,"chose_seed":false,"campfire_upgraded":3,"win_rate":0.0,"timestamp":1608483516,"path_taken":["M","M","?","M","M","R","M","R","T","R","?","?","E"],"items_purchased_type":["Relic"],"build_version":"2020-12-13","purchased_purges":0,"victory":false,"max_hp_per_floor":[70,70,70,70,70,70,70,70,70,70,70,70,70,70],"card_choices":[{"not_picked":["Quick Slash","Dagger Spray"],"picked":"Flying Knee","floor":1},{"not_picked":["Crippling Poison","Underhanded Strike"],"picked":"Dagger Throw","floor":2},{"not_picked":["Well Laid Plans","Terror"],"picked":"Prepared","floor":4},{"not_picked":["Dagger Throw","Phantasmal Killer"],"picked":"Acrobatics","floor":5},{"not_picked":["Dagger Throw","Acrobatics","PiercingWail"],"picked":"SKIP","floor":7}],"player_experience":84296,"relics_obtained":[],"event_choices":[{"damage_healed":0,"gold_gain":0,"player_choice":"Ignored","damage_taken":0,"max_hp_gain":0,"max_hp_loss":0,"event_name":"Liars Game","floor":3,"gold_loss":0},{"damage_healed":17,"gold_gain":0,"player_choice":"Healed and dodged fight","damage_taken":0,"max_hp_gain":0,"max_hp_loss":0,"event_name":"Mushrooms","floor":11,"gold_loss":0,"cards_obtained":["Parasite"]},{"damage_healed":0,"gold_gain":75,"player_choice":"Gather Gold","damage_taken":11,"max_hp_gain":0,"max_hp_loss":0,"event_name":"World of Goop","floor":12,"gold_loss":0}],"is_beta":false,"boss_relics":[],"items_purged_floors":[],"is_endless":false,"potions_floor_spawned":[2,7],"killed_by":"3 Sentries","ascension_level":1}}