{"host":"5kirneupyg4uzd3w","time":1608476630,"event":{"mods":["BaseMod","Colored Map","Custom Start","Minty Spire (QoL Compilation)","StSLib","SuperFastMode"],"gold_per_floor":[11,11,86,99,99,99,112,112,192,207,225,225,19,31,31,31,31],"floor_reached":16,"playtime":426,"items_purged":["Strike_P"],"score":184,"play_id":"69805bea-a07c-40ad-8cd1-319eb024c8ee","local_time":"20201221000350","is_ascension_mode":true,"campfire_choices":[{"data":"Study","floor":6,"key":"SMITH"},{"data":"Eruption","floor":8,"key":"SMITH"},{"data":"Meditate","floor":12,"key":"SMITH"},{"data":"Prostrate","floor":15,"key":"SMITH"}],"circlet_count":0,"master_deck":["AscendersBane","Strike_P","Strike_P","Strike_P","Defend_P","Defend_P","Defend_P","Eruption+1","Vigilance","Halt","Study+1","Prostrate+1","FollowUp","Meditate+1"],"relics":["PureWater","Du-Vu Doll","Meat on the Bone","Membership Card"],"acts_visited":["Exordium"],"potions_floor_usage":[16],"damage_taken":[{"damage":2,"enemies":"Jaw Worm","floor":1,"turns":3},{"damage":2,"enemies":"Small Slimes","floor":4,"turns":5},{"damage":0,"enemies":"2 Louse","floor":7,"turns":2},{"damage":24,"enemies":"Exordium Wildlife","floor":10,"turns":6},{"damage":20,"enemies":"Lots of Slimes","floor":11,"turns":4},{"damage":10,"enemies":"3 Louse","floor":14,"turns":4},{"damage":18,"enemies":"Hexaghost","floor":16,"turns":9}],"seed_played":"5151610667165606850","potions_obtained":[{"floor":7,"key":"FairyPotion"},{"floor":11,"key":"ColorlessPotion"}],"is_trial":false,"path_per_floor":["M","?","?","M","?","R","M","R","T","M","M","R","$","M","R","B"],"character_chosen":"WATCHER","items_purchased":["Membership Card"],"campfire_rested":0,"item_purchase_floors":[13],"current_hp_per_floor":[59,59,48,46,51,51,51,51,51,39,31,31,31,33,33,15,15],"gold":31,"neow_bonus":"ONE_RARE_RELIC","is_daily":false,"chose_seed":false,"campfire_upgraded":4,"win_rate":0.0,"timestamp":1608476630,"path_taken":["M","?","?","M","?","R","M","R","T","M","M","R","$","M","R","BOSS"],"items_purchased_type":["Relic"],"build_version":"2020-12-13","purchased_purges":1,"victory":false,"max_hp_per_floor":[68,68,68,68,73,73,73,73,73,73,73,73,73,73,73,73,73],"card_choices":[{"not_picked":["ThirdEye","ForeignInfluence"],"picked":"Halt","floor":1},{"not_picked":["BattleHymn","DeceiveReality"],"picked":"Prostrate","floor":4},{"not_picked":["Crescendo","Sanctity"],"picked":"FollowUp","floor":7},{"not_picked":["FollowUp","Evaluate"],"picked":"Meditate","floor":10},{"not_picked":["InnerPeace","Halt","CrushJoints"],"picked":"SKIP","floor":11},{"not_picked":["JustLucky","InnerPeace","Meditate"],"picked":"SKIP","floor":14}],"player_experience":266047,"relics_obtained":[{"floor":9,"key":"Meat on the Bone"}],"event_choices":[{"damage_healed":0,"gold_gain":0,"cards_transformed":["Defend_P"],"player_choice":"Change","damage_taken":0,"max_hp_gain":0,"max_hp_loss":0,"event_name":"Living Wall","floor":2,"gold_loss":0,"cards_obtained":["Study"]},{"damage_healed":0,"gold_gain":75,"player_choice":"Gather Gold","damage_taken":11,"max_hp_gain":0,"max_hp_loss":0,"event_name":"World of Goop","floor":3,"gold_loss":0},{"damage_healed":0,"gold_gain":0,"player_choice":"Donut","damage_taken":0,"max_hp_gain":5,"max_hp_loss":0,"event_name":"Big Fish","floor":5,"gold_loss":0}],"is_beta":false,"boss_relics":[],"items_purged_floors":[13],"is_endless":false,"potions_floor_spawned":[7,11,14],"killed_by":"Hexaghost","ascension_level":20}}