{"host":"m3herrhkesxm9ooc","time":1608455124,"event":{"mods":["BaseMod","Hermit","Minty Spire (QoL Compilation)","StSLib","The Hierophant"],"gold_per_floor":[116,116,116,116,128,128,144,170,196,212,17,17,17],"floor_reached":12,"playtime":217,"items_purged":[],"score":137,"play_id":"07bfe111-04d1-4547-b1d8-f357ca55f84e","local_time":"20201220180524","is_ascension_mode":true,"campfire_choices":[{"floor":6,"key":"REST"}],"circlet_count":0,"master_deck":["AscendersBane","hermit:Strike_Hermit","hermit:Strike_Hermit","hermit:Strike_Hermit","hermit:Strike_Hermit","hermit:Defend_Hermit+1","hermit:Defend_Hermit+1","hermit:Defend_Hermit","hermit:Defend_Hermit","hermit:Snapshot","hermit:Covet","hermit:Determination","Regret","hermit:BodyArmor","hermit:HighCaliber","hermit:Maintenance","hermit:Horror"],"relics":["hermit:Momento","Happy Flower","Bag of Marbles","Vajra","Strawberry","Juzu Bracelet"],"acts_visited":["Exordium"],"potions_floor_usage":[8,12],"damage_taken":[{"damage":10,"enemies":"Small Slimes","floor":1,"turns":3},{"damage":0,"enemies":"2 Louse","floor":5,"turns":2},{"damage":0,"enemies":"Cultist","floor":7,"turns":3},{"damage":29,"enemies":"Gremlin Nob","floor":8,"turns":5},{"damage":18,"enemies":"Exordium Thugs","floor":10,"turns":4},{"damage":23,"enemies":"Lagavulin","floor":12,"turns":3}],"seed_played":"-3649727333249445562","potions_obtained":[{"floor":1,"key":"Ancient Potion"},{"floor":5,"key":"Swift Potion"}],"is_trial":false,"path_per_floor":["M","?","?","?","M","R","M","E","T","M","$","E"],"character_chosen":"HERMIT","items_purchased":["Juzu Bracelet","Dexterity Potion"],"campfire_rested":1,"item_purchase_floors":[11,11],"current_hp_per_floor":[54,33,33,33,33,54,54,25,32,14,14,0,0],"gold":17,"neow_bonus":"RANDOM_COMMON_RELIC","is_daily":false,"chose_seed":false,"campfire_upgraded":0,"win_rate":0.0,"timestamp":1608455124,"path_taken":["M","?","?","?","?","R","M","E","T","M","?","E"],"items_purchased_type":["Relic","Potion"],"build_version":"2020-12-13","purchased_purges":0,"victory":false,"max_hp_per_floor":[71,71,71,71,71,71,71,71,78,78,78,78,78],"card_choices":[{"not_picked":["hermit:Roulette","hermit:FullyLoaded"],"picked":"hermit:Determination","floor":1},{"not_picked":["hermit:Quickdraw","hermit:SprayPray"],"picked":"hermit:BodyArmor","floor":5},{"not_picked":["hermit:Manifest","hermit:Ricochet"],"picked":"hermit:HighCaliber","floor":7},{"not_picked":["hermit:Misfire","hermit:Adapt"],"picked":"hermit:Maintenance","floor":8},{"not_picked":["hermit:GhostlyPresence","hermit:HoleUp"],"picked":"hermit:Horror","floor":10}],"player_experience":646553,"relics_obtained":[{"floor":8,"key":"Vajra"},{"floor":9,"key":"Strawberry"}],"event_choices":[{"damage_healed":0,"gold_gain":0,"player_choice":"Entered Light","damage_taken":21,"max_hp_gain":0,"max_hp_loss":0,"event_name":"Shining Light","floor":2,"gold_loss":0,"cards_upgraded":["hermit:Defend_Hermit","hermit:Defend_Hermit"]},{"damage_healed":0,"gold_gain":0,"player_choice":"Box","damage_taken":0,"relics_obtained":["Bag of Marbles"],"max_hp_gain":0,"max_hp_loss":0,"event_name":"Big Fish","floor":3,"gold_loss":0,"cards_obtained":["Regret"]},{"damage_healed":0,"gold_gain":0,"player_choice":"Ignored","damage_taken":0,"max_hp_gain":0,"max_hp_loss":0,"event_name":"Transmorgrifier","floor":4,"gold_loss":0}],"is_beta":false,"boss_relics":[],"items_purged_floors":[],"is_endless":false,"potions_floor_spawned":[1,5],"killed_by":"Lagavulin","ascension_level":15}}