{"host":"rmsq46plbpwfbxcc","time":1608473726,"event":{"mods":["AchievementEnabler","BaseMod","Colored Map","DeckTracker","Minty Spire (QoL Compilation)","Permanent Neow","SuperFastMode"],"gold_per_floor":[113,25,41,56,56,56,86,99,99,45,45,45,59,92,92,165,165,183,202,202,221,234,234,261,261,261,29,42,55,89,106,106,183,183,194,209,209,68,81,81,106,124,194,224,224,257,257,285,285,285],"floor_reached":51,"playtime":2076,"items_purged":["Pain","Bite"],"score":1537,"play_id":"d40df8c9-076d-49a4-b6b0-25dd120c1f1b","local_time":"20201220231526","is_ascension_mode":true,"campfire_choices":[{"data":"Neutralize","floor":6.0,"key":"SMITH"},{"data":"Blade Dance","floor":12.0,"key":"SMITH"},{"data":"A Thousand Cuts","floor":15.0,"key":"SMITH"},{"data":"Cloak And Dagger","floor":23,"key":"SMITH"},{"data":"Footwork","floor":32,"key":"SMITH"},{"data":"Bullet Time","floor":40,"key":"SMITH"},{"floor":47,"key":"REST"},{"data":"Backflip","floor":49,"key":"SMITH"}],"circlet_count":0,"master_deck":["AscendersBane","Defend_G","Defend_G","Defend_G","Defend_G","Defend_G","Survivor","Neutralize+1","Deadly Poison","Backstab","Backflip+1","PiercingWail","Footwork+1","Blade Dance+1","Cloak And Dagger+1","A Thousand Cuts+1","Die Die Die","Blur+1","Bite","Bite","Bite","Bite","Bane+1","Cloak And Dagger+1","Escape Plan","Choke+1","Bullet Time+1","Acrobatics","Finisher+1","Regret","PiercingWail+1","Infinite Blades+1"],"relics":["WristBlade","MealTicket","White Beast Statue","Akabeko","Black Star","Boot","WingedGreaves","WarpedTongs","Shuriken","Lee\u0027s Waffle","Molten Egg 2","Mummified Hand","Cursed Key","Lizard Tail","Blue Candle","Prayer Wheel","PreservedInsect","Dream Catcher","Pantograph","Bag of Marbles","Toxic Egg 2"],"acts_visited":["Exordium","TheCity","TheBeyond"],"potions_floor_usage":[16,16,19,22,22,24,33,33,34,36,42,44,46,50,50],"damage_taken":[{"damage":0.0,"enemies":"Cultist","floor":1.0,"turns":4.0},{"damage":0.0,"enemies":"Small Slimes","floor":3.0,"turns":3.0},{"damage":2.0,"enemies":"Jaw Worm","floor":4.0,"turns":3.0},{"damage":19.0,"enemies":"Lagavulin","floor":7.0,"turns":8.0},{"damage":0.0,"enemies":"Blue Slaver","floor":8.0,"turns":3.0},{"damage":3.0,"enemies":"Lots of Slimes","floor":13.0,"turns":4.0},{"damage":0.0,"enemies":"3 Sentries","floor":14.0,"turns":7.0},{"damage":5,"enemies":"Slime Boss","floor":16,"turns":6},{"damage":0,"enemies":"Spheric Guardian","floor":18,"turns":2},{"damage":0,"enemies":"Shell Parasite","floor":19,"turns":5},{"damage":27,"enemies":"Shelled Parasite and Fungi","floor":21,"turns":7},{"damage":9,"enemies":"Snecko","floor":22,"turns":7},{"damage":34,"enemies":"Book of Stabbing","floor":24,"turns":6},{"damage":3,"enemies":"Centurion and Healer","floor":28,"turns":6},{"damage":4,"enemies":"Snake Plant","floor":29,"turns":4},{"damage":0,"enemies":"Gremlin Leader","floor":30,"turns":5},{"damage":0,"enemies":"Chosen and Byrds","floor":31,"turns":4},{"damage":60,"enemies":"Collector","floor":33,"turns":9},{"damage":0,"enemies":"3 Shapes","floor":35,"turns":4},{"damage":15,"enemies":"3 Darklings","floor":36,"turns":5},{"damage":38,"enemies":"Jaw Worm Horde","floor":39,"turns":5},{"damage":2,"enemies":"Mind Bloom Boss Battle","floor":41,"turns":8},{"damage":17,"enemies":"Writhing Mass","floor":42,"turns":3},{"damage":69,"enemies":"Giant Head","floor":44,"turns":8},{"damage":16,"enemies":"Reptomancer","floor":46,"turns":3},{"damage":1,"enemies":"Giant Head","floor":48,"turns":5},{"damage":70,"enemies":"Donu and Deca","floor":50,"turns":7}],"seed_played":"-8826064402186571615","potions_obtained":[{"floor":3.0,"key":"GhostInAJar"},{"floor":8.0,"key":"Fire Potion"},{"floor":13.0,"key":"Swift Potion"},{"floor":14.0,"key":"Strength Potion"},{"floor":16,"key":"FearPotion"},{"floor":18,"key":"Block Potion"},{"floor":19,"key":"SpeedPotion"},{"floor":21,"key":"Poison Potion"},{"floor":22,"key":"Poison Potion"},{"floor":24,"key":"BlessingOfTheForge"},{"floor":28,"key":"LiquidMemories"},{"floor":30,"key":"CunningPotion"},{"floor":31,"key":"Energy Potion"},{"floor":33,"key":"Fruit Juice"},{"floor":35,"key":"SpeedPotion"},{"floor":36,"key":"FearPotion"},{"floor":39,"key":"FearPotion"},{"floor":41,"key":"AttackPotion"},{"floor":42,"key":"LiquidBronze"},{"floor":44,"key":"Weak Potion"},{"floor":46,"key":"Energy Potion"},{"floor":48,"key":"Block Potion"}],"is_trial":false,"path_per_floor":["M","$","M","M","?","R","E","M","T","$","?","R","M","E","R","B",null,"M","M","?","M","M","R","E","?","T","$","M","M","E","M","R","B",null,"M","M","?","$","M","R","?","M","T","E","?","E","R","E","R","B",null],"character_chosen":"THE_SILENT","items_purchased":["Backstab","Blade Dance","Lee\u0027s Waffle","Finisher+1"],"campfire_rested":1,"item_purchase_floors":[2,10,27,38],"current_hp_per_floor":[59,59,59,57,57,57,38,40,40,55,44,44,43,45,45,42,60,62,64,64,45,40,40,14,14,14,73,73,71,73,73,73,22,65,72,62,62,77,44,44,53,36,36,39,39,29,51,55,55,12],"gold":285,"neow_bonus":"BOSS_RELIC","is_daily":false,"chose_seed":false,"campfire_upgraded":7,"win_rate":0.0,"timestamp":1608473726,"path_taken":["M","$","M","M","?","R","E","M","T","$","?","R","M","E","R","BOSS","M","M","?","M","M","R","E","?","T","$","?","M","E","M","R","BOSS","M","M","?","$","M","R","?","M","T","E","?","E","R","E","R","BOSS"],"items_purchased_type":["Card","Card","Relic","Card"],"build_version":"2020-12-13","purchased_purges":2,"victory":true,"max_hp_per_floor":[66,66,66,66,66,66,66,66,66,66,66,66,66,66,66,66,66,66,66,66,66,66,66,66,66,66,73,73,73,73,73,73,73,78,78,78,78,78,78,78,78,78,78,78,74,74,74,74,74,74],"card_choices":[{"not_picked":["Acrobatics","Outmaneuver"],"picked":"Deadly Poison","floor":1.0},{"not_picked":["Noxious Fumes","Setup"],"picked":"Backflip","floor":3.0},{"not_picked":["Setup","Bane"],"picked":"PiercingWail","floor":4.0},{"not_picked":["Sucker Punch","Tools of the Trade"],"picked":"Footwork","floor":7.0},{"not_picked":["Underhanded Strike","Bouncing Flask","Outmaneuver"],"picked":"SKIP","floor":8.0},{"not_picked":["PiercingWail","Bane"],"picked":"Cloak And Dagger","floor":13.0},{"not_picked":["Blade Dance","Calculated Gamble"],"picked":"A Thousand Cuts","floor":14.0},{"not_picked":["Grand Finale","Venomology"],"picked":"Die Die Die","floor":16},{"not_picked":["Bane","Bouncing Flask","Predator"],"picked":"SKIP","floor":18},{"not_picked":["Slice","Bouncing Flask"],"picked":"Blur+1","floor":19},{"not_picked":["Acrobatics","All Out Attack+1"],"picked":"Bane+1","floor":21},{"not_picked":["Heel Hook","Deflect","Dagger Throw"],"picked":"SKIP","floor":22},{"not_picked":["Leg Sweep","All Out Attack"],"picked":"Cloak And Dagger+1","floor":24},{"not_picked":["Noxious Fumes","Calculated Gamble","Wraith Form v2"],"picked":"SKIP","floor":28},{"not_picked":["Underhanded Strike","Flying Knee","Dodge and Roll"],"picked":"SKIP","floor":29},{"not_picked":["Blade Dance","Poisoned Stab+1"],"picked":"Escape Plan","floor":30},{"not_picked":["Bouncing Flask+1","Heel Hook+1"],"picked":"Choke+1","floor":31},{"not_picked":["Doppelganger","Unload+1"],"picked":"Bullet Time","floor":33},{"not_picked":["Underhanded Strike+1","Slice+1","Reflex"],"picked":"SKIP","floor":35},{"not_picked":["Catalyst+1","Backflip"],"picked":"Acrobatics","floor":36},{"not_picked":["Dagger Throw+1","Acrobatics","Dagger Spray+1"],"picked":"SKIP","floor":39},{"not_picked":["Poisoned Stab+1","Endless Agony+1","Dodge and Roll"],"picked":"SKIP","floor":42},{"not_picked":["Backflip","Leg Sweep"],"picked":"PiercingWail+1","floor":44},{"not_picked":["Storm of Steel","Dagger Spray+1"],"picked":"Infinite Blades+1","floor":46},{"not_picked":["Deflect+1","A Thousand Cuts","Night Terror+1"],"picked":"SKIP","floor":48}],"player_experience":1346659,"relics_obtained":[{"floor":7.0,"key":"Blood Vial"},{"floor":9.0,"key":"MealTicket"},{"floor":14.0,"key":"Akabeko"},{"floor":24,"key":"Boot"},{"floor":24,"key":"WingedGreaves"},{"floor":26,"key":"Shuriken"},{"floor":30,"key":"Molten Egg 2"},{"floor":30,"key":"Mummified Hand"},{"floor":41,"key":"Lizard Tail"},{"floor":43,"key":"Blue Candle"},{"floor":44,"key":"Prayer Wheel"},{"floor":44,"key":"PreservedInsect"},{"floor":46,"key":"Dream Catcher"},{"floor":46,"key":"Pantograph"},{"floor":48,"key":"Bag of Marbles"},{"floor":48,"key":"Toxic Egg 2"}],"event_choices":[{"damage_healed":0.0,"max_hp_gain":0.0,"max_hp_loss":0.0,"gold_gain":0.0,"event_name":"The Cleric","player_choice":"Leave","floor":5.0,"gold_loss":0.0,"damage_taken":0.0},{"damage_healed":0.0,"max_hp_gain":0.0,"max_hp_loss":0.0,"gold_gain":0.0,"event_name":"Scrap Ooze","player_choice":"Success","floor":11.0,"gold_loss":0.0,"damage_taken":11.0,"relics_obtained":["White Beast Statue"]},{"damage_healed":0,"gold_gain":0,"player_choice":"Became a vampire (Vial)","damage_taken":0,"max_hp_gain":0,"max_hp_loss":0,"event_name":"Vampires","floor":20,"relics_lost":["Blood Vial"],"gold_loss":0,"cards_obtained":["Bite","Bite","Bite","Bite","Bite"]},{"damage_healed":0,"gold_gain":0,"player_choice":"Rummage","damage_taken":0,"relics_obtained":["WarpedTongs"],"max_hp_gain":0,"max_hp_loss":0,"event_name":"Accursed Blacksmith","floor":25,"gold_loss":0,"cards_obtained":["Pain"]},{"damage_healed":0,"gold_gain":0,"player_choice":"Memory 1","damage_taken":0,"max_hp_gain":0,"max_hp_loss":0,"event_name":"SensoryStone","floor":37,"gold_loss":0},{"damage_healed":0,"gold_gain":0,"player_choice":"Fight","damage_taken":0,"max_hp_gain":0,"max_hp_loss":0,"event_name":"MindBloom","floor":41,"gold_loss":0},{"damage_healed":0,"gold_gain":0,"player_choice":"Max HP","damage_taken":0,"max_hp_gain":0,"max_hp_loss":4,"event_name":"Winding Halls","floor":45,"gold_loss":0}],"is_beta":false,"boss_relics":[{"not_picked":["Busted Crown","Ectoplasm"],"picked":"Black Star"},{"not_picked":["Astrolabe","Sozu"],"picked":"Cursed Key"}],"items_purged_floors":[27,38],"is_endless":false,"potions_floor_spawned":[3,8,13,14,16,18,19,21,22,24,28,29,30,31,33,35,36,39,41,42,44,46,48],"ascension_level":16}}