{"host":"wha9dsr6bezqsuha","time":1608466176,"event":{"mods":["BaseMod","Colored Map","Colored Powertips","Hubris","Koishi","Marisa????????","Minty Spire (QoL Compilation)","Replay The Spire","StSLib","The Mystic"],"gold_per_floor":[113,130,54,54,66,91,107,107,131,131,159,179,210,221,221,319,319,337,356,356,370,370,402,417,444,444,458,19,38,52,87,87,185,185,199,216,216,133,133,133,161,161,161,161,171,188,188,217,217,217,217,217,142,172,172,172],"floor_reached":55,"playtime":4937,"items_purged":["Defend_MRS"],"score":1171,"play_id":"caaf73e9-fc7b-4fc0-92e0-e163ea0d6f74","local_time":"20201220040936","is_ascension_mode":true,"campfire_choices":[{"data":"OortCloud","floor":8,"key":"SMITH"},{"data":"BigCrunch","floor":10,"key":"SMITH"},{"floor":32,"key":"REST"},{"floor":40,"key":"RECALL"},{"data":"BinaryStars","floor":44,"key":"SMITH"},{"data":"MeteoricShower","floor":49,"key":"SMITH"},{"data":"UltimateShortwave","floor":52,"key":"SMITH"}],"circlet_count":0,"master_deck":["Defend_MRS","Defend_MRS","Defend_MRS","MasterSpark","Decay","Normality","CurseOfTheBell","OortCloud+1","BigCrunch+1","EnergyFlow","ShootTheMoon","DarkMatter","MeteoricShower+1","OpenUniverse","OrrerysSun","MagicChant","MagicChant","ShootTheMoon","IllusionStar","UltimateShortwave+1","ManaConvection","IllusionStar","MysteriousBeam+1","ChargeUpSpray","GravityBeat","DarkMatter","Singularity+1","IllusionStar","MagicChant+1","MilkyWay","ChargingUp","MaximisePower","BinaryStars+1","BlazeAway+1","MilkyWay","Specialist+1","BlazeAway","EnergyFlow","IllusionStar+1","EarthLightRay","LuminesStrike+1"],"relics":["MiniHakkero","Calling Bell","Calipers","ReplayFunnel","hubris:SphereOfDissonance","Pen Nib","Bronze Scales","Du-Vu Doll","Honey Jar","Kunai","CaptainsWheel","Replay:Bottled Snecko","TungstenRod","Eternal Feather","ReplayTheSpireMod:DimensionalGlitch","hubris:DisguiseKit","hubris:Icosahedron","Letter Opener","hubris:Towel","ReplayTheSpireMod:Ninjato","hubris:CuriousFeather"],"acts_visited":["Exordium","TheCity","TheBeyond","TheEnding"],"potions_floor_usage":[6,13,24,24,31,31,33,33,50,50,50,50],"damage_taken":[{"damage":1,"enemies":"Cultist","floor":1,"turns":3},{"damage":11,"enemies":"Jaw Worm","floor":2,"turns":3},{"damage":0,"enemies":"Small Slimes","floor":5,"turns":3},{"damage":0,"enemies":"3 Sentries","floor":6,"turns":17},{"damage":5,"enemies":"Looter","floor":7,"turns":3},{"damage":3,"enemies":"Gremlin Nob","floor":11,"turns":3},{"damage":4,"enemies":"2 Fungi Beasts","floor":12,"turns":3},{"damage":2,"enemies":"3 Sentries","floor":13,"turns":9},{"damage":0,"enemies":"Exordium Wildlife","floor":14,"turns":2},{"damage":14,"enemies":"Fading Forest","floor":16,"turns":11},{"damage":12,"enemies":"Shell Parasite","floor":18,"turns":2},{"damage":0,"enemies":"Chosen","floor":19,"turns":2},{"damage":0,"enemies":"Sentry and Sphere","floor":21,"turns":3},{"damage":0,"enemies":"Gremlin Leader","floor":23,"turns":3},{"damage":8,"enemies":"Chosen and Byrds","floor":24,"turns":2},{"damage":14,"enemies":"Book of Stabbing","floor":25,"turns":2},{"damage":0,"enemies":"Centurion and Healer","floor":27,"turns":1},{"damage":0,"enemies":"Snake Plant","floor":29,"turns":1},{"damage":12,"enemies":"Shelled Parasite and Fungi","floor":30,"turns":2},{"damage":19,"enemies":"Slavers","floor":31,"turns":3},{"damage":16,"enemies":"hubris:MusketHawk","floor":33,"turns":6},{"damage":26,"enemies":"3 Darklings","floor":35,"turns":3},{"damage":4,"enemies":"Orb Walker","floor":36,"turns":2},{"damage":0,"enemies":"Reptomancer","floor":41,"turns":2},{"damage":2,"enemies":"Maw","floor":45,"turns":4},{"damage":31,"enemies":"Spire Growth","floor":46,"turns":2},{"damage":0,"enemies":"Nemesis","floor":48,"turns":1},{"damage":56,"enemies":"hubris:GrandSnecko","floor":50,"turns":6},{"damage":62,"enemies":"Shield and Spear","floor":54,"turns":5},{"damage":18,"enemies":"The Heart","floor":55,"turns":2}],"seed_played":"3909541630195557881","potions_obtained":[{"floor":1,"key":"SteroidPotion"},{"floor":2,"key":"Block Potion"},{"floor":12,"key":"Energy Potion"},{"floor":13,"key":"Doom Potion"},{"floor":14,"key":"Adrenaline Potion"},{"floor":19,"key":"Regen Potion"},{"floor":24,"key":"ColorlessPotion"},{"floor":25,"key":"BottledSpark"},{"floor":30,"key":"SkillPotion"},{"floor":33,"key":"Energy Potion"},{"floor":36,"key":"ShroomBrew"},{"floor":41,"key":"Block Potion"},{"floor":46,"key":"DuplicationPotion"}],"is_trial":false,"path_per_floor":["M","M","$","?","M","E","M","R","T","R","E","M","E","M","R_BF","B",null,"M","M","?","M","?","E","M","E","T","M","$","M","M","E","R","B",null,"M","M","?","$","?","R","E","?","T","R","M","M","?","E","R","B",null,"R","$","E","B"],"character_chosen":"MARISA","items_purchased":["EnergyFlow","TungstenRod","TreasureHunter","Specialist"],"campfire_rested":1,"item_purchase_floors":[3,28,28,38],"current_hp_per_floor":[74,63,63,63,63,63,58,58,58,58,55,51,49,49,49,43,75,63,63,63,63,63,63,60,46,46,46,46,46,34,15,55,39,75,49,45,45,45,45,66,66,66,66,75,73,42,42,42,66,10,75,75,75,15,0,0],"gold":172,"neow_bonus":"CURSED_BOSS_RELIC","is_daily":false,"chose_seed":false,"campfire_upgraded":5,"win_rate":0.0,"timestamp":1608466176,"path_taken":["M","M","$","?","M","E","?","R","T","R","E","M","E","M","R_BF","BOSS","M","M","?","M","?","E","M","E","T","M","$","M","M","E","R","BOSS","M","M","?","$","?","R","E","?","T","R","?","M","?","E","R","BOSS","R","$","E","BOSS"],"items_purchased_type":["Card","Relic","Card","Card"],"build_version":"2020-12-13","purchased_purges":1,"victory":false,"max_hp_per_floor":[75,75,75,75,75,75,75,75,75,75,75,75,75,75,75,75,75,75,75,75,75,75,75,75,75,75,75,75,75,75,75,75,75,75,75,75,75,75,75,75,75,75,75,75,75,75,75,75,75,75,75,75,75,75,75,75],"card_choices":[{"not_picked":["PropBag","GrandCross"],"picked":"OortCloud","floor":1},{"not_picked":["MysteriousBeam","UnstableBomb"],"picked":"BigCrunch","floor":2},{"not_picked":["NonDirectionalLaser","Acceleration"],"picked":"DarkMatter","floor":5},{"not_picked":["GalacticHalo","PowerUp"],"picked":"MeteoricShower","floor":6},{"not_picked":["DarkSpark","SprinkleStarSeal"],"picked":"OpenUniverse","floor":7},{"not_picked":["PulseMagic","SporeBomb"],"picked":"OrrerysSun","floor":11},{"not_picked":["DC","Acceleration"],"picked":"MagicChant","floor":12},{"not_picked":["OneTimeOff","DarkMatter"],"picked":"MagicChant","floor":13},{"not_picked":["DoubleSpark","GrandCross"],"picked":"ShootTheMoon","floor":14},{"not_picked":["StarDustReverie","BlazingStar"],"picked":"UltimateShortwave","floor":16},{"not_picked":["6A","DC+1","NonDirectionalLaser"],"picked":"ManaConvection","floor":18},{"not_picked":["GrandCross+1","DeepEcoloBomb","DC"],"picked":"IllusionStar","floor":19},{"not_picked":["EarthLightRay","MagicAbsorber+1","DoubleSpark"],"picked":"MysteriousBeam+1","floor":21},{"not_picked":["DoubleSpark+1","SporeBomb","ShootingEcho"],"picked":"DarkMatter","floor":23},{"not_picked":["GravityBeat","ShootingEcho+1","AlicesGift+1"],"picked":"Singularity+1","floor":24},{"not_picked":["GravityBeat","DC","StarBarrage"],"picked":"IllusionStar","floor":25},{"not_picked":["EarthLightRay","AsteroidBelt+1","MachineGunSpark"],"picked":"MagicChant+1","floor":27},{"not_picked":["SuperNova","UnstableBomb","GasGiant"],"picked":"MilkyWay","floor":29},{"not_picked":["ShootingEcho+1","GrandCross+1","DarkMatter"],"picked":"ChargingUp","floor":30},{"not_picked":["OneTimeOff+1","WitchOfGreed+1","AlicesGift"],"picked":"MaximisePower","floor":31},{"not_picked":["BlazingStar","MaximisePower","AbsoluteMagnitude"],"picked":"BinaryStars","floor":33},{"not_picked":["DoubleSpark","SporeBomb+1","FairyDestructionRay"],"picked":"BlazeAway+1","floor":35},{"not_picked":["UnstableBomb","WitchOfGreed+1","DoubleSpark"],"picked":"MilkyWay","floor":36},{"not_picked":["DarkMatter+1","SprinkleStarSeal+1","GalacticHalo"],"picked":"BlazeAway","floor":41},{"not_picked":["Acceleration","AsteroidBelt+1","WitchOfGreed","ConjureBlade"],"picked":"EnergyFlow","floor":45},{"not_picked":["WitchLeyline+1","DoubleSpark","DC+1","Alpha"],"picked":"IllusionStar+1","floor":46},{"not_picked":["GravityBeat","DragonMeteor+1","WitchOfGreed+1","Vault"],"picked":"EarthLightRay","floor":48},{"not_picked":["StarBarrage+1","GasGiant+1","GalacticHalo+1","FlurryOfBlows"],"picked":"LuminesStrike+1","floor":54}],"player_experience":56232,"relics_obtained":[{"floor":0,"key":"Calipers"},{"floor":0,"key":"ReplayFunnel"},{"floor":0,"key":"hubris:SphereOfDissonance"},{"floor":6,"key":"Pen Nib"},{"floor":11,"key":"Bronze Scales"},{"floor":13,"key":"Du-Vu Doll"},{"floor":23,"key":"Kunai"},{"floor":25,"key":"CaptainsWheel"},{"floor":26,"key":"Replay:Bottled Snecko"},{"floor":31,"key":"Eternal Feather"},{"floor":41,"key":"hubris:DisguiseKit"},{"floor":43,"key":"Letter Opener"},{"floor":48,"key":"ReplayTheSpireMod:Ninjato"},{"floor":54,"key":"hubris:CuriousFeather"}],"event_choices":[{"damage_healed":0,"gold_gain":0,"cards_transformed":["Strike_MRS"],"player_choice":"Transformed","damage_taken":0,"max_hp_gain":0,"max_hp_loss":0,"event_name":"Transmorgrifier","floor":4,"gold_loss":0,"cards_obtained":["ShootTheMoon"]},{"cards_removed":["Strike_MRS"],"damage_healed":0,"gold_gain":0,"player_choice":"Elegance","damage_taken":0,"max_hp_gain":0,"max_hp_loss":0,"event_name":"Back to Basics","floor":20,"gold_loss":0},{"damage_healed":0,"gold_gain":0,"cards_transformed":["Strike_MRS","UpSweep"],"player_choice":"Became Test Subject","damage_taken":0,"max_hp_gain":0,"max_hp_loss":0,"event_name":"Drug Dealer","floor":22,"gold_loss":0,"cards_obtained":["ChargeUpSpray","GravityBeat"]},{"cards_removed":["TreasureHunter"],"damage_healed":0,"gold_gain":0,"player_choice":"Removed Attack","damage_taken":0,"max_hp_gain":0,"max_hp_loss":0,"event_name":"Falling","floor":37,"gold_loss":0}],"is_beta":false,"boss_relics":[{"not_picked":["ChewingGum","hubris:Backtick"],"picked":"Honey Jar"},{"not_picked":["ExperimentalFamiliar","Runic Dome"],"picked":"ReplayTheSpireMod:DimensionalGlitch"}],"items_purged_floors":[53],"is_endless":false,"potions_floor_spawned":[1,2,12,13,14,19,24,25,30,33,36,41,46,48],"killed_by":"The Heart","ascension_level":4}}