{"host":"f0gpob8hq9vgebej","time":1608431195,"event":{"mods":["AchievementEnabler","BaseMod","Googly Eyes","Minty Spire (QoL Compilation)","Quick Restart","SuperFastMode"],"gold_per_floor":[37,77,111,170,45,45,115,115,115,115,151,184,184,184,184,287,287,330,255,55,154,198,198,233,277,301,301,301,361,83,100,100,100,100],"floor_reached":33,"playtime":600,"items_purged":["Strike_G","Defend_G","Defend_G"],"score":475,"play_id":"c347dce4-28cc-455f-bb87-b7c7004e54f9","local_time":"20201220112635","is_ascension_mode":true,"campfire_choices":[{"data":"HandOfGreed","floor":6.0,"key":"SMITH"},{"data":"Footwork","floor":8.0,"key":"SMITH"},{"data":"Poisoned Stab","floor":10.0,"key":"SMITH"},{"data":"Neutralize","floor":13.0,"key":"SMITH"},{"data":"Survivor","floor":15.0,"key":"SMITH"},{"floor":23.0,"key":"REST"},{"data":"Accuracy","floor":28,"key":"SMITH"},{"data":"Burst","floor":32,"key":"SMITH"}],"circlet_count":0,"master_deck":["AscendersBane","Strike_G","Strike_G","Strike_G","Defend_G","Defend_G","Defend_G","Survivor+1","Neutralize+1","HandOfGreed+1","Poisoned Stab+1","Footwork+1","Backstab","Blade Dance","Reflex","PiercingWail","Burst+1","Blade Dance","Accuracy+1","Blade Dance","Acrobatics"],"relics":["Ring of the Serpent","Boot","Omamori","Juzu Bracelet","Red Mask","Happy Flower"],"acts_visited":["Exordium","TheCity"],"potions_floor_usage":[25,33],"damage_taken":[{"damage":0.0,"enemies":"Cultist","floor":1.0,"turns":3.0},{"damage":0.0,"enemies":"2 Louse","floor":2.0,"turns":2.0},{"damage":7.0,"enemies":"Small Slimes","floor":3.0,"turns":3.0},{"damage":18.0,"enemies":"Exordium Thugs","floor":4.0,"turns":7.0},{"damage":1.0,"enemies":"Gremlin Gang","floor":7.0,"turns":6.0},{"damage":4.0,"enemies":"3 Louse","floor":11.0,"turns":4.0},{"damage":7.0,"enemies":"Gremlin Nob","floor":12.0,"turns":3.0},{"damage":0.0,"enemies":"The Guardian","floor":16.0,"turns":14.0},{"damage":7.0,"enemies":"3 Byrds","floor":18.0,"turns":5.0},{"damage":28.0,"enemies":"2 Thieves","floor":22.0,"turns":4.0},{"damage":18,"enemies":"Centurion and Healer","floor":24,"turns":6},{"damage":0,"enemies":"3 Cultists","floor":25,"turns":4},{"damage":8,"enemies":"Masked Bandits","floor":29,"turns":5},{"damage":0,"enemies":"Snake Plant","floor":31,"turns":3},{"damage":38,"enemies":"Collector","floor":33,"turns":7}],"seed_played":"381553353269965708","potions_obtained":[{"floor":3.0,"key":"BlessingOfTheForge"},{"floor":7.0,"key":"AttackPotion"},{"floor":11.0,"key":"Fruit Juice"},{"floor":12.0,"key":"Explosive Potion"},{"floor":16.0,"key":"Weak Potion"}],"is_trial":false,"path_per_floor":["M","M","M","M","$","R","M","R","T","R","M","E","R","?","R","B",null,"M","?","$","?","M","R","M","M","T","?","R","?","$","M","R","B"],"character_chosen":"THE_SILENT","items_purchased":["Blade Dance","Accuracy","Blade Dance","Happy Flower"],"campfire_rested":1,"item_purchase_floors":[5,20,20,30],"current_hp_per_floor":[63,63,56,38,38,38,37,37,37,37,38,31,31,31,31,31,64,57,57,57,57,29,51,33,33,33,58,58,50,50,50,50,12,12],"gold":100,"neow_bonus":"RANDOM_COLORLESS_2","is_daily":false,"chose_seed":false,"campfire_upgraded":7,"win_rate":0.0,"timestamp":1608431195,"path_taken":["M","?","M","M","$","R","M","R","T","R","M","E","R","?","R","BOSS","M","?","$","?","M","R","M","M","T","?","R","?","?","M","R","BOSS"],"items_purchased_type":["Card","Card","Card","Relic"],"build_version":"2020-12-13","purchased_purges":3,"victory":false,"max_hp_per_floor":[70,70,70,70,70,70,70,70,70,70,75,75,75,75,75,75,75,75,75,75,75,75,75,75,75,75,75,75,75,75,75,75,75,75],"card_choices":[{"not_picked":["Violence","The Bomb"],"picked":"HandOfGreed","floor":0.0},{"not_picked":["Quick Slash","Infinite Blades"],"picked":"Poisoned Stab","floor":1.0},{"not_picked":["Outmaneuver","Catalyst","Poisoned Stab"],"picked":"SKIP","floor":2.0},{"not_picked":["Prepared","Poisoned Stab"],"picked":"Footwork","floor":3.0},{"not_picked":["Caltrops","Infinite Blades"],"picked":"Backstab","floor":4.0},{"not_picked":["PiercingWail","Die Die Die"],"picked":"Reflex","floor":7.0},{"not_picked":["Dagger Spray","Poisoned Stab"],"picked":"PiercingWail","floor":11.0},{"not_picked":["Caltrops","Deflect","Underhanded Strike"],"picked":"SKIP","floor":12.0},{"not_picked":["Grand Finale","Wraith Form v2"],"picked":"Burst","floor":16.0},{"not_picked":["Deflect","Masterful Stab"],"picked":"Blade Dance","floor":18.0},{"not_picked":["Skewer","Outmaneuver+1","Eviscerate"],"picked":"SKIP","floor":22.0},{"not_picked":["Bane","PiercingWail"],"picked":"Acrobatics","floor":24},{"not_picked":["Setup","Deadly Poison","Crippling Poison"],"picked":"SKIP","floor":25},{"not_picked":["Underhanded Strike","Deflect","Die Die Die"],"picked":"SKIP","floor":31}],"player_experience":179996,"relics_obtained":[{"floor":9.0,"key":"Boot"},{"floor":12.0,"key":"Omamori"},{"floor":26,"key":"Juzu Bracelet"},{"floor":29,"key":"Red Mask"}],"event_choices":[{"damage_healed":0.0,"max_hp_gain":0.0,"max_hp_loss":0.0,"gold_gain":0.0,"event_name":"Match and Keep!","player_choice":"0 cards matched","floor":14.0,"gold_loss":0.0,"damage_taken":0.0,"cards_obtained":[]},{"cards_removed":["Strike_G"],"damage_healed":0.0,"max_hp_gain":0.0,"max_hp_loss":0.0,"gold_gain":0.0,"event_name":"Beggar","player_choice":"Gave Gold","floor":19.0,"gold_loss":75.0,"damage_taken":0.0},{"damage_healed":0.0,"max_hp_gain":0.0,"max_hp_loss":0.0,"gold_gain":99.0,"event_name":"Nest","player_choice":"Stole From Cult","floor":21.0,"gold_loss":0.0,"damage_taken":0.0},{"damage_healed":25,"gold_gain":0,"player_choice":"Heal","damage_taken":0,"max_hp_gain":0,"max_hp_loss":0,"event_name":"The Library","floor":27,"gold_loss":0},{"damage_healed":0,"gold_gain":0,"player_choice":"Fought Bandits","damage_taken":0,"max_hp_gain":0,"max_hp_loss":0,"event_name":"Masked Bandits","floor":29,"gold_loss":0}],"is_beta":false,"boss_relics":[{"not_picked":["SacredBark","Busted Crown"],"picked":"Ring of the Serpent"}],"items_purged_floors":[5,20,30],"is_endless":false,"potions_floor_spawned":[3,7,11,12,16,18,22],"killed_by":"Collector","ascension_level":12}}