{"host":"hdafziggwnbzqpcb","time":1608507598,"event":{"mods":["BaseMod","Better Vampires","Colored Map","Colored Powertips","Curses Come First","GifTheSpireLib","Minty Spire (QoL Compilation)","Quick Restart","Rare Cards Sparkle","Relic Stats","Spicy Shops","StSLib","The Bug Knight","The Cursed","TheHero"],"gold_per_floor":[110,35,0,20,20,20,38,38,108,183,199,211,244,319,319,421,471,489,515,515,515],"floor_reached":20,"playtime":648,"items_purged":["Strike_B"],"score":224,"play_id":"35d1c3f9-efbc-4b60-92e7-b8c86a116fbd","local_time":"20201220153958","is_ascension_mode":true,"campfire_choices":[{"data":"Defend_B","floor":6,"key":"SMITH"},{"data":"FTL","floor":8,"key":"SMITH"},{"data":"White Noise","floor":15,"key":"SMITH"}],"circlet_count":0,"master_deck":["Strike_B+1","Strike_B","Strike_B","Defend_B","Defend_B","Defend_B+1","Zap+1","Dualcast","Heatsinks","Leap","FTL+1","Gash","White Noise+1","White Noise","Thunder Strike","White Noise"],"relics":["Cracked Core","Bottled Tornado","Anchor","Tiny House","Lantern"],"acts_visited":["Exordium","TheCity"],"potions_floor_usage":[13,13,16],"damage_taken":[{"damage":2,"enemies":"Jaw Worm","floor":1,"turns":4},{"damage":6,"enemies":"2 Louse","floor":4,"turns":2},{"damage":1,"enemies":"Small Slimes","floor":7,"turns":3},{"damage":4,"enemies":"Red Slaver","floor":11,"turns":2},{"damage":3,"enemies":"Exordium Thugs","floor":12,"turns":3},{"damage":6,"enemies":"Gremlin Nob","floor":13,"turns":3},{"damage":28,"enemies":"Slime Boss","floor":16,"turns":9},{"damage":39,"enemies":"3 Byrds","floor":18,"turns":4},{"damage":0,"enemies":"Shell Parasite","floor":20,"turns":2}],"seed_played":"1872989157527733182","potions_obtained":[{"floor":1,"key":"Regen Potion"},{"floor":7,"key":"ColorlessPotion"},{"floor":12,"key":"FearPotion"},{"floor":16,"key":"BlessingOfTheForge"},{"floor":17,"key":"GamblersBrew"}],"is_trial":false,"path_per_floor":["M","$","?","M","?","R","M","R","T","?","M","M","E","?","R","B",null,"M","T","M"],"character_chosen":"DEFECT","items_purchased":[],"campfire_rested":0,"item_purchase_floors":[],"current_hp_per_floor":[66,66,75,69,62,62,61,61,61,50,46,43,46,39,39,11,64,25,25,25,25],"gold":515,"neow_bonus":"UPGRADE_CARD","is_daily":false,"chose_seed":false,"campfire_upgraded":3,"win_rate":0.0,"timestamp":1608507598,"path_taken":["M","$","?","M","?","R","M","R","T","?","M","M","E","?","R","BOSS","M","?","?"],"items_purchased_type":[],"build_version":"2020-12-13","purchased_purges":1,"victory":false,"max_hp_per_floor":[75,75,75,75,75,75,75,75,75,75,75,75,75,75,75,75,80,80,80,80,80],"relic_stats":{"counters":[9,32],"obtain_stats":[{"Anchor":13,"Lantern":19,"Tiny House":17,"Bottled Tornado":9,"Cracked Core":0},{"Anchor":6,"Lantern":8,"Tiny House":7,"Bottled Tornado":3,"Cracked Core":0},{"Anchor":17,"Lantern":30,"Tiny House":26,"Bottled Tornado":9,"Cracked Core":0}]},"card_choices":[{"not_picked":["Hello World","Fusion"],"picked":"Heatsinks","floor":1},{"not_picked":["Genetic Algorithm","Coolheaded"],"picked":"Leap","floor":4},{"not_picked":["Turbo","Rip and Tear"],"picked":"FTL","floor":7},{"not_picked":["Echo Form","Redo"],"picked":"Gash","floor":11},{"not_picked":["Static Discharge","Aggregate"],"picked":"White Noise","floor":12},{"not_picked":["Melter","Loop"],"picked":"White Noise","floor":13},{"not_picked":["Amplify","Meteor Strike"],"picked":"Thunder Strike","floor":16},{"not_picked":["Coolheaded","Chaos"],"picked":"White Noise","floor":17},{"not_picked":["Glacier+1","Rebound","Stack"],"picked":"SKIP","floor":18}],"player_experience":623525,"relics_obtained":[{"floor":9,"key":"Bottled Tornado"},{"floor":13,"key":"Anchor"},{"floor":19,"key":"Lantern"}],"event_choices":[{"damage_healed":18,"gold_gain":0,"player_choice":"Healed","damage_taken":0,"max_hp_gain":0,"max_hp_loss":0,"event_name":"The Cleric","floor":3,"gold_loss":35},{"cards_removed":["Defend_B"],"damage_healed":0,"gold_gain":0,"player_choice":"Card Removal","damage_taken":7,"max_hp_gain":0,"max_hp_loss":0,"event_name":"Golden Wing","floor":5,"gold_loss":0},{"damage_healed":0,"gold_gain":75,"player_choice":"Gather Gold","damage_taken":11,"max_hp_gain":0,"max_hp_loss":0,"event_name":"World of Goop","floor":10,"gold_loss":0},{"damage_healed":0,"gold_gain":75,"player_choice":"Touch","damage_taken":7,"max_hp_gain":0,"max_hp_loss":0,"event_name":"FaceTrader","floor":14,"gold_loss":0}],"is_beta":false,"boss_relics":[{"not_picked":["Velvet Choker","Philosopher\u0027s Stone"],"picked":"Tiny House"}],"items_purged_floors":[2],"is_endless":false,"potions_floor_spawned":[1,7,12,16],"killed_by":"Shell Parasite","ascension_level":6}}