{"host":"m1ntkrf87179kmo6","time":1608424991,"event":{"mods":["BaseMod","Better Third Choice","Minty Spire (QoL Compilation)","Shade Mod","StSLib"],"gold_per_floor":[115,115,115,115,125,125,160,160,241,261,271,6,6,17,17,117,167,182,198,198,215,230,230,245,245,245,256,268,268,281,293,293,293,293],"floor_reached":33,"playtime":2407,"items_purged":[],"score":378,"play_id":"d503e8d0-b788-4097-9e77-c1dc42a8a7eb","local_time":"20201219194311","is_ascension_mode":false,"campfire_choices":[{"floor":6,"key":"REST"},{"floor":8,"key":"REST"},{"floor":15,"key":"RECALL"},{"floor":23,"key":"REST"},{"floor":29,"key":"REST"},{"floor":32,"key":"REST"}],"circlet_count":0,"master_deck":["Shade:Strike_Shade","Shade:Strike_Shade+1","Shade:Strike_Shade","Shade:Defend_Shade+1","Shade:Defend_Shade","Shade:Defend_Shade","Shade:Defend_Shade","Shade:AnimateDead+1","Shade:CarefulCut","Shade:ExtraLimbs+1","Shade:AncientSpear","Shade:FuneraryJewels+1","Shade:TouchOfTheGrave+1","Shade:GreyBargain+1","Shade:FleshLikeOak+1","Shade:ClawBack","Shade:ClawBack","Shade:Tombstone","Shade:Brains+1","Shade:Bite_Shade","Shade:FuneraryArmor+1","Shade:Excise+1","Shade:FuneraryArmor+1"],"relics":["Shade:YorickSkull","Toxic Egg 2","Frozen Egg 2","Ancient Tea Set","FaceOfCleric","Tiny House","Prayer Wheel"],"acts_visited":["Exordium","TheCity"],"potions_floor_usage":[7,10,16,19,19,21,24,28,30,33],"damage_taken":[{"damage":0,"enemies":"Small Slimes","floor":1,"turns":3},{"damage":0,"enemies":"2 Louse","floor":5,"turns":2},{"damage":18,"enemies":"Gremlin Nob","floor":7,"turns":4},{"damage":0,"enemies":"Cultist","floor":10,"turns":2},{"damage":9,"enemies":"2 Fungi Beasts","floor":11,"turns":3},{"damage":3,"enemies":"Gremlin Gang","floor":14,"turns":4},{"damage":16,"enemies":"Hexaghost","floor":16,"turns":7},{"damage":0,"enemies":"Spheric Guardian","floor":18,"turns":3},{"damage":1,"enemies":"2 Thieves","floor":19,"turns":3},{"damage":31,"enemies":"3 Cultists","floor":21,"turns":4},{"damage":27,"enemies":"Chosen and Byrds","floor":22,"turns":8},{"damage":3,"enemies":"Centurion and Healer","floor":24,"turns":8},{"damage":0,"enemies":"Cultist and Chosen","floor":27,"turns":5},{"damage":11,"enemies":"3 Cultists","floor":28,"turns":5},{"damage":1,"enemies":"Snake Plant","floor":30,"turns":4},{"damage":16,"enemies":"Centurion and Healer","floor":31,"turns":5},{"damage":86,"enemies":"Champ","floor":33,"turns":12}],"seed_played":"-6355405227318178694","potions_obtained":[{"floor":5,"key":"DuplicationPotion"},{"floor":7,"key":"BlessingOfTheForge"},{"floor":10,"key":"FearPotion"},{"floor":17,"key":"EntropicBrew"},{"floor":19,"key":"Weak Potion"},{"floor":22,"key":"Weak Potion"},{"floor":27,"key":"Block Potion"},{"floor":30,"key":"Strength Potion"}],"is_trial":false,"path_per_floor":["M","?","?","?","M","R","E","R","T","M","M","$","?","M","R","B",null,"M","M","?","M","M","R","M","?","T","M","M","R","M","M","R","B"],"character_chosen":"SHADE","items_purchased":["Shade:TouchOfTheGrave+1","Shade:GreyBargain+1","Ancient Tea Set"],"campfire_rested":5,"item_purchase_floors":[12,12,12],"current_hp_per_floor":[65,58,45,45,45,64,46,65,65,65,56,56,56,54,54,39,72,73,73,73,43,17,39,41,41,41,42,34,57,59,46,70,0,0],"gold":293,"neow_bonus":"ONE_RANDOM_RARE_CARD","is_daily":false,"chose_seed":false,"campfire_upgraded":0,"win_rate":0.0,"timestamp":1608424991,"path_taken":["M","?","?","?","M","R","E","R","T","M","M","$","?","M","R","BOSS","M","?","?","M","?","R","M","?","T","M","?","R","M","M","R","BOSS"],"items_purchased_type":["Card","Card","Relic"],"build_version":"2020-12-13","purchased_purges":0,"victory":false,"max_hp_per_floor":[65,65,65,65,65,65,65,65,65,65,65,65,65,66,66,67,72,73,74,74,75,76,76,77,77,77,78,79,79,80,81,81,81,81],"card_choices":[{"not_picked":["Shade:Premonition","Shade:BoneShards"],"picked":"Shade:ExtraLimbs","floor":1},{"not_picked":["Shade:GraveStillness","Shade:DangerousRitual","Shade:BoneShards"],"picked":"SKIP","floor":5},{"not_picked":["Shade:StitchTogether","Shade:PressTheAttack"],"picked":"Shade:AncientSpear","floor":7},{"not_picked":["Shade:Frenzy+1","Shade:CoffinDance"],"picked":"Shade:FuneraryJewels+1","floor":10},{"not_picked":["Shade:Frenzy+1","Shade:DangerousRitual","Shade:WallOfFlesh+1"],"picked":"SKIP","floor":11},{"not_picked":["Shade:FuneraryJewels+1","Shade:BoneShards"],"picked":"Shade:FleshLikeOak+1","floor":14},{"not_picked":["Shade:Carnophage+1","Shade:FreshBones+1"],"picked":"Shade:ClawBack","floor":17},{"not_picked":["Shade:SkeletonHug","Shade:SkeletonArmy+1","Shade:FeralStrike"],"picked":"SKIP","floor":18},{"not_picked":["Shade:CloudOfShrapnel","Shade:Brains+1"],"picked":"Shade:ClawBack","floor":19},{"not_picked":["Shade:FleshToFlesh+1","Shade:CallOfTheGrave+1"],"picked":"Shade:Brains+1","floor":21},{"not_picked":["Shade:CoffinDance","Shade:Brains+1"],"picked":"Shade:Bite_Shade","floor":22},{"not_picked":["Shade:SpectralStrikes+1","Shade:SoulToxin+1","Shade:AncientSpear+1"],"picked":"SKIP","floor":24},{"not_picked":["Shade:ExtraLimbs+1","Shade:TouchOfTheGrave+1"],"picked":"Shade:FuneraryArmor+1","floor":27},{"not_picked":["Shade:FleshOffering+1","Shade:Premonition+1","Shade:GoDigging+1"],"picked":"SKIP","floor":27},{"not_picked":["Shade:FreshBones+1","Shade:ExtraLimbs"],"picked":"Shade:Excise+1","floor":28},{"not_picked":["Shade:GreaterAnimation+1","Shade:WallOfFlesh+1","Shade:AblativeArmor+1"],"picked":"SKIP","floor":28},{"not_picked":["Shade:Premonition+1","Shade:Bonestorm","Shade:ClawBack"],"picked":"SKIP","floor":30},{"not_picked":["Shade:Excise+1","Shade:Trample","Shade:LastGasp+1"],"picked":"SKIP","floor":30},{"not_picked":["Shade:Trample","Shade:GoDigging+1"],"picked":"Shade:FuneraryArmor+1","floor":31},{"not_picked":["Shade:WallOfFlesh+1","Shade:GreyBargain+1","Shade:FingerOfDeath+1"],"picked":"SKIP","floor":31}],"player_experience":1077363,"relics_obtained":[{"floor":7,"key":"Toxic Egg 2"},{"floor":9,"key":"Frozen Egg 2"},{"floor":26,"key":"Prayer Wheel"}],"event_choices":[{"cards_removed":["Shade:MadHubris"],"damage_healed":0,"gold_gain":0,"player_choice":"Card Removal","damage_taken":7,"max_hp_gain":0,"max_hp_loss":0,"event_name":"Golden Wing","floor":2,"gold_loss":0},{"damage_healed":58,"gold_gain":0,"player_choice":"Upgrade","damage_taken":13,"max_hp_gain":0,"max_hp_loss":65,"event_name":"betterThird:BetterShining","floor":3,"gold_loss":0,"cards_upgraded":["Shade:AnimateDead","Shade:Strike_Shade"]},{"damage_healed":0,"gold_gain":0,"player_choice":"Grow","damage_taken":0,"max_hp_gain":0,"max_hp_loss":0,"event_name":"Living Wall","floor":4,"gold_loss":0,"cards_upgraded":["Shade:ExtraLimbs"]},{"damage_healed":0,"gold_gain":0,"player_choice":"Trade","damage_taken":0,"relics_obtained":["FaceOfCleric"],"max_hp_gain":0,"max_hp_loss":0,"event_name":"FaceTrader","floor":13,"gold_loss":0},{"damage_healed":0,"gold_gain":0,"player_choice":"1 cards matched","damage_taken":0,"max_hp_gain":0,"max_hp_loss":0,"event_name":"Match and Keep!","floor":20,"gold_loss":0,"cards_obtained":["Shade:Tombstone"]},{"cards_removed":["Shade:Strike_Shade"],"damage_healed":0,"gold_gain":0,"player_choice":"Offered Basic","damage_taken":0,"max_hp_gain":0,"max_hp_loss":0,"event_name":"Bonfire Elementals","floor":25,"gold_loss":0}],"is_beta":false,"boss_relics":[{"not_picked":["Astrolabe","Busted Crown"],"picked":"Tiny House"}],"items_purged_floors":[],"is_endless":false,"potions_floor_spawned":[5,7,10,19,22,27,30],"killed_by":"Champ","ascension_level":0}}