{"host":"k7501u5lfwl9v0b7","time":1608467511,"event":{"mods":["AchievementEnabler","BaseMod","Block Reminder","Colored Map","Colored Powertips","Minty Spire (QoL Compilation)","Permanent Neow","StSLib"],"gold_per_floor":[109,124,199,209,209,209,237,237,237,237,270,288,35,35,35,108,108,127,127,140,140,140],"floor_reached":21,"playtime":870,"items_purged":[],"score":318,"play_id":"bee26635-1d77-4fcd-97f7-1b2e58af22ec","local_time":"20201220133151","is_ascension_mode":true,"campfire_choices":[{"data":"Sweeping Beam","floor":6.0,"key":"SMITH"},{"data":"Cold Snap","floor":8.0,"key":"SMITH"},{"data":"Dualcast","floor":10.0,"key":"SMITH"},{"floor":15,"key":"REST"}],"circlet_count":0,"master_deck":["AscendersBane","Strike_B","Strike_B","Strike_B","Strike_B","Defend_B","Defend_B","Defend_B","Defend_B","Zap+1","Dualcast+1","Cold Snap+1","Ball Lightning","Sweeping Beam+1","Ball Lightning","HandOfGreed","Defragment","Electrodynamics","Ball Lightning","Glacier","Skim"],"relics":["Cracked Core","Darkstone Periapt","Eternal Feather","Pen Nib","Cursed Key"],"acts_visited":["Exordium","TheCity"],"potions_floor_usage":[16],"damage_taken":[{"damage":0.0,"enemies":"Jaw Worm","floor":1.0,"turns":4.0},{"damage":2.0,"enemies":"Small Slimes","floor":2.0,"turns":4.0},{"damage":1.0,"enemies":"2 Louse","floor":4.0,"turns":2.0},{"damage":6.0,"enemies":"3 Sentries","floor":7.0,"turns":4.0},{"damage":15.0,"enemies":"Lagavulin","floor":11.0,"turns":5.0},{"damage":25,"enemies":"Lots of Slimes","floor":12,"turns":3},{"damage":36,"enemies":"Hexaghost","floor":16,"turns":8},{"damage":23,"enemies":"Shell Parasite","floor":18,"turns":4},{"damage":2,"enemies":"Chosen","floor":20,"turns":3},{"damage":35,"enemies":"Shelled Parasite and Fungi","floor":21,"turns":3}],"seed_played":"3864897744370470934","potions_obtained":[{"floor":2.0,"key":"Strength Potion"},{"floor":4.0,"key":"PowerPotion"},{"floor":7.0,"key":"Dexterity Potion"},{"floor":12,"key":"PowerPotion"}],"is_trial":false,"path_per_floor":["M","M","?","M","?","R","E","R","T","R","E","M","$","?","R","B",null,"M","?","M","M"],"character_chosen":"DEFECT","items_purchased":["HandOfGreed","Defragment"],"campfire_rested":1,"item_purchase_floors":[13,13],"current_hp_per_floor":[64,62,51,50,50,50,44,44,44,50,35,10,10,10,40,4,54,31,31,29,0,0],"gold":140,"neow_bonus":"THREE_CARDS","is_daily":false,"chose_seed":false,"campfire_upgraded":3,"win_rate":0.0,"timestamp":1608467511,"path_taken":["M","M","?","M","?","R","E","R","T","R","E","M","$","?","R","BOSS","M","?","?","M"],"items_purchased_type":["Card","Card"],"build_version":"2020-12-13","purchased_purges":0,"victory":false,"max_hp_per_floor":[71,71,71,71,71,71,71,71,71,71,71,71,71,71,71,71,71,71,71,71,71,71],"card_choices":[{"not_picked":["Gash","Coolheaded"],"picked":"Cold Snap","floor":0.0},{"not_picked":["Stack","Rebound","Melter"],"picked":"SKIP","floor":1.0},{"not_picked":["Cold Snap","Turbo"],"picked":"Ball Lightning","floor":2.0},{"not_picked":["Coolheaded","Rebound"],"picked":"Sweeping Beam","floor":4.0},{"not_picked":["Beam Cell","Stack","Turbo"],"picked":"SKIP","floor":7.0},{"not_picked":["Rebound","Redo"],"picked":"Ball Lightning","floor":11.0},{"not_picked":["Multi-Cast","Stack","Chaos"],"picked":"SKIP","floor":12},{"not_picked":["Amplify","All For One"],"picked":"Electrodynamics","floor":16},{"not_picked":["Hologram","Aggregate"],"picked":"Ball Lightning","floor":18},{"not_picked":["Stack","Hello World"],"picked":"Skim","floor":20}],"player_experience":621663,"relics_obtained":[{"floor":7.0,"key":"Darkstone Periapt"},{"floor":9.0,"key":"Eternal Feather"},{"floor":11.0,"key":"Pen Nib"}],"event_choices":[{"damage_healed":0.0,"max_hp_gain":0.0,"max_hp_loss":0.0,"gold_gain":75.0,"event_name":"World of Goop","player_choice":"Gather Gold","floor":3.0,"gold_loss":0.0,"damage_taken":11.0},{"damage_healed":0.0,"max_hp_gain":0.0,"max_hp_loss":0.0,"gold_gain":0.0,"event_name":"Living Wall","player_choice":"Grow","floor":5.0,"gold_loss":0.0,"damage_taken":0.0,"cards_upgraded":["Zap"]},{"damage_healed":0,"gold_gain":0,"player_choice":"Ignored","damage_taken":0,"max_hp_gain":0,"max_hp_loss":0,"event_name":"Shining Light","floor":14,"gold_loss":0},{"damage_healed":0,"gold_gain":0,"player_choice":"1 cards matched","damage_taken":0,"max_hp_gain":0,"max_hp_loss":0,"event_name":"Match and Keep!","floor":19,"gold_loss":0,"cards_obtained":["Glacier"]}],"is_beta":false,"boss_relics":[{"not_picked":["Velvet Choker","Runic Dome"],"picked":"Cursed Key"}],"items_purged_floors":[],"is_endless":false,"potions_floor_spawned":[2,4,7,12],"killed_by":"Shelled Parasite and Fungi","ascension_level":14}}