{"host":"r3eb5kff0hcmimdq","time":1608486192,"event":{"mods":["Act Like it!","BaseMod","Colored Powertips","Highlight Path","Luminous","Marisa£®ÏF”Í°°ƒß¿Ì…≥£©","Minty Spire (QoL Compilation)","MostiFishMod","Replay The Spire","Shop Mod","Spicy Shops","StSLib","WarShipGirlsR/’ΩΩ¢…Ÿ≈ÆR mod","Youmu£®ªÍ∆«—˝√Œ£©","Yuyuko","noobMod","°æ“≈ŒÔø®≈∆°øREMEMod"],"gold_per_floor":[109,47,64,144,158,158,190,365,414,414,414,427,482,482,482,578,578,591,122,221,221,239,266,278,278,278,278,292,146,71,89,89,188,188,198,214,269,288,67,67,95,107,152,169,70,70,70,86,86,86],"floor_reached":51,"playtime":2696,"items_purged":["Sickly","Amnesia","Clumsy","Pride"],"score":820,"play_id":"7233245a-29ff-4ddb-8708-45c994e62879","local_time":"20201221014312","is_ascension_mode":false,"campfire_choices":[{"data":"Luminous:Balance_Death_Scythe","floor":6.0,"key":"SMITH"},{"data":"Luminous:Mana_Well_Luminous","floor":11.0,"key":"SMITH"},{"data":"Luminous:Phantom_Treasure_Luminous","floor":15,"key":"SMITH"},{"data":"REME_BattleFury","floor":25,"key":"SMITH"},{"data":"MostiFishMod:StarHerder","floor":32,"key":"SMITH"},{"data":"Luminous:Balance_Aether_Conduit","floor":40,"key":"SMITH"},{"data":"Luminous:Lania_Blessing_Luminous","floor":46,"key":"SMITH"},{"data":"Luminous:Date_of_Light_Luminous","floor":49,"key":"SMITH"}],"circlet_count":0,"master_deck":["Luminous:Light_Flash_Shower","Luminous:Light_Flash_Shower","Luminous:Dark_Abyssal_Drop","Luminous:Defend_Luminous","Luminous:Defend_Luminous","Luminous:Switch_Luminous","MostiFishMod:ReadyAimFire+1","Luminous:Ethereal_Form_Luminous","Luminous:Magic_Accelerate_Luminous+1","Luminous:Mana_Well_Luminous+1","Luminous:Balance_Death_Scythe+1","Luminous:Phantom_Treasure_Luminous+1","Luminous:Date_of_Light_Luminous+1","MostiFishMod:StarHerder+1","Luminous:Light_Ray_of_Redemption","Luminous:Concentrate_Luminous","REME_BattleFury+1","Luminous:Light_Gather","Luminous:Balance_Aether_Conduit+1","Luminous:Chaos_Field_Luminous","Luminous:Lania_Blessing_Luminous+1","Luminous:Equalize_Luminous+1","ReplayTheSpireMod:IOU"],"relics":["Luminous:MirrorRelic","ice","DaveBox","REME_ComplimentaryCards","RhineCircuit","Question Card","PreservedInsect","Eternal Feather","Blood Vial","ImportantClient","MerchantsRug","Replay:Wax Seal","Strange Spoon","Anchor","ReplayTheSpireMod:Ring of Addiction","Ring of Fangs","Garlic","Nloth\u0027s Gift","BionicSphere","Sozu","Gambling Chip","Bronze Scales","Membership Card","ReplayTheSpireMod:Ninjato","Toxic Egg 2","Question Card","Oddly Smooth Stone","BargainBundle"],"acts_visited":["Exordium","TheCity","TheBeyond"],"potions_floor_usage":[22,24,28],"damage_taken":[{"damage":3.0,"enemies":"Jaw Worm","floor":1.0,"turns":2.0},{"damage":6.0,"enemies":"2 Louse","floor":3.0,"turns":3.0},{"damage":0.0,"enemies":"Small Slimes","floor":5.0,"turns":2.0},{"damage":10.0,"enemies":"3 Sentries","floor":7.0,"turns":3.0},{"damage":0.0,"enemies":"Red Slaver","floor":12.0,"turns":1.0},{"damage":35,"enemies":"Slime Boss","floor":16,"turns":4},{"damage":20,"enemies":"2 Thieves","floor":18,"turns":3},{"damage":20,"enemies":"Spheric Guardian","floor":22,"turns":4},{"damage":0,"enemies":"Replay:Snechameleon","floor":23,"turns":2},{"damage":38,"enemies":"Snake Plant","floor":24,"turns":4},{"damage":16,"enemies":"Centurion and Healer","floor":28,"turns":5},{"damage":0,"enemies":"Shelled Parasite and Fungi","floor":31,"turns":4},{"damage":0,"enemies":"Champ","floor":33,"turns":8},{"damage":0,"enemies":"3 Darklings","floor":35,"turns":2},{"damage":0,"enemies":"Orb Walker","floor":36,"turns":3},{"damage":26,"enemies":"2 Orb Walkers","floor":37,"turns":4},{"damage":0,"enemies":"Jaw Worm Horde","floor":38,"turns":3},{"damage":0,"enemies":"R_Hoarder","floor":41,"turns":4},{"damage":0,"enemies":"Spire Growth","floor":42,"turns":4},{"damage":0,"enemies":"Maw","floor":44,"turns":5},{"damage":0,"enemies":"4 Shapes","floor":48,"turns":2},{"damage":0,"enemies":"Replay:Hell Engine","floor":50,"turns":8}],"seed_played":"7635397121882849954","potions_obtained":[{"floor":5.0,"key":"Dexterity Potion"},{"floor":12.0,"key":"Milkshake"},{"floor":21,"key":"Strength Potion"},{"floor":21,"key":"Explosive Potion"},{"floor":21,"key":"Fire Potion"},{"floor":22,"key":"FearPotion"},{"floor":24,"key":"Block Potion"},{"floor":28,"key":"Weak Potion"}],"is_trial":false,"path_per_floor":["M","$","M","?","M","R","E","?","T","?","R","M","T","?","R","B",null,"M","$","?","?","M","E","M","R","T","?","M","$","?","M","R","B",null,"M","M","?","M","$","R","E","M","T","M","$","R","?","M","R","B",null],"character_chosen":"LuminousClass","items_purchased":["PreservedInsect","MerchantsRug","Replay:Wax Seal","Luminous:Light_Ray_of_Redemption","Luminous:Concentrate_Luminous","REME_BattleFury","Strange Spoon","Anchor","Luminous:Light_Gather","BionicSphere","Bronze Scales","Membership Card","ReplayTheSpireMod:Ninjato","Toxic Egg 2","BargainBundle"],"campfire_rested":0,"item_purchase_floors":[2,19,19,19,19,19,19,19,19,29,39,39,39,39,45],"current_hp_per_floor":[51,51,45,45,45,45,35,35,35,28,37,37,37,37,46,13,75,55,55,55,55,37,40,5,17,17,17,11,11,11,13,25,30,71,69,69,46,51,51,63,65,65,65,63,63,63,61,61,61,59],"gold":86,"neow_bonus":"TRANSFORM_TWO_CARDS","is_daily":false,"chose_seed":false,"campfire_upgraded":8,"win_rate":0.0,"timestamp":1608486192,"path_taken":["M","$","M","?","M","R","E","?","T","?","R","M","?","?","R","BOSS","M","$","?","?","M","E","M","R","T","?","?","$","?","M","R","BOSS","M","M","?","M","$","R","E","M","T","M","$","R","?","?","R","BOSS"],"items_purchased_type":["Relic","Relic","Relic","Card","Card","Card","Relic","Relic","Card","Relic","Relic","Relic","Relic","Relic","Relic"],"build_version":"2020-12-13","purchased_purges":4,"victory":true,"max_hp_per_floor":[75,75,75,75,75,75,75,75,75,75,75,75,75,75,75,75,75,75,75,75,75,75,75,75,75,75,75,73,73,73,73,71,71,71,69,69,69,67,67,67,65,65,65,63,63,63,61,61,61,59],"card_choices":[{"not_picked":["Luminous:Dark_Raid","Luminous:Concentrate_Luminous"],"picked":"Luminous:Mana_Well_Luminous","floor":1.0},{"not_picked":["Reverse The Screen","Prostrate","Nirvana","rmod:intelligenceanalysis"],"picked":"SKIP","floor":3.0},{"not_picked":["True Grit","Ghostdom Sakura","Storm"],"picked":"Luminous:Balance_Death_Scythe","floor":5.0},{"not_picked":["Night Terror","Jack Of All Trades","Pommel Strike","TalkToTheHand"],"picked":"SKIP","floor":7.0},{"not_picked":["Dark Wind","Quick Slash","Rebound"],"picked":"Luminous:Phantom_Treasure_Luminous","floor":12.0},{"not_picked":["MostiFishMod:DeathFromBelow","MostiFishMod:BrokenBlackCloak","MostiFishMod:ScryFuture"],"picked":"MostiFishMod:StarHerder","floor":16},{"not_picked":["Linger over Flower","Anger","Bloom+1","Flex"],"picked":"SKIP","floor":18},{"not_picked":["Luminous:Dark_Raid","Luminous:Light_Glare","Luminous:Darkness_Mastery_Luminous"],"picked":"Luminous:Balance_Aether_Conduit","floor":22},{"not_picked":["Luminous:Dark_Raid","Luminous:Balance_Aether_Conduit","Luminous:Concentrate_Luminous","Luminous:Light_Ray_of_Redemption"],"picked":"SKIP","floor":23},{"not_picked":["Luminous:Light_Wash_Luminous","Luminous:Accumulation_Luminous","Luminous:Dark_Dim_Erosion","Luminous:Light_Disperse+1"],"picked":"SKIP","floor":24},{"not_picked":["Luminous:Light_Disperse","Luminous:Light_Gather","Luminous:Light_Spectral_Light","Luminous:Dark_Dim_Erosion"],"picked":"SKIP","floor":28},{"not_picked":["Luminous:Light_Disperse","Luminous:Dark_Dim_Erosion+1","Luminous:Light_Sylvan_Lance+1","Luminous:Darkness_Mastery_Luminous"],"picked":"SKIP","floor":31},{"not_picked":["Luminous:Equalize_Luminous","Luminous:Balance_Aether_Conduit","Luminous:Arcane_Rage_Luminous"],"picked":"Luminous:Chaos_Field_Luminous","floor":33},{"not_picked":["Luminous:Chase_Spell_Luminous+1","Luminous:Dark_Apocalypse+1","Luminous:Fast_Spell_Luminous+1","Luminous:Tune_Luminous"],"picked":"SKIP","floor":35},{"not_picked":["Luminous:Concentrate_Luminous+1","Luminous:Dark_Dim_Erosion","Luminous:Light_Glare+1","Luminous:Light_Sylvan_Lance+1"],"picked":"SKIP","floor":36},{"not_picked":["Luminous:Accumulation_Luminous+1","Luminous:Dark_Dim_Erosion","Luminous:Concentrate_Luminous","Luminous:Dark_Pressure_Void"],"picked":"SKIP","floor":38},{"not_picked":["Luminous:Lunar_Tide_Luminous","Luminous:Dark_Morning_Star+1","Luminous:Fast_Spell_Luminous+1"],"picked":"Luminous:Lania_Blessing_Luminous","floor":41},{"not_picked":["Luminous:Light_Track","Luminous:Photic_Meditation_Luminous","Luminous:Light_Wash_Luminous","Luminous:Fast_Spell_Luminous+1"],"picked":"Luminous:Equalize_Luminous+1","floor":42},{"not_picked":["Luminous:Light_Glare","Luminous:Light_Disperse","Luminous:Dark_Dim_Erosion+1","Luminous:Lights_Protection_Luminous+1","Luminous:Concentrate_Luminous+1"],"picked":"SKIP","floor":44},{"not_picked":["Luminous:Light_Gather","Luminous:Dark_Dim_Erosion","Luminous:Light_Wash_Luminous+1","Luminous:Light_Sylvan_Lance","Luminous:Erosion_Luminous+1"],"picked":"SKIP","floor":48}],"player_experience":161508,"relics_obtained":[{"floor":1.0,"key":"Question Card"},{"floor":1.0,"key":"PrismaticShard"},{"floor":7.0,"key":"War Paint"},{"floor":13.0,"key":"Blood Vial"},{"floor":16,"key":"ImportantClient"},{"floor":21,"key":"ReplayTheSpireMod:Ring of Addiction"},{"floor":21,"key":"Ring of Fangs"},{"floor":21,"key":"White Beast Statue"},{"floor":21,"key":"SacredBark"},{"floor":23,"key":"Bag of Marbles"},{"floor":26,"key":"Garlic"},{"floor":37,"key":"Gambling Chip"},{"floor":41,"key":"Question Card"},{"floor":43,"key":"Oddly Smooth Stone"}],"event_choices":[{"damage_healed":0.0,"max_hp_gain":0.0,"max_hp_loss":0.0,"gold_gain":175.0,"event_name":"Liars Game","player_choice":"AGREE","floor":8.0,"gold_loss":0.0,"damage_taken":0.0,"cards_obtained":["Doubt"]},{"damage_healed":0.0,"max_hp_gain":0.0,"max_hp_loss":0.0,"gold_gain":0.0,"event_name":"Scrap Ooze","player_choice":"Success","floor":10.0,"gold_loss":0.0,"damage_taken":7.0,"relics_obtained":["Eternal Feather"]},{"damage_healed":0,"gold_gain":0,"player_choice":"2 cards matched","damage_taken":0,"max_hp_gain":0,"max_hp_loss":0,"event_name":"Match and Keep!","floor":14,"gold_loss":0,"cards_obtained":["Luminous:Date_of_Light_Luminous","Luminous:Dark_Extract"]},{"damage_healed":0,"gold_gain":99,"player_choice":"Stole From Cult","damage_taken":0,"max_hp_gain":0,"max_hp_loss":0,"event_name":"Nest","floor":20,"gold_loss":0},{"damage_healed":0,"gold_gain":0,"player_choice":"Traded Relic","damage_taken":0,"relics_obtained":["Nloth\u0027s Gift"],"max_hp_gain":0,"max_hp_loss":0,"event_name":"N\u0027loth","floor":27,"relics_lost":["Bag of Marbles"],"gold_loss":0},{"cards_removed":["Doubt"],"damage_healed":0,"gold_gain":0,"player_choice":"Gave Gold","damage_taken":0,"max_hp_gain":0,"max_hp_loss":0,"event_name":"Beggar","floor":30,"gold_loss":75},{"damage_healed":0,"gold_gain":0,"player_choice":"Fight","damage_taken":0,"max_hp_gain":0,"max_hp_loss":0,"event_name":"Mysterious Sphere","floor":37,"gold_loss":0},{"cards_removed":["Luminous:Dark_Extract"],"damage_healed":0,"gold_gain":0,"player_choice":"Card Removal","damage_taken":0,"max_hp_gain":0,"max_hp_loss":0,"event_name":"Wheel of Change","floor":47,"gold_loss":0}],"is_beta":false,"boss_relics":[{"not_picked":["JellyFishMachine","ReplayTheSpireMod:DimensionalGlitch"],"picked":"Kintsugi"},{"not_picked":["Black Star","Runic Pyramid"],"picked":"Sozu"}],"items_purged_floors":[19,29,39,45],"is_endless":false,"potions_floor_spawned":[5,12,22,23,24,28,31,33,35,36,37,38,42],"ascension_level":0}}