{"host":"krw8blyxua7at9ak","time":1608422984,"event":{"mods":["BaseMod","Highlight Path","Minty Spire (QoL Compilation)","ojb\u0027s Info Mod"],"gold_per_floor":[218,5,15,35,110,139,139,156,229,229,255,405,430,447,447,447,447],"floor_reached":16,"playtime":593,"items_purged":["Strike_G"],"score":240,"play_id":"7d788d29-f361-48d3-abf5-3e44107a8941","local_time":"20201220010944","is_ascension_mode":true,"campfire_choices":[{"data":"Bouncing Flask","floor":7,"key":"SMITH"},{"floor":15,"key":"REST"}],"circlet_count":0,"master_deck":["AscendersBane","Strike_G","Strike_G","Strike_G","Strike_G","Defend_G","Defend_G","Defend_G","Defend_G","Defend_G","Survivor","Neutralize","Underhanded Strike","Poisoned Stab","Blade Dance","Sucker Punch","Bouncing Flask+1","Backstab","Backflip","Doubt","Noxious Fumes"],"relics":["Ring of the Snake","Ginger","InkBottle","Art of War","MealTicket"],"acts_visited":["Exordium"],"potions_floor_usage":[6,14],"damage_taken":[{"damage":3,"enemies":"2 Louse","floor":1,"turns":3},{"damage":0,"enemies":"Jaw Worm","floor":3,"turns":4},{"damage":0,"enemies":"Small Slimes","floor":4,"turns":3},{"damage":14,"enemies":"3 Sentries","floor":6,"turns":7},{"damage":0,"enemies":"Exordium Wildlife","floor":8,"turns":2},{"damage":31,"enemies":"Gremlin Nob","floor":11,"turns":4},{"damage":19,"enemies":"3 Sentries","floor":13,"turns":5},{"damage":0,"enemies":"Gremlin Gang","floor":14,"turns":3},{"damage":28,"enemies":"Slime Boss","floor":16,"turns":3}],"seed_played":"4658530117975208535","potions_obtained":[{"floor":3,"key":"PowerPotion"},{"floor":6,"key":"Dexterity Potion"},{"floor":13,"key":"DuplicationPotion"}],"is_trial":false,"path_per_floor":["M","$","M","M","?","E","R","M","T","?","E","?","E","M","R","B"],"character_chosen":"THE_SILENT","items_purchased":["Poisoned Stab","Blade Dance","Sucker Punch"],"campfire_rested":1,"item_purchase_floors":[2,2,2],"current_hp_per_floor":[56,56,56,56,45,31,31,31,31,53,22,22,3,3,22,0,0],"gold":447,"neow_bonus":"HUNDRED_GOLD","is_daily":false,"chose_seed":false,"campfire_upgraded":1,"win_rate":0.0,"timestamp":1608422984,"path_taken":["M","$","M","M","?","E","R","M","T","?","E","?","E","?","R","BOSS"],"items_purchased_type":["Card","Card","Card"],"build_version":"2020-12-13","purchased_purges":1,"victory":false,"max_hp_per_floor":[66,66,66,66,66,66,66,66,66,66,66,66,66,66,66,66,66],"card_choices":[{"not_picked":["Backflip","Dagger Spray"],"picked":"Underhanded Strike","floor":1},{"not_picked":["Doppelganger","Dagger Throw"],"picked":"Bouncing Flask","floor":3},{"not_picked":["Predator","Dagger Spray"],"picked":"Backstab","floor":4},{"not_picked":["Setup","Tactician","Quick Slash"],"picked":"SKIP","floor":6},{"not_picked":["Flying Knee","Sucker Punch"],"picked":"Backflip","floor":8},{"not_picked":["Dodge and Roll","Backflip","Underhanded Strike"],"picked":"SKIP","floor":11},{"not_picked":["Finisher","Predator","Deadly Poison"],"picked":"SKIP","floor":13},{"not_picked":["Slice","PiercingWail"],"picked":"Noxious Fumes","floor":14}],"player_experience":341999,"relics_obtained":[{"floor":6,"key":"Ginger"},{"floor":9,"key":"InkBottle"},{"floor":11,"key":"Art of War"},{"floor":13,"key":"MealTicket"}],"event_choices":[{"damage_healed":0,"gold_gain":75,"player_choice":"Gather Gold","damage_taken":11,"max_hp_gain":0,"max_hp_loss":0,"event_name":"World of Goop","floor":5,"gold_loss":0},{"damage_healed":22,"gold_gain":0,"player_choice":"Banana","damage_taken":0,"max_hp_gain":0,"max_hp_loss":0,"event_name":"Big Fish","floor":10,"gold_loss":0},{"damage_healed":0,"gold_gain":150,"player_choice":"AGREE","damage_taken":0,"max_hp_gain":0,"max_hp_loss":0,"event_name":"Liars Game","floor":12,"gold_loss":0,"cards_obtained":["Doubt"]}],"is_beta":false,"boss_relics":[],"items_purged_floors":[2],"is_endless":false,"potions_floor_spawned":[3,6,13],"killed_by":"Slime Boss","ascension_level":20}}