{"host":"h792lphzw6wlba86","time":1608477231,"event":{"mods":["AchievementEnabler","Aspiration","BaseMod","Better Altar","Better Match","Better Note","Better Sensory Stone","Better Skull","Better Third Choice","BetterRewards","CCEM","Colored Map","Conspire","Downfall","GifTheSpireLib","Googly Eyes","Halation","Highlight Path","Hubris","Hunter ??","Jedi Mod","Mimic Mod","Minty Spire (QoL Compilation)","Permanent Neow","Replay The Spire","Shop Mod","Spicy Shops","StSLib","Stuff the Spire","The Jungle","Unceasing Turn Reminder","everything is the same but u backflip on backflip","slay the spire mod where everything is the same but ironclad has a cowboy hat"],"gold_per_floor":[99,99,134,59,59,93,146,146,156,156,170,170,170,190,190,190,201,201,201],"floor_reached":18,"playtime":661,"items_purged":[],"score":130,"play_id":"89b25b17-926f-4a25-b565-8ca2ecf3c4b8","local_time":"20201220091351","is_ascension_mode":true,"campfire_choices":[{"floor":1,"key":"RECALL"},{"data":"Guardian:CurlUp","floor":4,"key":"SMITH"},{"data":"Guardian:Strike_Guardian","floor":8,"key":"SMITH"},{"floor":10,"key":"REST"}],"circlet_count":0,"master_deck":["Guardian:Strike_Guardian+1","Guardian:Strike_Guardian","Guardian:Strike_Guardian","Guardian:Strike_Guardian+1","Guardian:Defend_Guardian","Guardian:Defend_Guardian","Guardian:Defend_Guardian","Guardian:Defend_Guardian","Guardian:CurlUp+1","Guardian:TwinSlam+1","Guardian:PrismaticBeam","Guardian:BronzeArmor+1","Guardian:PrismaticBeam"],"relics":["SlaversCollar","Toxic Egg 2","jedi:crownofsimplicity","downfall:HeartBlessingRed","conspire:TopHat","Whetstone","Nunchaku"],"acts_visited":["Exordium"],"potions_floor_usage":[18],"damage_taken":[{"damage":46,"enemies":"Lagavulin","floor":3,"turns":10},{"damage":9,"enemies":"3 Sentries","floor":6,"turns":8},{"damage":2,"enemies":"2 Louse","floor":9,"turns":2},{"damage":2,"enemies":"Jaw Worm","floor":11,"turns":2},{"damage":0,"enemies":"Cultist","floor":14,"turns":2},{"damage":0,"enemies":"2 Fungi Beasts","floor":17,"turns":2},{"damage":46,"enemies":"downfall:Defect","floor":18,"turns":6}],"seed_played":"-1203527576173215029","potions_obtained":[{"floor":11,"key":"SpeedPotion"},{"floor":14,"key":"sneckomod:MuddlingPotion"},{"floor":17,"key":"jedi:mysterypotion"}],"is_trial":false,"path_per_floor":["R","?","E","R","?","E","T","R","M","R","M","PTL","PTL","M","?","?","M","B"],"character_chosen":"GUARDIAN","items_purchased":[],"campfire_rested":1,"item_purchase_floors":[],"current_hp_per_floor":[80,80,34,34,34,25,25,25,23,47,45,45,45,45,45,45,45,0,0],"gold":201,"neow_bonus":"BOSS_RELIC","is_daily":false,"chose_seed":false,"campfire_upgraded":2,"win_rate":0.0,"timestamp":1608477231,"path_taken":["R","?","E","R","?","E","T","R","M","R","?","PTL","PTL","M","?","?","M","BOSS"],"items_purchased_type":[],"build_version":"2020-12-13","purchased_purges":0,"victory":false,"max_hp_per_floor":[80,80,80,80,80,80,80,80,80,80,80,80,80,80,80,80,80,80,80],"card_choices":[{"not_picked":["Guardian:TemporalShield+1","Guardian:ChargeCore"],"picked":"Guardian:Gem_Blue","floor":3},{"not_picked":["Guardian:GemFire","Guardian:FuturePlans"],"picked":"Guardian:Gem_White","floor":6},{"not_picked":["Guardian:ShieldCharger+1","Guardian:Gem_Green"],"picked":"Guardian:PrismaticBeam","floor":9},{"not_picked":["Guardian:TemporalShield+1","Guardian:Planning+1"],"picked":"Guardian:Gem_Cyan","floor":11},{"not_picked":["Guardian:ShieldCharger+1","Guardian:WalkerClaw"],"picked":"Guardian:BronzeArmor+1","floor":14},{"not_picked":["Guardian:TimeBomb+1","Guardian:TemporalShield+1"],"picked":"Guardian:PrismaticBeam","floor":17}],"player_experience":652299,"relics_obtained":[{"floor":3,"key":"jedi:crownofsimplicity"},{"floor":5,"key":"conspire:TopHat"},{"floor":6,"key":"Whetstone"},{"floor":7,"key":"Nunchaku"}],"event_choices":[{"damage_healed":0,"gold_gain":0,"player_choice":"Relic","damage_taken":0,"max_hp_gain":0,"max_hp_loss":0,"event_name":"Wheel of Change","floor":5,"gold_loss":0}],"is_beta":false,"boss_relics":[],"items_purged_floors":[],"is_endless":false,"potions_floor_spawned":[11,14,17],"killed_by":"downfall:Defect","ascension_level":2}}