{"host":"6pgtslebjnyv5xmi","time":1608451986,"event":{"mods":["AchievementEnabler","BaseMod","Colored Map","Minty Spire (QoL Compilation)","Rare Cards Sparkle","SuperFastMode","everything is the same but u backflip on backflip"],"gold_per_floor":[112,112,122,122,23,51,51,63,134,165,181,216,227,302,302,400,400,411,411,326,337,93,93,121,121,121],"floor_reached":25,"playtime":973,"items_purged":["Strike_G","Defend_G"],"score":290,"play_id":"96d7eb34-fff1-4b84-84a4-d3d8123d7e1d","local_time":"20201220171306","is_ascension_mode":true,"campfire_choices":[{"data":"Noxious Fumes","floor":7,"key":"SMITH"},{"floor":15,"key":"REST"},{"data":"Bouncing Flask","floor":23,"key":"SMITH"}],"circlet_count":0,"master_deck":["Strike_G","Strike_G","Strike_G","Strike_G","Defend_G","Defend_G","Defend_G","Defend_G","Survivor","Neutralize","Dagger Throw","Backstab","Deadly Poison","Noxious Fumes+1","Deadly Poison","Backstab","PiercingWail","Bouncing Flask+1","Deadly Poison+1","Catalyst+1"],"relics":["Ring of the Snake","NeowsBlessing","Art of War","Shuriken","StrikeDummy","Anchor","StoneCalendar","SacredBark","Regal Pillow","Pen Nib","Torii"],"acts_visited":["Exordium","TheCity"],"potions_floor_usage":[10,10,10,12],"damage_taken":[{"damage":0,"enemies":"Cultist","floor":1,"turns":1},{"damage":0,"enemies":"Jaw Worm","floor":3,"turns":1},{"damage":0,"enemies":"3 Sentries","floor":6,"turns":1},{"damage":0,"enemies":"2 Louse","floor":8,"turns":2},{"damage":19,"enemies":"Gremlin Nob","floor":10,"turns":4},{"damage":4,"enemies":"Lots of Slimes","floor":11,"turns":3},{"damage":18,"enemies":"Lagavulin","floor":12,"turns":4},{"damage":15,"enemies":"Gremlin Gang","floor":13,"turns":4},{"damage":7,"enemies":"Hexaghost","floor":16,"turns":7},{"damage":25,"enemies":"3 Byrds","floor":18,"turns":4},{"damage":26,"enemies":"Chosen","floor":21,"turns":5},{"damage":21,"enemies":"Book of Stabbing","floor":24,"turns":5},{"damage":11,"enemies":"3 Cultists","floor":25,"turns":4}],"seed_played":"6575657871325007040","potions_obtained":[{"floor":1,"key":"Block Potion"},{"floor":3,"key":"Fruit Juice"},{"floor":6,"key":"SkillPotion"},{"floor":10,"key":"CunningPotion"}],"is_trial":false,"path_per_floor":["M","?","M","?","$","E","R","M","T","E","M","E","M","?","R","B",null,"M","?","?","M","$","R","E","M"],"character_chosen":"THE_SILENT","items_purchased":["Deadly Poison","Pen Nib"],"campfire_rested":1,"item_purchase_floors":[5,22],"current_hp_per_floor":[70,75,75,72,72,72,72,72,72,58,54,36,21,10,34,27,80,55,55,55,29,29,29,8,0,0],"gold":121,"neow_bonus":"THREE_ENEMY_KILL","is_daily":false,"chose_seed":false,"campfire_upgraded":2,"win_rate":0.0,"timestamp":1608451986,"path_taken":["M","?","M","?","$","E","R","M","T","E","M","E","M","?","R","BOSS","M","?","?","M","$","R","E","M"],"items_purchased_type":["Card","Relic"],"build_version":"2020-12-13","purchased_purges":2,"victory":false,"max_hp_per_floor":[70,75,75,75,75,75,75,75,75,80,80,80,80,80,80,80,80,80,80,80,80,80,80,80,80,80],"card_choices":[{"not_picked":["Dash","Bane"],"picked":"Dagger Throw","floor":1},{"not_picked":["Blade Dance","Leg Sweep"],"picked":"Backstab","floor":3},{"not_picked":["Endless Agony","Deflect"],"picked":"Noxious Fumes","floor":6},{"not_picked":["Footwork","Well Laid Plans"],"picked":"Deadly Poison","floor":8},{"not_picked":["Prepared","Poisoned Stab"],"picked":"Backstab","floor":10},{"not_picked":["Dagger Spray","Well Laid Plans","Choke"],"picked":"SKIP","floor":11},{"not_picked":["Acrobatics","Calculated Gamble","Flying Knee"],"picked":"SKIP","floor":12},{"not_picked":["Slice","Dodge and Roll","Infinite Blades"],"picked":"SKIP","floor":13},{"not_picked":["Flechettes","Masterful Stab"],"picked":"PiercingWail","floor":18},{"not_picked":["Riddle With Holes","Underhanded Strike"],"picked":"Deadly Poison+1","floor":21},{"not_picked":["Prepared","Acrobatics"],"picked":"Catalyst+1","floor":24}],"player_experience":276973,"relics_obtained":[{"floor":6,"key":"Shuriken"},{"floor":9,"key":"StrikeDummy"},{"floor":10,"key":"Anchor"},{"floor":12,"key":"StoneCalendar"},{"floor":24,"key":"Torii"}],"event_choices":[{"damage_healed":0,"gold_gain":0,"player_choice":"Donut","damage_taken":0,"max_hp_gain":5,"max_hp_loss":0,"event_name":"Big Fish","floor":2,"gold_loss":0},{"damage_healed":0,"gold_gain":0,"player_choice":"Success","damage_taken":3,"relics_obtained":["Art of War"],"max_hp_gain":0,"max_hp_loss":0,"event_name":"Scrap Ooze","floor":4,"gold_loss":0},{"damage_healed":0,"gold_gain":75,"player_choice":"Gather Gold","damage_taken":11,"max_hp_gain":0,"max_hp_loss":0,"event_name":"World of Goop","floor":14,"gold_loss":0},{"damage_healed":0,"gold_gain":0,"player_choice":"Read","damage_taken":0,"max_hp_gain":0,"max_hp_loss":0,"event_name":"The Library","floor":19,"gold_loss":0,"cards_obtained":["Bouncing Flask"]},{"damage_healed":0,"gold_gain":0,"player_choice":"Obtained Relic","damage_taken":0,"relics_obtained":["Regal Pillow"],"max_hp_gain":0,"max_hp_loss":0,"event_name":"Addict","floor":20,"gold_loss":85}],"is_beta":false,"boss_relics":[{"not_picked":["Runic Dome","Snecko Eye"],"picked":"SacredBark"}],"items_purged_floors":[5,22],"is_endless":false,"potions_floor_spawned":[1,3,6,10],"killed_by":"3 Cultists","ascension_level":2}}