{"host":"98jnipsbpkz8k2sh","time":1608495820,"event":{"mods":["BaseMod","Challenge The Spire","GifTheSpireLib","Minty Spire (QoL Compilation)","Replay The Spire","StSLib"],"gold_per_floor":[5,5,124,238,350,350,61,61,178,292,411,411,27,27,140,255,375,491],"floor_reached":19,"playtime":1115,"items_purged":["Strike_R","Strike_R","Strike_R"],"score":4458,"play_id":"7df40cd5-1d4e-4326-9802-ae5bbf91ae19","local_time":"20201220122340","daily_mods":["challengethespire:Gold Difficulty","challengethespire:Boss Rush","Uncertain Future"],"is_ascension_mode":true,"campfire_choices":[{"data":"Bash","floor":2,"key":"SMITH"},{"data":"Defend_R","floor":8,"key":"SMITH"},{"data":"Defend_R","floor":8,"key":"SMITH"},{"data":"Strike_R","floor":14,"key":"PURGE"}],"circlet_count":0,"master_deck":["AscendersBane","Strike_R","Defend_R+1","Defend_R+1","Defend_R+1","Defend_R+1","Bash+1","Twin Strike+1","Shrug It Off+1","Shrug It Off+1","Metallicize+1","Flex+1","Inflame+1","Flame Barrier+1","Armaments+1","Replay:Undeath\u0027s Touch+1","Reaper+1","Demon Form+1","ReplayUltimateDefense+1","Uppercut+1","Shrug It Off+1","Replay:Undeath\u0027s Touch+1","Offering+1","Limit Break+1","Replay:Undeath\u0027s Touch+1","Barricade+1","Reaper+1","Shrug It Off+1","Offering+1"],"relics":["Burning Blood","The Courier","Molten Egg 2","Toxic Egg 2","Frozen Egg 2","StrikeDummy","ClockworkSouvenir","Blood Vial","Replay:Bottled Snecko","Replay:Arrowhead","Velvet Choker","Replay:Multitool","Pondfish Scales","Onion Ring","Pantograph","Bag of Marbles","Replay:Bottled Eggs","Turnip","Sundial","Gremlin Food"],"acts_visited":["Exordium"],"potions_floor_usage":[16,18],"damage_taken":[{"damage":0,"enemies":"Slime Boss","floor":3,"turns":8},{"damage":0,"enemies":"The Guardian","floor":4,"turns":6},{"damage":21,"enemies":"Hexaghost","floor":5,"turns":6},{"damage":0,"enemies":"Champ","floor":9,"turns":10},{"damage":23,"enemies":"Collector","floor":10,"turns":12},{"damage":21,"enemies":"Automaton","floor":11,"turns":10},{"damage":44,"enemies":"Donu and Deca","floor":15,"turns":10},{"damage":31,"enemies":"Awakened One","floor":16,"turns":8},{"damage":16,"enemies":"Time Eater","floor":17,"turns":7},{"damage":86,"enemies":"The Heart","floor":18,"turns":9}],"seed_played":"739449546853964062","potions_obtained":[{"floor":10,"key":"PowerPotion"},{"floor":11,"key":"SpeedPotion"},{"floor":16,"key":"Energy Potion"},{"floor":18,"key":"Weak Potion"}],"is_trial":true,"path_per_floor":["$","R","M","M","M","T","$","R","M","M","M","T","$","R","M","M","M","M",null],"character_chosen":"IRONCLAD","items_purchased":["Twin Strike+1","StrikeDummy","Shrug It Off+1","Shrug It Off+1","Metallicize+1","Flex+1","Inflame+1","Flame Barrier+1","ClockworkSouvenir","Armaments+1","ReplayUltimateDefense+1","Uppercut+1","Bag of Marbles","Limit Break+1","Replay:Undeath\u0027s Touch+1"],"campfire_rested":0,"item_purchase_floors":[1,1,1,1,1,1,1,1,1,1,7,7,13,13,13],"current_hp_per_floor":[68,68,74,75,75,75,75,75,75,72,75,75,75,75,66,75,75,26],"gold":491,"neow_bonus":"","is_daily":false,"chose_seed":false,"campfire_upgraded":3,"win_rate":0.0,"timestamp":1608495820,"path_taken":["$","R","M","M","M","T","$","R","M","M","M","T","$","R","M","M","M","M"],"items_purchased_type":["Card","Relic","Card","Card","Card","Card","Card","Card","Relic","Card","Card","Card","Relic","Card","Card"],"build_version":"2020-12-13","purchased_purges":3,"victory":true,"max_hp_per_floor":[75,75,75,75,75,75,75,75,75,75,75,75,75,75,75,75,75,75],"card_choices":[],"player_experience":1062596,"relics_obtained":[{"floor":3,"key":"Blood Vial"},{"floor":4,"key":"Replay:Bottled Snecko"},{"floor":5,"key":"Replay:Arrowhead"},{"floor":9,"key":"Replay:Multitool"},{"floor":10,"key":"Pondfish Scales"},{"floor":11,"key":"Onion Ring"},{"floor":15,"key":"Replay:Bottled Eggs"},{"floor":16,"key":"Turnip"},{"floor":17,"key":"Sundial"},{"floor":18,"key":"Gremlin Food"}],"event_choices":[],"is_beta":false,"boss_relics":[{"not_picked":["Philosopher\u0027s Stone","Runic Cube"],"picked":"Velvet Choker"},{"not_picked":["Snecko Heart","ReplayTheSpireMod:DimensionalGlitch"],"picked":"Pantograph"}],"items_purged_floors":[1,7,13],"is_endless":false,"potions_floor_spawned":[10,11,15,16,18],"ascension_level":15}}