{"host":"6febr6iklru1ag3j","time":1608478264,"event":{"mods":["BaseMod","DeckTracker","Hermit","Hubris","Minty Spire (QoL Compilation)","Replay The Spire","Shop Mod","StSLib","The Cursed","The Jungle"],"gold_per_floor":[138,111,121,196,238,265,303,347,347,347,272,291,37,57,57,156,156,167,42,42,42,55,55,189,209,209,209,209,259,259,259,259,309,309,411,411,460,480,507,471,22,49,64,90,90,90,135,135,90,109,109,109,109,109,109,143,143,143],"floor_reached":57,"playtime":2672,"items_purged":["Defend_P","Strike_P","Strike_P","Delirium"],"score":978,"play_id":"15df89d1-b596-49a1-821d-cad15cc8bdbf","local_time":"20201220103104","is_ascension_mode":true,"campfire_choices":[{"floor":10.0,"key":"REST"},{"data":"Alpha","floor":15.0,"key":"SMITH"},{"floor":23.0,"key":"RECALL"},{"data":"Replay:DivineShield","floor":27.0,"key":"SMITH"},{"data":"Replay:AtTheReady","floor":34.0,"key":"SMITH"},{"floor":48.0,"key":"REST"},{"data":"Replay:DivineShield","floor":51.0,"key":"SMITH"},{"floor":54.0,"key":"REST"}],"circlet_count":0,"master_deck":["Strike_P","Strike_P","Defend_P+1","Defend_P","Defend_P","Eruption","Vigilance","Wish+1","Consecrate","Replay:AtTheReady+1","DeceiveReality+1","Replay:DivineShield+1","Alpha+1","DeusExMachina","Protect+1","Spreading Infection","PathToVictory","Replay:DivineShield+1"],"relics":["PureWater","Pocketwatch","Shuriken","Cursed Key","hubris:Icosahedron","War Paint","InkBottle","VioletLotus","Nunchaku","Omamori","Lee\u0027s Waffle","Ancient Tea Set","Mercury Hourglass","Frozen Egg 2","Bottled Flame"],"acts_visited":["Exordium","TheCity","TheBeyond","TheEnding"],"potions_floor_usage":[57,57],"damage_taken":[{"damage":0.0,"enemies":"Small Slimes","floor":1.0,"turns":3.0},{"damage":6.0,"enemies":"Cultist","floor":3.0,"turns":4.0},{"damage":0.0,"enemies":"2 Louse","floor":5.0,"turns":4.0},{"damage":12.0,"enemies":"Lagavulin","floor":6.0,"turns":4.0},{"damage":9.0,"enemies":"Blue Slaver","floor":7.0,"turns":6.0},{"damage":0.0,"enemies":"3 Louse","floor":8.0,"turns":4.0},{"damage":7.0,"enemies":"Red Slaver","floor":12.0,"turns":3.0},{"damage":0.0,"enemies":"2 Fungi Beasts","floor":14.0,"turns":3.0},{"damage":18.0,"enemies":"Slime Boss","floor":16.0,"turns":6.0},{"damage":28.0,"enemies":"2 Thieves","floor":18.0,"turns":4.0},{"damage":4.0,"enemies":"3 Byrds","floor":22.0,"turns":4.0},{"damage":16.0,"enemies":"Slavers","floor":24.0,"turns":5.0},{"damage":6.0,"enemies":"Snake Plant","floor":25.0,"turns":5.0},{"damage":6.0,"enemies":"Book of Stabbing","floor":29.0,"turns":5.0},{"damage":0.0,"enemies":"Chosen and Byrds","floor":33.0,"turns":4.0},{"damage":31.0,"enemies":"hubris:MusketHawk","floor":35.0,"turns":9.0},{"damage":7.0,"enemies":"3 Shapes","floor":37.0,"turns":4.0},{"damage":9.0,"enemies":"3 Darklings","floor":38.0,"turns":4.0},{"damage":2.0,"enemies":"4 Shapes","floor":40.0,"turns":7.0},{"damage":0.0,"enemies":"Giant Head","floor":42.0,"turns":9.0},{"damage":23.0,"enemies":"Sphere and 2 Shapes","floor":43.0,"turns":5.0},{"damage":0.0,"enemies":"R_Hoarder","floor":44.0,"turns":9.0},{"damage":0.0,"enemies":"Maw","floor":47.0,"turns":8.0},{"damage":0.0,"enemies":"4 Shapes","floor":50.0,"turns":5.0},{"damage":22.0,"enemies":"Donu and Deca","floor":52.0,"turns":8.0},{"damage":34.0,"enemies":"Shield and Spear","floor":56.0,"turns":6.0},{"damage":56,"enemies":"The Heart","floor":57,"turns":5}],"seed_played":"-1825685224276915101","potions_obtained":[{"floor":3.0,"key":"DuplicationPotion"},{"floor":5.0,"key":"ColorlessPotion"},{"floor":6.0,"key":"Explosive Potion"},{"floor":14.0,"key":"EssenceOfSteel"},{"floor":16.0,"key":"Dexterity Potion"},{"floor":29.0,"key":"Venom Potion"},{"floor":33.0,"key":"Elixir"},{"floor":35.0,"key":"Swift Potion"},{"floor":40.0,"key":"Ambrosia"},{"floor":43.0,"key":"Doom Potion"}],"is_trial":false,"path_per_floor":["M","$","M","?","M","E","M","M","T","R","$","M","$","M","R","B",null,"M","$","?","?","M","R","E","M","T","R","?","E","?","PTL","PTL","M","R","B",null,"M","M","T","M","$","E","M","E","T","?","M","R","$","M","R","B",null,"R","$","E","B"],"character_chosen":"WATCHER","items_purchased":["Replay:AtTheReady","Alpha","Omamori","Lee\u0027s Waffle","PathToVictory"],"campfire_rested":3,"item_purchase_floors":[2,13,41,41,49],"current_hp_per_floor":[65,65,59,53,53,41,32,32,32,51,51,44,44,44,44,26,65,37,37,37,37,33,33,17,59,59,59,62,56,56,56,56,56,56,25,68,61,52,52,50,75,75,52,56,56,56,56,75,75,75,75,53,75,75,75,53,0,0],"gold":143,"neow_bonus":"THREE_RARE_CARDS","is_daily":false,"chose_seed":false,"campfire_upgraded":4,"win_rate":0.0,"timestamp":1608478264,"path_taken":["M","$","M","?","M","E","M","M","T","R","$","M","?","?","R","BOSS","M","$","?","?","M","R","E","M","T","R","?","E","?","PTL","PTL","M","R","BOSS","M","M","?","M","$","E","M","E","T","?","?","R","$","M","R","BOSS","R","$","E","BOSS"],"items_purchased_type":["Card","Card","Relic","Relic","Card"],"build_version":"2020-12-13","purchased_purges":4,"victory":false,"max_hp_per_floor":[65,65,65,65,65,65,65,65,65,65,65,65,65,65,65,65,65,65,65,65,65,65,65,65,65,65,65,68,68,68,68,68,68,68,68,68,68,68,68,68,75,75,75,75,75,75,75,75,75,75,75,75,75,75,75,75,75,75],"card_choices":[{"not_picked":["DeusExMachina","DevaForm"],"picked":"Wish","floor":0.0},{"not_picked":["ThirdEye","CrushJoints"],"picked":"Consecrate","floor":1.0},{"not_picked":["ThirdEye","Pray"],"picked":"DeceiveReality","floor":3.0},{"not_picked":["Prostrate","EmptyBody","JustLucky"],"picked":"SKIP","floor":5.0},{"not_picked":["WreathOfFlame","FollowUp","BowlingBash"],"picked":"SKIP","floor":6.0},{"not_picked":["Consecrate","Fasting2","Meditate"],"picked":"SKIP","floor":7.0},{"not_picked":["ForeignInfluence","Prostrate","Study"],"picked":"SKIP","floor":8.0},{"not_picked":["ForeignInfluence","Replay:ManipulateFuture"],"picked":"Replay:DivineShield","floor":12.0},{"not_picked":["Replay:Cycle","EmptyBody","Replay:BluntJabs"],"picked":"SKIP","floor":14.0},{"not_picked":["Brilliance","Devotion"],"picked":"DeusExMachina","floor":16.0},{"not_picked":["Replay:AtTheReady","EmptyMind"],"picked":"Protect+1","floor":18.0},{"not_picked":["BowlingBash+1","FollowUp","CarveReality"],"picked":"SKIP","floor":22.0},{"not_picked":["Adaptation","Wallop+1","Replay:Vibes"],"picked":"SKIP","floor":24.0},{"not_picked":["WindmillStrike+1","JustLucky","FlurryOfBlows+1"],"picked":"SKIP","floor":25.0},{"not_picked":["TalkToTheHand+1","SashWhip+1","Replay:BluntJabs"],"picked":"SKIP","floor":29.0},{"not_picked":["Halt+1","BowlingBash+1","WheelKick"],"picked":"SKIP","floor":33.0},{"not_picked":["JustLucky+1","SashWhip","FlyingSleeves+1"],"picked":"SKIP","floor":37.0},{"not_picked":["Replay:BluntJabs+1","FlurryOfBlows","JustLucky"],"picked":"SKIP","floor":38.0},{"not_picked":["TalkToTheHand","Consecrate+1","Replay:AtTheReady+1"],"picked":"SKIP","floor":40.0},{"not_picked":["WheelKick+1","EmptyBody","SashWhip+1"],"picked":"SKIP","floor":42.0},{"not_picked":["Omniscience","Collect","EmptyMind"],"picked":"SKIP","floor":43.0},{"not_picked":["Replay:BluntJabs","Replay:Battleflow+1","DevaForm"],"picked":"SKIP","floor":44.0},{"not_picked":["FearNoEvil","EmptyFist+1","WheelKick"],"picked":"SKIP","floor":47.0},{"not_picked":["MentalFortress+1","Replay:AtTheReady+1"],"picked":"Replay:DivineShield","floor":50.0},{"not_picked":["Replay:Hum+1","Replay:ManipulateFuture","WaveOfTheHand"],"picked":"SKIP","floor":56.0}],"player_experience":365271,"relics_obtained":[{"floor":6.0,"key":"Pocketwatch"},{"floor":9.0,"key":"Shuriken"},{"floor":24.0,"key":"War Paint"},{"floor":29.0,"key":"InkBottle"},{"floor":39.0,"key":"Nunchaku"},{"floor":42.0,"key":"Ancient Tea Set"},{"floor":44.0,"key":"Mercury Hourglass"},{"floor":45.0,"key":"Frozen Egg 2"},{"floor":56.0,"key":"Bottled Flame"}],"event_choices":[{"damage_healed":0.0,"max_hp_gain":0.0,"max_hp_loss":0.0,"gold_gain":75.0,"event_name":"FaceTrader","player_choice":"Touch","floor":4.0,"gold_loss":0.0,"damage_taken":6.0},{"damage_healed":0.0,"max_hp_gain":0.0,"max_hp_loss":0.0,"gold_gain":0.0,"event_name":"Accursed Blacksmith","player_choice":"Forge","floor":30.0,"gold_loss":0.0,"damage_taken":0.0,"cards_upgraded":["Wish"]},{"damage_healed":0.0,"max_hp_gain":0.0,"max_hp_loss":0.0,"gold_gain":0.0,"event_name":"Lab","player_choice":"Got Potions","floor":46.0,"gold_loss":0.0,"damage_taken":0.0}],"is_beta":false,"boss_relics":[{"not_picked":["hubris:GrandSneckoEye","Runic Dome"],"picked":"Cursed Key"},{"not_picked":["Calling Bell","Replay:Grab Bag"],"picked":"VioletLotus"}],"items_purged_floors":[11,13,19,41],"is_endless":false,"potions_floor_spawned":[3,5,6,14,16,29,33,35,37,40,43,56],"killed_by":"The Heart","ascension_level":3}}