{"host":"4amcrcg6ktw8dbzk","time":1608446068,"event":{"mods":["ATMod(°¢èªMod)","BaseMod","Dota2Spire","Minty Spire (QoL Compilation)","MostiFishMod","Spicy Shops","StSLib","Waifu the Spire"],"gold_per_floor":[113,131,150,150,166,166,166],"floor_reached":6,"playtime":353,"items_purged":[],"score":74,"play_id":"46833103-9908-45de-a6d0-bfb4940e0bf7","local_time":"20201220143428","is_ascension_mode":true,"campfire_choices":[],"circlet_count":0,"master_deck":["AscendersBane","Strike_B","Strike_B","Strike_B","Strike_B","Defend_B","Defend_B","Defend_B","Defend_B","Zap","Dualcast","AT_ShadowStep","AT_WarpDrive","Fusion","Skim","MostiFishMod:UniBlue"],"relics":["Cracked Core","DaveBox","AT_ATBox","Chemical X","Question Card","Golden Idol"],"acts_visited":["Exordium"],"potions_floor_usage":[],"damage_taken":[{"damage":1,"enemies":"Cultist","floor":1,"turns":3},{"damage":10,"enemies":"2 Louse","floor":2,"turns":3},{"damage":9,"enemies":"Jaw Worm","floor":3,"turns":4},{"damage":12,"enemies":"Blue Slaver","floor":5,"turns":5},{"damage":53,"enemies":"Lagavulin","floor":6,"turns":8}],"seed_played":"-5710739803661562420","potions_obtained":[{"floor":1,"key":"Energy Potion"},{"floor":2,"key":"DuplicationPotion"}],"is_trial":false,"path_per_floor":["M","M","M","?","M","E"],"character_chosen":"DEFECT","items_purchased":[],"campfire_rested":0,"item_purchase_floors":[],"current_hp_per_floor":[70,60,51,51,39,0,0],"gold":166,"neow_bonus":"TEN_PERCENT_HP_BONUS","is_daily":false,"chose_seed":false,"campfire_upgraded":0,"win_rate":0.0,"timestamp":1608446068,"path_taken":["M","?","M","?","M","E"],"items_purchased_type":[],"build_version":"2020-12-13","purchased_purges":0,"victory":false,"max_hp_per_floor":[78,78,78,71,71,71,71],"card_choices":[{"not_picked":["Go for the Eyes","Reprogram"],"picked":"AT_WarpDrive","floor":1},{"not_picked":["Gash","Reinforced Body","AT_WarpDrive"],"picked":"Fusion","floor":2},{"not_picked":["Chaos","Reprogram","AT_StudyProgram"],"picked":"Skim","floor":3},{"not_picked":["Storm","Steam","Streamline"],"picked":"MostiFishMod:UniBlue","floor":5}],"player_experience":294273,"relics_obtained":[{"floor":1,"key":"Question Card"}],"event_choices":[{"damage_healed":0,"gold_gain":0,"player_choice":"Lose Max HP","damage_taken":0,"relics_obtained":["Golden Idol"],"max_hp_gain":0,"max_hp_loss":7,"event_name":"Golden Idol","floor":4,"gold_loss":0}],"is_beta":false,"boss_relics":[],"items_purged_floors":[],"is_endless":false,"potions_floor_spawned":[1,2],"killed_by":"Lagavulin","ascension_level":19}}