{"host":"2e3z4r48quhw80cc","time":1608480172,"event":{"mods":["BaseMod","Minty Spire (QoL Compilation)","Quick Restart","StSLib","SuperFastMode"],"gold_per_floor":[119,132,207,207,207,234,251,263,263,3,21,41,41,68,68,171,171,157,157,172,192,291,291,319,319,346,360,360,360,360,377,377,478,478,489,506,200,210,226,226,251,70,93,105,117,3,28,40,40,40],"floor_reached":51,"playtime":2622,"items_purged":["Defend_G","Strike_G"],"score":983,"play_id":"5b3bae26-9940-4c9e-bf4a-2d463145c623","local_time":"20201221010252","is_ascension_mode":true,"campfire_choices":[{"floor":13.0,"key":"REST"},{"floor":15.0,"key":"REST"},{"data":"After Image","floor":23.0,"key":"SMITH"},{"floor":25.0,"key":"REST"},{"floor":28.0,"key":"REST"},{"floor":32.0,"key":"REST"},{"data":"Envenom","floor":40.0,"key":"SMITH"},{"data":"Bullet Time","floor":49,"key":"SMITH"}],"circlet_count":0,"master_deck":["Strike_G","Strike_G","Strike_G","Defend_G","Defend_G","Defend_G","Defend_G","Survivor","Neutralize","Prepared","Flying Knee","Catalyst","Backflip","Footwork","Dagger Spray","Bouncing Flask+1","After Image+1","Blade Dance+1","Deflect+1","Acrobatics","Envenom+1","Catalyst+1","Calculated Gamble","Blade Dance","Cloak And Dagger+1","Bullet Time+1","Well Laid Plans","Madness","Madness","Noxious Fumes"],"relics":["Ring of the Snake","Anchor","FaceOfCleric","Gremlin Horn","The Specimen","Medical Kit","FossilizedHelix","HoveringKite","Matryoshka","Mummified Hand","Potion Belt","Pen Nib","SacredBark","Blood Vial","Letter Opener","Toy Ornithopter","Bag of Preparation","MawBank","Snake Skull"],"acts_visited":["Exordium","TheCity","TheBeyond"],"potions_floor_usage":[50,50,50,50],"damage_taken":[{"damage":0.0,"enemies":"2 Louse","floor":1.0,"turns":3.0},{"damage":0.0,"enemies":"Small Slimes","floor":2.0,"turns":5.0},{"damage":36.0,"enemies":"Lagavulin","floor":6.0,"turns":8.0},{"damage":0.0,"enemies":"Cultist","floor":7.0,"turns":3.0},{"damage":6.0,"enemies":"Exordium Wildlife","floor":8.0,"turns":6.0},{"damage":1.0,"enemies":"Blue Slaver","floor":11.0,"turns":4.0},{"damage":0.0,"enemies":"2 Fungi Beasts","floor":12.0,"turns":2.0},{"damage":22.0,"enemies":"Gremlin Nob","floor":14.0,"turns":4.0},{"damage":11.0,"enemies":"Slime Boss","floor":16.0,"turns":10.0},{"damage":15.0,"enemies":"2 Thieves","floor":18.0,"turns":4.0},{"damage":9.0,"enemies":"3 Byrds","floor":20.0,"turns":4.0},{"damage":16.0,"enemies":"Snake Plant","floor":21.0,"turns":4.0},{"damage":34.0,"enemies":"Gremlin Leader","floor":24.0,"turns":9.0},{"damage":27.0,"enemies":"3 Cultists","floor":27.0,"turns":6.0},{"damage":0.0,"enemies":"Centurion and Healer","floor":31.0,"turns":6.0},{"damage":41.0,"enemies":"Collector","floor":33.0,"turns":8.0},{"damage":2.0,"enemies":"Orb Walker","floor":35.0,"turns":4.0},{"damage":28.0,"enemies":"3 Darklings","floor":36.0,"turns":4.0},{"damage":0.0,"enemies":"Maw","floor":38.0,"turns":5.0},{"damage":0.0,"enemies":"Sphere and 2 Shapes","floor":39.0,"turns":7.0},{"damage":0.0,"enemies":"Giant Head","floor":41.0,"turns":7.0},{"damage":0,"enemies":"Writhing Mass","floor":48,"turns":5},{"damage":0,"enemies":"Donu and Deca","floor":50,"turns":6}],"seed_played":"-61560457744801608","potions_obtained":[{"floor":1.0,"key":"EssenceOfSteel"},{"floor":8.0,"key":"LiquidBronze"},{"floor":12.0,"key":"FearPotion"},{"floor":14.0,"key":"BlessingOfTheForge"},{"floor":16.0,"key":"SmokeBomb"},{"floor":18.0,"key":"FearPotion"},{"floor":27.0,"key":"Ancient Potion"},{"floor":38.0,"key":"Explosive Potion"},{"floor":39.0,"key":"Explosive Potion"}],"is_trial":false,"path_per_floor":["M","M","?","?","?","E","M","M","T","$","M","M","R","E","R","B",null,"M","?","M","M","?","R","E","R","T","M","R","?","?","M","R","B",null,"M","M","$","M","M","R","E","$","T","?","?","$","T","M","R","B",null],"character_chosen":"THE_SILENT","items_purchased":["Medical Kit","Footwork","Blade Dance","Blood Vial","Well Laid Plans","Toy Ornithopter","PowerPotion","LiquidMemories"],"campfire_rested":5,"item_purchase_floors":[10,10,37,37,42,42,46,46],"current_hp_per_floor":[70,70,59,52,52,17,18,13,13,13,13,14,36,15,37,27,77,63,63,55,40,40,40,7,31,31,5,29,29,29,30,54,14,84,83,56,56,59,62,62,65,65,65,65,54,54,54,57,57,80],"gold":40,"neow_bonus":"RANDOM_COMMON_RELIC","is_daily":false,"chose_seed":false,"campfire_upgraded":3,"win_rate":0.0,"timestamp":1608480172,"path_taken":["M","M","?","?","?","E","M","?","T","$","M","M","R","E","R","BOSS","M","?","M","M","?","R","E","R","T","M","R","?","?","M","R","BOSS","BOSS","M","?","$","M","M","R","E","?","T","?","?","$","?","M","R","BOSS"],"items_purchased_type":["Relic","Card","Card","Relic","Card","Relic","Potion","Potion"],"build_version":"2020-12-13","purchased_purges":2,"victory":true,"max_hp_per_floor":[70,70,70,70,70,71,72,73,73,73,74,75,75,76,76,77,77,78,78,79,80,80,80,81,81,81,82,82,82,82,83,83,84,84,85,86,86,87,88,88,89,89,89,89,89,89,89,90,90,91],"card_choices":[{"not_picked":["Tactician","Bane"],"picked":"Prepared","floor":1.0},{"not_picked":["Bane","Dodge and Roll"],"picked":"Poisoned Stab","floor":2.0},{"not_picked":["Calculated Gamble","PiercingWail"],"picked":"Flying Knee","floor":6.0},{"not_picked":["Accuracy","Dagger Throw"],"picked":"Catalyst","floor":7.0},{"not_picked":["Outmaneuver","Phantasmal Killer"],"picked":"Backflip","floor":8.0},{"not_picked":["Quick Slash","Underhanded Strike"],"picked":"Dagger Spray","floor":11.0},{"not_picked":["Flechettes","Distraction","Accuracy"],"picked":"SKIP","floor":12.0},{"not_picked":["Outmaneuver","Poisoned Stab"],"picked":"Bouncing Flask","floor":14.0},{"not_picked":["Doppelganger","Bullet Time"],"picked":"After Image","floor":16.0},{"not_picked":["Dagger Spray+1","Underhanded Strike"],"picked":"Blade Dance+1","floor":18.0},{"not_picked":["Masterful Stab","Quick Slash+1"],"picked":"Deflect+1","floor":20.0},{"not_picked":["Deadly Poison","Sucker Punch","Deflect"],"picked":"SKIP","floor":21.0},{"not_picked":["Masterful Stab","Dodge and Roll+1","Caltrops+1"],"picked":"SKIP","floor":24.0},{"not_picked":["Riddle With Holes","Poisoned Stab"],"picked":"Acrobatics","floor":27.0},{"not_picked":["Reflex","Expertise","Setup"],"picked":"SKIP","floor":31.0},{"not_picked":["Adrenaline","Phantasmal Killer"],"picked":"Envenom","floor":33.0},{"not_picked":["Tactician","Deflect"],"picked":"Catalyst+1","floor":35.0},{"not_picked":["Outmaneuver+1","Underhanded Strike+1"],"picked":"Calculated Gamble","floor":36.0},{"not_picked":["Dagger Spray+1","Quick Slash","Underhanded Strike+1"],"picked":"SKIP","floor":38.0},{"not_picked":["Slice+1","PiercingWail+1"],"picked":"Cloak And Dagger+1","floor":39.0},{"not_picked":["Riddle With Holes+1","Dodge and Roll"],"picked":"Bullet Time","floor":41.0},{"not_picked":["Riddle With Holes","PiercingWail"],"picked":"Noxious Fumes","floor":48}],"player_experience":68917,"relics_obtained":[{"floor":6.0,"key":"Gremlin Horn"},{"floor":9.0,"key":"The Specimen"},{"floor":14.0,"key":"FossilizedHelix"},{"floor":24.0,"key":"Mummified Hand"},{"floor":26.0,"key":"Potion Belt"},{"floor":26.0,"key":"Pen Nib"},{"floor":41.0,"key":"Letter Opener"},{"floor":43.0,"key":"Bag of Preparation"},{"floor":43.0,"key":"MawBank"},{"floor":47,"key":"Snake Skull"}],"event_choices":[{"damage_healed":0.0,"max_hp_gain":0.0,"max_hp_loss":0.0,"gold_gain":75.0,"event_name":"World of Goop","player_choice":"Gather Gold","floor":3.0,"gold_loss":0.0,"damage_taken":11.0},{"cards_removed":["Strike_G"],"damage_healed":0.0,"max_hp_gain":0.0,"max_hp_loss":0.0,"gold_gain":0.0,"event_name":"Golden Wing","player_choice":"Card Removal","floor":4.0,"gold_loss":0.0,"damage_taken":7.0},{"damage_healed":0.0,"max_hp_gain":0.0,"max_hp_loss":0.0,"gold_gain":0.0,"event_name":"FaceTrader","player_choice":"Trade","floor":5.0,"gold_loss":0.0,"damage_taken":0.0,"relics_obtained":["FaceOfCleric"]},{"damage_healed":0.0,"max_hp_gain":0.0,"max_hp_loss":0.0,"gold_gain":0.0,"event_name":"The Mausoleum","player_choice":"Opened","floor":19.0,"gold_loss":0.0,"damage_taken":0.0,"relics_obtained":["Matryoshka"]},{"damage_healed":0.0,"max_hp_gain":0.0,"max_hp_loss":0.0,"gold_gain":99.0,"event_name":"Nest","player_choice":"Stole From Cult","floor":22.0,"gold_loss":0.0,"damage_taken":0.0},{"damage_healed":0.0,"max_hp_gain":0.0,"max_hp_loss":0.0,"gold_gain":0.0,"event_name":"Vampires","player_choice":"Ignored","floor":29.0,"gold_loss":0.0,"damage_taken":0.0},{"damage_healed":0.0,"max_hp_gain":0.0,"max_hp_loss":0.0,"gold_gain":0.0,"event_name":"Upgrade Shrine","player_choice":"Upgraded","floor":30.0,"gold_loss":0.0,"damage_taken":0.0,"cards_upgraded":["Bouncing Flask"]},{"cards_removed":["Poisoned Stab"],"damage_healed":0.0,"max_hp_gain":0.0,"max_hp_loss":0.0,"gold_gain":0.0,"event_name":"Falling","player_choice":"Removed Attack","floor":44.0,"gold_loss":0.0,"damage_taken":0.0},{"damage_healed":0.0,"max_hp_gain":0.0,"max_hp_loss":0.0,"gold_gain":0.0,"event_name":"Winding Halls","player_choice":"Embrace Madness","floor":45.0,"gold_loss":0.0,"damage_taken":11.0,"cards_obtained":["Madness","Madness"]}],"is_beta":false,"boss_relics":[{"not_picked":["Fusion Hammer","Black Star"],"picked":"HoveringKite"},{"not_picked":["Runic Dome","Empty Cage"],"picked":"SacredBark"}],"items_purged_floors":[10,37],"is_endless":false,"potions_floor_spawned":[1,8,12,14,16,18,27,38,39],"ascension_level":4}}