{"host":"cjhtzh7tp54jdfyv","time":1608432620,"event":{"mods":["AchievementEnabler","BaseMod","Colored Map","Colored Powertips","Filter the Spire","Minty Spire (QoL Compilation)","RNG Fix","StSLib","ojb\u0027s Better Paths Mod","ojb\u0027s Info Mod"],"gold_per_floor":[169,187,205,218,218,249,249,280,306,12,12,41,41,58,58,58,58],"floor_reached":16,"playtime":959,"items_purged":["Strike_G"],"score":220,"play_id":"7e49e638-b725-47ed-85d4-b4b44b565089","local_time":"20201219215020","is_ascension_mode":true,"campfire_choices":[{"data":"Finisher","floor":7,"key":"SMITH"},{"data":"Footwork","floor":11,"key":"SMITH"},{"data":"Night Terror","floor":15,"key":"SMITH"}],"circlet_count":0,"master_deck":["AscendersBane","Strike_G","Strike_G","Strike_G","Strike_G","Defend_G","Defend_G","Defend_G","Defend_G+1","Defend_G","Survivor","Neutralize","Sucker Punch","Finisher+1","Bouncing Flask","Footwork+1","Flying Knee","Night Terror+1","Dash","Deflect","Dodge and Roll"],"relics":["Tiny House","Matryoshka","Juzu Bracelet","White Beast Statue","Pen Nib","Vajra","Odd Mushroom","Bag of Marbles"],"acts_visited":["Exordium"],"potions_floor_usage":[6,8,8,16],"damage_taken":[{"damage":0,"enemies":"2 Louse","floor":1,"turns":2},{"damage":2,"enemies":"Jaw Worm","floor":2,"turns":5},{"damage":0,"enemies":"Cultist","floor":3,"turns":3},{"damage":9,"enemies":"Red Slaver","floor":4,"turns":5},{"damage":13,"enemies":"Lagavulin","floor":6,"turns":8},{"damage":35,"enemies":"3 Sentries","floor":8,"turns":13},{"damage":0,"enemies":"The Mushroom Lair","floor":12,"turns":4},{"damage":0,"enemies":"3 Louse","floor":14,"turns":3},{"damage":10,"enemies":"Slime Boss","floor":16,"turns":6}],"seed_played":"3407730567387020764","potions_obtained":[{"floor":0.0,"key":"Energy Potion"},{"floor":1,"key":"SteroidPotion"},{"floor":6,"key":"Regen Potion"},{"floor":12,"key":"LiquidBronze"},{"floor":14,"key":"SpeedPotion"}],"is_trial":false,"path_per_floor":["M","M","M","M","T","E","R","E","T","$","R","?","?","M","R","B"],"character_chosen":"THE_SILENT","items_purchased":["Vajra","SteroidPotion"],"campfire_rested":0,"item_purchase_floors":[10,10],"current_hp_per_floor":[64,62,62,53,53,40,40,20,20,20,20,20,15,15,15,5,5],"gold":58,"neow_bonus":"BOSS_RELIC","is_daily":false,"chose_seed":false,"campfire_upgraded":3,"win_rate":0.0,"timestamp":1608432620,"path_taken":["M","M","M","M","?","E","R","E","T","$","R","?","?","M","R","BOSS"],"items_purchased_type":["Relic","Potion"],"build_version":"2020-12-13","purchased_purges":1,"victory":false,"max_hp_per_floor":[71,71,71,71,71,71,71,71,71,71,71,71,71,71,71,71,71],"card_choices":[{"not_picked":["Deflect","Prepared"],"picked":"Sucker Punch","floor":0.0},{"not_picked":["Cloak And Dagger","Outmaneuver"],"picked":"Finisher","floor":1},{"not_picked":["Quick Slash","Dodge and Roll"],"picked":"Bouncing Flask","floor":2},{"not_picked":["PiercingWail","All Out Attack"],"picked":"Footwork","floor":3},{"not_picked":["Setup","Backstab"],"picked":"Flying Knee","floor":4},{"not_picked":["Expertise","Prepared"],"picked":"Night Terror","floor":6},{"not_picked":["Outmaneuver","PiercingWail"],"picked":"Dash","floor":8},{"not_picked":["Quick Slash","Masterful Stab"],"picked":"Deflect","floor":12},{"not_picked":["Crippling Poison","All Out Attack"],"picked":"Dodge and Roll","floor":14}],"player_experience":4309696,"relics_obtained":[{"floor":5,"key":"Matryoshka"},{"floor":6,"key":"Juzu Bracelet"},{"floor":8,"key":"White Beast Statue"},{"floor":9,"key":"Pen Nib"},{"floor":12,"key":"Odd Mushroom"}],"event_choices":[{"damage_healed":0,"gold_gain":0,"player_choice":"Fought Mushrooms","damage_taken":0,"max_hp_gain":0,"max_hp_loss":0,"event_name":"Mushrooms","floor":12,"gold_loss":0},{"damage_healed":0,"gold_gain":0,"player_choice":"Success","damage_taken":5,"relics_obtained":["Bag of Marbles"],"max_hp_gain":0,"max_hp_loss":0,"event_name":"Scrap Ooze","floor":13,"gold_loss":0}],"is_beta":false,"boss_relics":[],"items_purged_floors":[10],"is_endless":false,"potions_floor_spawned":[1,2,6,12,14],"killed_by":"Slime Boss","ascension_level":20}}