{"host":"Krakhan","time":1608448418,"event":{"mods":["AchievementEnabler","BaseMod","Colored Map","Colored Powertips","Faster Ascension Climbing","Highlight Path","Minty Spire (QoL Compilation)","Rare Cards Sparkle","Relic Stats","StSLib"],"gold_per_floor":[112,125,137,137,60,89,109,129,200,212,212,240,240,257,257,330,330,285,302,1,1,1,29,29,55,80,80,80,80],"floor_reached":28,"playtime":2075,"items_purged":[],"score":561,"play_id":"f9008375-7331-403b-a818-88729a99ec45","local_time":"20201220021338","is_ascension_mode":true,"campfire_choices":[{"data":"Loop","floor":13,"key":"SMITH"},{"data":"Chaos","floor":15,"key":"SMITH"},{"floor":24,"key":"REST"},{"data":"Buffer","floor":27,"key":"SMITH"}],"circlet_count":0,"master_deck":["AscendersBane","Defend_B","Defend_B","Defend_B","Defend_B","Zap","Dualcast","Beam Cell","Sweeping Beam","Streamline","Rip and Tear","Cold Snap","Hologram","Loop+1","Chaos+1","Buffer+1","Steam","Static Discharge","Hyperbeam+1","Chill","Bite+1","Bite+1","Bite+1","Bite+1","Bite+1","Decay","Hologram","Compile Driver+1"],"relics":["Nuclear Battery","Bag of Preparation","Molten Egg 2","WingedGreaves","SlaversCollar","Oddly Smooth Stone","Toy Ornithopter","Potion Belt"],"acts_visited":["Exordium","TheCity"],"potions_floor_usage":[6,10,12,16,18,19,23,25,25],"damage_taken":[{"damage":8,"enemies":"Cultist","floor":1,"turns":5},{"damage":4,"enemies":"2 Louse","floor":2,"turns":3},{"damage":8,"enemies":"Small Slimes","floor":3,"turns":4},{"damage":6,"enemies":"Lagavulin","floor":6,"turns":4},{"damage":0,"enemies":"2 Fungi Beasts","floor":7,"turns":3},{"damage":5,"enemies":"Large Slime","floor":8,"turns":4},{"damage":0,"enemies":"Gremlin Gang","floor":10,"turns":5},{"damage":9,"enemies":"Gremlin Nob","floor":12,"turns":3},{"damage":0,"enemies":"2 Fungi Beasts","floor":14,"turns":3},{"damage":6,"enemies":"Hexaghost","floor":16,"turns":8},{"damage":13,"enemies":"2 Thieves","floor":18,"turns":5},{"damage":19,"enemies":"3 Byrds","floor":19,"turns":6},{"damage":29,"enemies":"Slavers","floor":23,"turns":3},{"damage":14,"enemies":"Book of Stabbing","floor":25,"turns":4},{"damage":34,"enemies":"Snecko","floor":28,"turns":4}],"seed_played":"6719070668092301271","potions_obtained":[{"floor":1,"key":"Dexterity Potion"},{"floor":3,"key":"Ancient Potion"},{"floor":7,"key":"Fire Potion"},{"floor":12,"key":"LiquidMemories"},{"floor":14,"key":"LiquidBronze"},{"floor":16,"key":"SkillPotion"},{"floor":18,"key":"FearPotion"},{"floor":19,"key":"Weak Potion"},{"floor":23,"key":"LiquidMemories"}],"is_trial":false,"path_per_floor":["M","M","M","?","$","E","M","M","T","M","?","E","R","M","R","B",null,"M","M","$","?","?","E","R","E","T","R","M"],"character_chosen":"DEFECT","items_purchased":["Rip and Tear","Hyperbeam+1","Chill","Explosive Potion"],"campfire_rested":1,"item_purchase_floors":[5,20,20,20],"current_hp_per_floor":[56,52,44,34,34,28,28,23,23,23,23,14,14,14,14,8,55,42,23,23,23,23,9,23,18,18,18,0,0],"gold":80,"neow_bonus":"BOSS_RELIC","is_daily":false,"chose_seed":false,"campfire_upgraded":3,"win_rate":0.0,"timestamp":1608448418,"path_taken":["M","M","M","?","$","E","?","M","T","M","?","E","R","M","R","BOSS","M","M","$","?","?","E","R","E","T","R","M"],"items_purchased_type":["Card","Card","Card","Potion"],"build_version":"2020-12-18","purchased_purges":0,"victory":false,"max_hp_per_floor":[71,71,71,71,71,71,71,71,71,71,71,71,71,71,71,71,71,71,71,71,49,49,49,49,49,49,49,49,49],"relic_stats":{"counters":[15,64],"Bag of Preparation":[22],"obtain_stats":[{"Potion Belt":26,"SlaversCollar":17,"Oddly Smooth Stone":23,"Molten Egg 2":9,"WingedGreaves":12,"Bag of Preparation":6,"Cracked Core":0,"Toy Ornithopter":25,"Nuclear Battery":0},{"Potion Belt":14,"SlaversCollar":10,"Oddly Smooth Stone":13,"Molten Egg 2":6,"WingedGreaves":8,"Bag of Preparation":4,"Cracked Core":0,"Toy Ornithopter":14,"Nuclear Battery":0},{"Potion Belt":60,"SlaversCollar":42,"Oddly Smooth Stone":56,"Molten Egg 2":23,"WingedGreaves":31,"Bag of Preparation":16,"Cracked Core":0,"Toy Ornithopter":60,"Nuclear Battery":0}],"Toy Ornithopter":0},"card_choices":[{"not_picked":["Hello World","Fusion"],"picked":"Beam Cell","floor":1},{"not_picked":["Streamline","Aggregate"],"picked":"Sweeping Beam","floor":2},{"not_picked":["BootSequence","Stack"],"picked":"Streamline","floor":3},{"not_picked":["Compile Driver","Hologram"],"picked":"Cold Snap","floor":6},{"not_picked":["Recycle","Tempest"],"picked":"Hologram","floor":7},{"not_picked":["Scrape","Sweeping Beam"],"picked":"Loop","floor":8},{"not_picked":["Scrape+1","Multi-Cast","Recycle"],"picked":"SKIP","floor":10},{"not_picked":["Consume","Redo","Reprogram"],"picked":"SKIP","floor":12},{"not_picked":["Heatsinks","Darkness"],"picked":"Chaos","floor":14},{"not_picked":["Creative AI","Machine Learning"],"picked":"Buffer","floor":16},{"not_picked":["Streamline+1","Rip and Tear+1"],"picked":"Steam","floor":18},{"not_picked":["Leap","Reprogram+1"],"picked":"Static Discharge","floor":19},{"not_picked":["Cold Snap+1","Beam Cell+1"],"picked":"Hologram","floor":23},{"not_picked":["Chill","Machine Learning"],"picked":"Compile Driver+1","floor":25}],"player_experience":1212241,"relics_obtained":[{"floor":6,"key":"Bag of Preparation"},{"floor":9,"key":"Molten Egg 2"},{"floor":12,"key":"WingedGreaves"},{"floor":23,"key":"Oddly Smooth Stone"},{"floor":25,"key":"Toy Ornithopter"},{"floor":26,"key":"Potion Belt"}],"event_choices":[{"damage_healed":0,"gold_gain":0,"player_choice":"Damaged","damage_taken":10,"max_hp_gain":0,"max_hp_loss":0,"event_name":"Wheel of Change","floor":4,"gold_loss":0},{"damage_healed":0,"gold_gain":0,"player_choice":"Ignored","damage_taken":0,"max_hp_gain":0,"max_hp_loss":0,"event_name":"Shining Light","floor":11,"gold_loss":0},{"damage_healed":0,"gold_gain":0,"player_choice":"Became a vampire","damage_taken":0,"max_hp_gain":0,"max_hp_loss":22,"event_name":"Vampires","floor":21,"gold_loss":0,"cards_obtained":["Bite","Bite","Bite","Bite","Bite"]},{"damage_healed":0,"gold_gain":0,"player_choice":"Smashed Altar","damage_taken":0,"max_hp_gain":0,"max_hp_loss":0,"event_name":"Forgotten Altar","floor":22,"gold_loss":0,"cards_obtained":["Decay"]}],"is_beta":true,"boss_relics":[{"not_picked":["Busted Crown","Runic Dome"],"picked":"SlaversCollar"}],"items_purged_floors":[],"is_endless":false,"potions_floor_spawned":[1,3,7,12,14,16,18,19,23],"killed_by":"Snecko","ascension_level":20}}