{"host":"2pffx5rqbod9ds0c","time":1608495851,"event":{"mods":["BaseMod","Better Altar","Better Match","Better Note","Better Sensory Stone","Better Skull","Better Third Choice","Custom Start","Hubris","Minty Spire (QoL Compilation)","Quick Restart","Relic Stats","Robot Space Explorer","Spicy Shops","StSLib"],"gold_per_floor":[368,45,45,45,62,91,103,134,161,188,205,235,235,235,235,358,358,373,25,25,50,50,86,105,105,159,174,84,103,138,156,156,287,287,303,403,421,421,436,436,472,472,472,503,526,156,156,156,156],"floor_reached":50,"playtime":3826,"items_purged":["hubris:Sloth","RobotSpaceExplorer:Strike"],"score":830,"play_id":"a72c89df-44d7-41e1-887a-5166893aaeb1","local_time":"20201220122411","is_ascension_mode":true,"campfire_choices":[{"floor":15.0,"key":"REST"},{"data":"RobotSpaceExplorer:MiniBoosters","floor":25.0,"key":"SMITH"},{"data":"RobotSpaceExplorer:DoubleBlock","floor":32.0,"key":"SMITH"},{"data":"RobotSpaceExplorer:ShockMissile","floor":40.0,"key":"SMITH"},{"floor":48,"key":"REST"}],"circlet_count":0,"master_deck":["RobotSpaceExplorer:Strike","RobotSpaceExplorer:Strike+1","RobotSpaceExplorer:Defend","RobotSpaceExplorer:Defend","RobotSpaceExplorer:Defend","RobotSpaceExplorer:Defend","RobotSpaceExplorer:Scan+1","RobotSpaceExplorer:MiniLasers+1","RobotSpaceExplorer:ShovelStrike","RobotSpaceExplorer:ScrapMissile+1","RobotSpaceExplorer:ScrapToss","RobotSpaceExplorer:MiniBoosters","RobotSpaceExplorer:BigMissile","RobotSpaceExplorer:MiniBoosters+1","RobotSpaceExplorer:Accelerator","RobotSpaceExplorer:TurboDodge","RobotSpaceExplorer:Autoloader+1","RobotSpaceExplorer:DoubleBlock+1","RobotSpaceExplorer:ShockMissile+1","RobotSpaceExplorer:Accelerator","RobotSpaceExplorer:Accelerator","RobotSpaceExplorer:DoubleBlock","RobotSpaceExplorer:Asteroid+1"],"relics":["RobotSpaceExplorer:RoboCore","Gremlin Horn","hubris:Teleporter","Letter Opener","Regal Pillow","Blood Vial","hubris:SlimyHat","Golden Idol","Snecko Eye","Question Card","Centennial Puzzle","Bronze Scales","Omamori","Sozu","Whetstone","Toy Ornithopter","Eternal Feather","StrikeDummy","hubris:CuriousFeather","hubris:ToyBattleship"],"acts_visited":["Exordium","TheCity","TheBeyond"],"potions_floor_usage":[],"damage_taken":[{"damage":8.0,"enemies":"Small Slimes","floor":1.0,"turns":5.0},{"damage":1.0,"enemies":"Jaw Worm","floor":5.0,"turns":5.0},{"damage":21.0,"enemies":"3 Sentries","floor":6.0,"turns":12.0},{"damage":1.0,"enemies":"Cultist","floor":7.0,"turns":3.0},{"damage":14.0,"enemies":"Gremlin Nob","floor":8.0,"turns":4.0},{"damage":13.0,"enemies":"Lagavulin","floor":10.0,"turns":4.0},{"damage":5.0,"enemies":"Looter","floor":11.0,"turns":3.0},{"damage":12.0,"enemies":"3 Sentries","floor":12.0,"turns":6.0},{"damage":20.0,"enemies":"Hexaghost","floor":16.0,"turns":9.0},{"damage":0.0,"enemies":"Spheric Guardian","floor":18.0,"turns":1.0},{"damage":0.0,"enemies":"Shell Parasite","floor":21.0,"turns":4.0},{"damage":39.0,"enemies":"Slavers","floor":23.0,"turns":8.0},{"damage":15.0,"enemies":"Snake Plant","floor":24.0,"turns":7.0},{"damage":6.0,"enemies":"Centurion and Healer","floor":27.0,"turns":5.0},{"damage":0.0,"enemies":"3 Cultists","floor":29.0,"turns":4.0},{"damage":0.0,"enemies":"Book of Stabbing","floor":30.0,"turns":4.0},{"damage":9.0,"enemies":"Shelled Parasite and Fungi","floor":31.0,"turns":4.0},{"damage":4.0,"enemies":"Champ","floor":33.0,"turns":16.0},{"damage":9.0,"enemies":"3 Shapes","floor":35.0,"turns":3.0},{"damage":22.0,"enemies":"3 Darklings","floor":37.0,"turns":3.0},{"damage":7.0,"enemies":"Writhing Mass","floor":39.0,"turns":5.0},{"damage":20.0,"enemies":"Reptomancer","floor":41.0,"turns":8.0},{"damage":22.0,"enemies":"Giant Head","floor":44.0,"turns":14.0},{"damage":1.0,"enemies":"4 Shapes","floor":45.0,"turns":3.0},{"damage":11,"enemies":"hubris:GrandSnecko","floor":49,"turns":9}],"seed_played":"-4396827428934798735","potions_obtained":[{"floor":6.0,"key":"Energy Potion"},{"floor":8.0,"key":"PowerPotion"},{"floor":12.0,"key":"Strength Potion"},{"floor":16.0,"key":"Fruit Juice"},{"floor":18.0,"key":"Weak Potion"},{"floor":20.0,"key":"EntropicBrew"}],"is_trial":false,"path_per_floor":["M","$","?","?","M","E","M","E","T","E","M","E","?","?","R","B",null,"M","$","?","M","?","E","M","R","T","M","?","M","E","M","R","B",null,"M","?","M","?","M","R","E","T","T","E","M","$","?","R","B",null],"character_chosen":"RobotSpaceExplorer","items_purchased":["Gremlin Horn","Question Card","hubris:CuriousFeather","hubris:ToyBattleship"],"campfire_rested":2,"item_purchase_floors":[2,19,46,46],"current_hp_per_floor":[67,67,67,67,66,45,44,30,30,17,14,4,4,4,39,21,69,69,69,74,74,74,35,22,22,22,18,18,20,22,15,15,13,74,65,65,45,45,40,40,22,22,22,2,3,3,3,52,43],"gold":156,"neow_bonus":"TWO_FIFTY_GOLD","is_daily":false,"chose_seed":false,"campfire_upgraded":3,"win_rate":0.0,"timestamp":1608495851,"path_taken":["M","$","?","?","M","E","M","E","T","E","?","E","?","?","R","BOSS","M","$","?","M","?","E","?","R","T","M","?","?","E","M","R","BOSS","M","?","?","?","M","R","E","?","T","E","M","?","?","R","BOSS"],"items_purchased_type":["Relic","Relic","Relic","Relic"],"build_version":"2020-12-13","purchased_purges":2,"victory":true,"max_hp_per_floor":[75,75,75,75,75,75,75,75,75,75,75,75,69,69,69,69,69,69,69,74,74,74,74,74,74,74,74,74,74,74,74,74,74,74,74,74,74,74,74,74,74,74,74,74,74,74,74,74,74],"relic_stats":{"Regal Pillow":30,"Gremlin Horn":[26,26],"counters":[25,149],"Golden Idol":142,"Eternal Feather":12,"Letter Opener":[325],"Whetstone":["RobotSpaceExplorer:Strike","RobotSpaceExplorer:ScrapMissile"],"Question Card":14,"Blood Vial":30,"Sozu":2,"Centennial Puzzle":[33],"Bronze Scales":[201],"Snecko Eye":[224,213,200,224],"obtain_stats":[{"Regal Pillow":9,"hubris:Teleporter":6,"Gremlin Horn":2,"Golden Idol":13,"RobotSpaceExplorer:RoboCore":0,"Eternal Feather":43,"hubris:SlimyHat":12,"Omamori":30,"Letter Opener":8,"Whetstone":41,"Question Card":19,"Blood Vial":10,"Sozu":34,"Centennial Puzzle":23,"Bronze Scales":26,"Snecko Eye":17,"hubris:CuriousFeather":46,"hubris:ToyBattleship":46,"StrikeDummy":44,"Toy Ornithopter":42},{"Regal Pillow":5,"hubris:Teleporter":3,"Gremlin Horn":1,"Golden Idol":8,"RobotSpaceExplorer:RoboCore":0,"Eternal Feather":22,"hubris:SlimyHat":8,"Omamori":16,"Letter Opener":5,"Whetstone":22,"Question Card":10,"Blood Vial":6,"Sozu":18,"Centennial Puzzle":12,"Bronze Scales":13,"Snecko Eye":9,"hubris:CuriousFeather":24,"hubris:ToyBattleship":24,"StrikeDummy":23,"Toy Ornithopter":22},{"Regal Pillow":29,"hubris:Teleporter":22,"Gremlin Horn":5,"Golden Idol":42,"RobotSpaceExplorer:RoboCore":0,"Eternal Feather":123,"hubris:SlimyHat":42,"Omamori":84,"Letter Opener":29,"Whetstone":123,"Question Card":52,"Blood Vial":33,"Sozu":104,"Centennial Puzzle":64,"Bronze Scales":71,"Snecko Eye":51,"hubris:CuriousFeather":140,"hubris:ToyBattleship":140,"StrikeDummy":137,"Toy Ornithopter":123}],"Toy Ornithopter":0},"card_choices":[{"not_picked":["RobotSpaceExplorer:Calculate","RobotSpaceExplorer:ShockKick","RobotSpaceExplorer:Electroshield"],"picked":"SKIP","floor":1.0},{"not_picked":["RobotSpaceExplorer:FranticSearch","RobotSpaceExplorer:ShockKick"],"picked":"RobotSpaceExplorer:ShovelStrike","floor":5.0},{"not_picked":["RobotSpaceExplorer:SurgingShield","RobotSpaceExplorer:FreezeRay"],"picked":"RobotSpaceExplorer:ScrapMissile","floor":6.0},{"not_picked":["RobotSpaceExplorer:ImprovisedAttack","RobotSpaceExplorer:Ammunition"],"picked":"RobotSpaceExplorer:ScrapToss","floor":7.0},{"not_picked":["RobotSpaceExplorer:ShockKick","RobotSpaceExplorer:ShovelStrike"],"picked":"RobotSpaceExplorer:MiniBoosters","floor":8.0},{"not_picked":["RobotSpaceExplorer:Exploration","RobotSpaceExplorer:FreezingShield"],"picked":"RobotSpaceExplorer:BigMissile","floor":10.0},{"not_picked":["RobotSpaceExplorer:FrostMissile","RobotSpaceExplorer:ShovelStrike"],"picked":"RobotSpaceExplorer:MiniBoosters","floor":11.0},{"not_picked":["RobotSpaceExplorer:MetalStrike","RobotSpaceExplorer:IronShell","RobotSpaceExplorer:Counterblock"],"picked":"SKIP","floor":12.0},{"not_picked":["RobotSpaceExplorer:Blaster","RobotSpaceExplorer:Explosion"],"picked":"RobotSpaceExplorer:Accelerator","floor":16.0},{"not_picked":["RobotSpaceExplorer:DoubleFind","RobotSpaceExplorer:MetalStrike"],"picked":"RobotSpaceExplorer:TurboDodge","floor":18.0},{"not_picked":["RobotSpaceExplorer:ScrapMissile","RobotSpaceExplorer:Ammunition+1","RobotSpaceExplorer:Discharger","RobotSpaceExplorer:Counterblock"],"picked":"SKIP","floor":21.0},{"not_picked":["RobotSpaceExplorer:StarLightning+1","RobotSpaceExplorer:SwiftStep+1","RobotSpaceExplorer:Discharger","RobotSpaceExplorer:GlueShot"],"picked":"SKIP","floor":23.0},{"not_picked":["RobotSpaceExplorer:FrostMissile","RobotSpaceExplorer:ExhaustFan+1","RobotSpaceExplorer:MiniDrones","RobotSpaceExplorer:GlueShot"],"picked":"SKIP","floor":24.0},{"not_picked":["RobotSpaceExplorer:DualCore","RobotSpaceExplorer:Smokescreen+1","RobotSpaceExplorer:Probe"],"picked":"RobotSpaceExplorer:DoubleBlock","floor":27.0},{"not_picked":["RobotSpaceExplorer:ScrapMissile","RobotSpaceExplorer:SlimeMissile+1","RobotSpaceExplorer:IronShell","RobotSpaceExplorer:FrostMissile"],"picked":"SKIP","floor":29.0},{"not_picked":["RobotSpaceExplorer:GlueShot","RobotSpaceExplorer:SlimeMissile","RobotSpaceExplorer:IronShell+1"],"picked":"RobotSpaceExplorer:ShockMissile","floor":30.0},{"not_picked":["RobotSpaceExplorer:Probe","RobotSpaceExplorer:StunGrenade","RobotSpaceExplorer:ImprovisedAttack","RobotSpaceExplorer:Discharger"],"picked":"SKIP","floor":31.0},{"not_picked":["RobotSpaceExplorer:HighVoltage","RobotSpaceExplorer:Blaster","RobotSpaceExplorer:Explosion"],"picked":"RobotSpaceExplorer:Accelerator","floor":33.0},{"not_picked":["RobotSpaceExplorer:ShockKick+1","RobotSpaceExplorer:MetalStrike+1","RobotSpaceExplorer:ImprovisedAttack+1","RobotSpaceExplorer:LaserBurst+1"],"picked":"SKIP","floor":35.0},{"not_picked":["RobotSpaceExplorer:MakeshiftVolley","RobotSpaceExplorer:GlueShot+1","RobotSpaceExplorer:Counterblock+1","RobotSpaceExplorer:GlueSpray"],"picked":"SKIP","floor":37.0},{"not_picked":["RobotSpaceExplorer:Probe","RobotSpaceExplorer:Scanner","RobotSpaceExplorer:BigMissile+1"],"picked":"RobotSpaceExplorer:DoubleBlock","floor":39.0},{"not_picked":["RobotSpaceExplorer:Pulsar+1","RobotSpaceExplorer:Ammunition","RobotSpaceExplorer:FranticSearch","RobotSpaceExplorer:BigMissile"],"picked":"SKIP","floor":41.0},{"not_picked":["RobotSpaceExplorer:StunGrenade","RobotSpaceExplorer:SurgingStrike","RobotSpaceExplorer:PowerCollector"],"picked":"RobotSpaceExplorer:Asteroid","floor":44.0},{"not_picked":["RobotSpaceExplorer:Ammunition+1","RobotSpaceExplorer:FrostMissile+1","RobotSpaceExplorer:SurgingStrike+1","RobotSpaceExplorer:ScrapMissile+1"],"picked":"SKIP","floor":45.0}],"player_experience":788477,"relics_obtained":[{"floor":6.0,"key":"hubris:Teleporter"},{"floor":8.0,"key":"Letter Opener"},{"floor":9.0,"key":"Regal Pillow"},{"floor":10.0,"key":"Blood Vial"},{"floor":12.0,"key":"hubris:SlimyHat"},{"floor":23.0,"key":"Centennial Puzzle"},{"floor":26.0,"key":"Bronze Scales"},{"floor":30.0,"key":"Omamori"},{"floor":41.0,"key":"Whetstone"},{"floor":42.0,"key":"Toy Ornithopter"},{"floor":43.0,"key":"Eternal Feather"},{"floor":44.0,"key":"StrikeDummy"}],"event_choices":[{"damage_healed":0.0,"max_hp_gain":0.0,"max_hp_loss":0.0,"gold_gain":0.0,"event_name":"Living Wall","player_choice":"Grow","floor":3.0,"gold_loss":0.0,"damage_taken":0.0,"cards_upgraded":["RobotSpaceExplorer:MiniLasers"]},{"damage_healed":0.0,"max_hp_gain":0.0,"max_hp_loss":0.0,"gold_gain":0.0,"event_name":"Upgrade Shrine","player_choice":"Upgraded","floor":4.0,"gold_loss":0.0,"damage_taken":0.0,"cards_upgraded":["RobotSpaceExplorer:Scan"]},{"damage_healed":0.0,"max_hp_gain":0.0,"max_hp_loss":6.0,"gold_gain":0.0,"event_name":"Golden Idol","player_choice":"Lose Max HP","floor":13.0,"gold_loss":0.0,"damage_taken":0.0,"relics_obtained":["Golden Idol"]},{"damage_healed":0.0,"max_hp_gain":0.0,"max_hp_loss":0.0,"gold_gain":0.0,"event_name":"betterThird:BetterSerpent","player_choice":"Ignored","floor":14.0,"gold_loss":0.0,"damage_taken":235.0},{"damage_healed":0.0,"max_hp_gain":0.0,"max_hp_loss":0.0,"gold_gain":0.0,"event_name":"Lab","player_choice":"Got Potions","floor":20.0,"gold_loss":0.0,"damage_taken":0.0},{"cards_removed":["RobotSpaceExplorer:Accelerator"],"damage_healed":0.0,"max_hp_gain":0.0,"max_hp_loss":0.0,"gold_gain":0.0,"event_name":"betterNote:BetterNote","player_choice":"Take \u0026 Give","floor":22.0,"gold_loss":0.0,"damage_taken":0.0,"cards_obtained":["RobotSpaceExplorer:Autoloader"]},{"cards_removed":["RobotSpaceExplorer:Strike"],"damage_healed":0.0,"max_hp_gain":0.0,"max_hp_loss":0.0,"gold_gain":0.0,"event_name":"Designer","player_choice":"Upgrade and Remove","floor":28.0,"gold_loss":90.0,"damage_taken":0.0,"cards_upgraded":["RobotSpaceExplorer:Autoloader"]},{"damage_healed":0.0,"max_hp_gain":0.0,"max_hp_loss":0.0,"gold_gain":100.0,"event_name":"Golden Shrine","player_choice":"Pray","floor":36.0,"gold_loss":0.0,"damage_taken":0.0},{"damage_healed":0.0,"max_hp_gain":0.0,"max_hp_loss":0.0,"gold_gain":3.0,"event_name":"betterStone:BetterStone","player_choice":"4","floor":38.0,"gold_loss":0.0,"damage_taken":0.0,"cards_obtained":["RobotSpaceExplorer:Accelerator"]}],"is_beta":false,"boss_relics":[{"not_picked":["Cursed Key","hubris:HollowSoul"],"picked":"Snecko Eye"},{"not_picked":["RobotSpaceExplorer:TurboCore","SlaversCollar"],"picked":"Sozu"}],"items_purged_floors":[2,19],"is_endless":false,"potions_floor_spawned":[6,8,12,16,18,23,27,29,37,39],"ascension_level":1}}