{"host":"xfr90oo4gfm5wrxc","time":1608441743,"event":{"mods":["BaseMod","Downfall","Minty Spire (QoL Compilation)","Replay The Spire","Shop Mod","StSLib","SuperFastMode","TestMod","The Cursed"],"gold_per_floor":[99,114,145,145,180,199,251,251,285,285,305,334,348,368,385,385,385],"floor_reached":16,"playtime":1098,"items_purged":[],"score":139,"play_id":"00118a45-cc5c-49f6-a044-4833a4ddf2e8","local_time":"20201220132223","daily_mods":["DeadlyEvents","Elite Swarm"],"is_ascension_mode":true,"campfire_choices":[{"floor":1,"key":"RECALL"},{"floor":8,"key":"REST"},{"floor":10,"key":"REST"}],"circlet_count":0,"master_deck":["hexamod:Strike","hexamod:Strike","hexamod:Strike","hexamod:Strike","hexamod:Defend","hexamod:Defend","hexamod:Defend","hexamod:Defend","hexamod:Sear","hexamod:Float","hexamod:DynamicBlow","hexamod:GhostflameInferno+1","hexamod:HexaLevel+1","hexamod:GhostLash","hexamod:TimeOfNeed+1","hexamod:FourthSeal","hexamod:SixthSeal","hexamod:SecondSeal","hexamod:RecurringNightmare"],"relics":["hexamod:SpiritBrand","testmod-TestBox","testmod-Alchemist","Replay:Rubber Ducky","Mummified Hand","ReplayTheSpireMod:Lightbulb","Replay:Bottled Steam"],"acts_visited":["Exordium"],"potions_floor_usage":[16],"damage_taken":[{"damage":0,"enemies":"Cultist","floor":2,"turns":3},{"damage":26,"enemies":"Gremlin Nob","floor":3,"turns":5},{"damage":16,"enemies":"3 Sentries","floor":5,"turns":7},{"damage":5,"enemies":"2 Louse","floor":6,"turns":2},{"damage":23,"enemies":"Lagavulin","floor":9,"turns":6},{"damage":0,"enemies":"Jaw Worm","floor":11,"turns":3},{"damage":6,"enemies":"Gremlin Nob","floor":12,"turns":4},{"damage":11,"enemies":"Exordium Wildlife","floor":13,"turns":4},{"damage":0,"enemies":"Large Slime","floor":14,"turns":6},{"damage":1,"enemies":"Red Slaver","floor":15,"turns":3},{"damage":26,"enemies":"downfall:Defect","floor":16,"turns":4}],"seed_played":"7842771909270669718","potions_obtained":[{"floor":2,"key":"Explosive Potion"},{"floor":3,"key":"Elixir"},{"floor":9,"key":"Explosive Potion"},{"floor":11,"key":"LiquidMemories"},{"floor":12,"key":"champ:CounterPotion"},{"floor":15,"key":"BlessingOfTheForge"}],"is_trial":true,"path_per_floor":["R","M","E","?","E","M","T","R","E","R","M","E","M","M","M","B"],"character_chosen":"THE_SPIRIT","items_purchased":[],"campfire_rested":2,"item_purchase_floors":[],"current_hp_per_floor":[70,70,44,44,28,23,23,44,21,42,42,36,25,25,24,0,0],"gold":385,"neow_bonus":"","is_daily":false,"chose_seed":false,"campfire_upgraded":0,"win_rate":0.0,"timestamp":1608441743,"path_taken":["R","?","E","?","E","M","T","R","E","R","?","?","?","M","M","BOSS"],"items_purchased_type":[],"build_version":"2020-12-13","purchased_purges":0,"victory":false,"max_hp_per_floor":[70,70,70,70,70,70,70,70,70,70,70,70,70,70,70,70,70],"card_choices":[{"not_picked":["hexamod:GhostShield","hexamod:NightmareGuise"],"picked":"hexamod:DynamicBlow","floor":2},{"not_picked":["hexamod:SearingWound","hexamod:TurnItUp"],"picked":"hexamod:GhostflameInferno","floor":3},{"not_picked":["hexamod:UnleashSpirits","hexamod:FifthSeal"],"picked":"hexamod:HexaLevel","floor":5},{"not_picked":["hexamod:SkipABeat","hexamod:GhostShield"],"picked":"hexamod:GhostLash","floor":6},{"not_picked":["hexamod:HexaLevel","hexamod:VolcanoVisage"],"picked":"hexamod:TimeOfNeed","floor":9},{"not_picked":["hexamod:Hexaguard","hexamod:HauntingEcho"],"picked":"hexamod:FourthSeal","floor":11},{"not_picked":["hexamod:TimeOfNeed","hexamod:GhostflameInferno"],"picked":"hexamod:SixthSeal","floor":12},{"not_picked":["hexamod:AdvancingGuard","hexamod:BacktrackSmack","hexamod:DynamicBlow"],"picked":"SKIP","floor":13},{"not_picked":["hexamod:AdvancingGuard","hexamod:ThermalTransfer"],"picked":"hexamod:SecondSeal","floor":14},{"not_picked":["hexamod:AdvancingGuard","hexamod:DynamicBlow"],"picked":"hexamod:RecurringNightmare","floor":15}],"player_experience":154171,"relics_obtained":[{"floor":3,"key":"Replay:Rubber Ducky"},{"floor":5,"key":"Mummified Hand"},{"floor":7,"key":"ReplayTheSpireMod:Lightbulb"},{"floor":9,"key":"Replay:Bottled Steam"}],"event_choices":[],"is_beta":false,"boss_relics":[],"items_purged_floors":[],"is_endless":true,"potions_floor_spawned":[2,3,9,11,13],"killed_by":"downfall:Defect","ascension_level":1}}