{"host":"9nt1zhl3k8mtcf72","time":1608499463,"event":{"mods":["Aspiration","BaseMod","Conjunction","Conspire","Downfall","Energized Spire","Friendly Minions","GifTheSpireLib","Halation","Hubris","Infinite Spire","Jedi Mod","Mimic Mod","Minty Spire (QoL Compilation)","RatMod","Replay The Spire","Spikes Relics","StSLib","Stuff the Spire","Trackpad","Useless Jewels Mod","Wandering Minibosses","vexMod"],"gold_per_floor":[99,99,99,119,137,62,86,105,30,65,50,68,68,79,98,197,197,122,414,414,414,414],"floor_reached":21,"playtime":1105,"items_purged":[],"score":227,"play_id":"9bbcb568-2a39-44ca-a10e-cf42f19be645","local_time":"20201220162423","is_ascension_mode":false,"campfire_choices":[{"floor":1,"key":"RECALL"},{"data":"hexamod:BacktrackSmack","floor":6,"key":"SMITH"},{"data":"hexamod:Firestarter","floor":9,"key":"SMITH"},{"floor":20,"key":"REST"}],"circlet_count":0,"master_deck":["hexamod:Strike","hexamod:Strike","hexamod:Strike","hexamod:Defend","hexamod:Defend","hexamod:Defend","hexamod:Defend","hexamod:Sear+1","hexamod:Float","hexamod:BacktrackSmack+1","hexamod:ThirdSeal","hexamod:Firestarter+1","hexamod:HeatMetal","hexamod:FourthSeal","hexamod:RainOfEmbers","hexamod:DynamicBlow","hexamod:FlamesFromBeyond","hexamod:BurningTouch","hexamod:HeatMetal+1","hexamod:BurningTouch","hexamod:SixthSeal","hexamod:DynamicBlow","hubris:NaturalOne","hexamod:ShieldOfDarkness+1","hexamod:FifthSeal","hexamod:ThirdSeal"],"relics":["hexamod:SpiritBrand","Lantern","hubris:Icosahedron","downfall:HeartBlessingRed","downfall:HeartBlessingBlue","vexMod:BerryBomb","StuffTheSpire:ModemDavis","downfall:HeartBlessingGreen","jedi:ominousloannote"],"acts_visited":["Exordium","TheCity"],"potions_floor_usage":[10,14,16,16,21,21],"damage_taken":[{"damage":0,"enemies":"Small Slimes","floor":4,"turns":4},{"damage":0,"enemies":"Cultist","floor":5,"turns":3},{"damage":1,"enemies":"Jaw Worm","floor":8,"turns":4},{"damage":20,"enemies":"Lagavulin","floor":10,"turns":5},{"damage":10,"enemies":"downfall:FleeingMerchant","floor":11,"turns":4},{"damage":5,"enemies":"Red Slaver","floor":12,"turns":4},{"damage":0,"enemies":"Blue Slaver","floor":14,"turns":3},{"damage":4,"enemies":"Large Slime","floor":15,"turns":5},{"damage":31,"enemies":"downfall:Ironclad","floor":16,"turns":6},{"damage":15,"enemies":"downfall:FleeingMerchant","floor":19,"turns":4},{"damage":114,"enemies":"Nightmare","floor":21,"turns":9}],"seed_played":"4478739384087291561","potions_obtained":[{"floor":4,"key":"Conjunction:LightningMarble"},{"floor":8,"key":"FearPotion"},{"floor":11,"key":"Slimebound:ThreeZeroPotion"},{"floor":12,"key":"jedi:mysterypotion"},{"floor":13,"key":"infinitespire:BlackPotion"},{"floor":14,"key":"SmokeBomb"},{"floor":14,"key":"Fire Potion"},{"floor":15,"key":"Venom Potion"},{"floor":16,"key":"LiquidMemories"},{"floor":19,"key":"DistilledChaos"}],"is_trial":false,"path_per_floor":["R","?","?","M","M","R","T","M","R","E","$","M","?","M","M","B",null,"R","$","R","NM"],"character_chosen":"THE_SPIRIT","items_purchased":["jedi:ominousloannote","hexamod:ThirdSeal"],"campfire_rested":1,"item_purchase_floors":[19,19],"current_hp_per_floor":[70,70,70,70,70,70,70,69,79,65,55,50,50,50,46,15,86,86,71,86,0,0],"gold":414,"neow_bonus":"RANDOM_COMMON_RELIC","is_daily":false,"chose_seed":false,"campfire_upgraded":2,"win_rate":0.0,"timestamp":1608499463,"path_taken":["R","?","?","M","M","R","T","?","R","E","?","M","?","?","M","BOSS","R","$","R","NM"],"items_purchased_type":["Relic","Card"],"build_version":"2020-12-13","purchased_purges":0,"victory":false,"max_hp_per_floor":[70,70,70,70,70,70,70,70,80,86,86,86,86,86,86,86,86,86,86,86,86,86],"card_choices":[{"not_picked":["hexamod:SpectersWail","hexamod:FastForward"],"picked":"hexamod:BacktrackSmack","floor":4},{"not_picked":["hexamod:ShieldOfDarkness","hexamod:SpectersWail"],"picked":"hexamod:ThirdSeal","floor":5},{"not_picked":["hexamod:PhantomCloak","hexamod:NightmareGuise"],"picked":"hexamod:Firestarter","floor":8},{"not_picked":["hexamod:StepThrough","hexamod:ShieldOfDarkness"],"picked":"hexamod:HeatMetal","floor":8},{"not_picked":["hexamod:AdvancingGuard","hexamod:RainOfEmbers"],"picked":"hexamod:FourthSeal","floor":10},{"not_picked":["hexamod:InspiringFlames","hexamod:ApocalypseNow"],"picked":"hexamod:RainOfEmbers","floor":10},{"not_picked":["hexamod:FastForward","hexamod:Firestarter"],"picked":"hexamod:DynamicBlow","floor":11},{"not_picked":["hexamod:FastForward","hexamod:AdvancingGuard"],"picked":"hexamod:FlamesFromBeyond","floor":11},{"not_picked":["hexamod:AdvancingGuard","hexamod:BacktrackSmack"],"picked":"hexamod:BurningTouch","floor":12},{"not_picked":["hexamod:Haunt","hexamod:NightmareGuise","hexamod:HauntingEcho"],"picked":"SKIP","floor":12},{"not_picked":["hexamod:ShieldOfDarkness","hexamod:NightmareGuise"],"picked":"hexamod:HeatMetal","floor":14},{"not_picked":["hexamod:BacktrackSmack","hexamod:HauntingEcho"],"picked":"hexamod:BurningTouch","floor":15},{"not_picked":["hexamod:NightmareGuise","hexamod:AdvancingGuard","hexamod:Haunt"],"picked":"SKIP","floor":15},{"not_picked":["hexamod:TurnItUp","hexamod:HexaLevel"],"picked":"hexamod:SixthSeal","floor":16},{"not_picked":["hexamod:Firestarter","hexamod:HauntingEcho"],"picked":"hexamod:ShieldOfDarkness+1","floor":19},{"not_picked":["hexamod:ShieldOfDarkness+1","hexamod:SecondSeal"],"picked":"hexamod:FifthSeal","floor":19}],"player_experience":449300,"relics_obtained":[{"floor":10,"key":"vexMod:BerryBomb"}],"event_choices":[{"damage_healed":0,"gold_gain":0,"player_choice":"Upgraded","damage_taken":0,"max_hp_gain":0,"max_hp_loss":0,"event_name":"Upgrade Shrine","floor":3,"gold_loss":0,"cards_upgraded":["hexamod:Sear"]},{"damage_healed":0,"gold_gain":0,"player_choice":"Got Potions","damage_taken":0,"max_hp_gain":0,"max_hp_loss":0,"event_name":"Lab","floor":13,"gold_loss":0}],"is_beta":false,"boss_relics":[{"not_picked":["halation:LoveArrow","vexMod:TanglingVine"],"picked":"StuffTheSpire:ModemDavis"}],"items_purged_floors":[],"is_endless":false,"potions_floor_spawned":[4,8,14,15],"killed_by":"Nightmare","ascension_level":0}}