{"host":"qwv9nni2x0umspiu","time":1608428940,"event":{"mods":["BaseMod","Downfall","Minty Spire (QoL Compilation)","Replay The Spire","StSLib","The Hierophant","Wandering Minibosses"],"gold_per_floor":[119,119,119,34,44,69,69,85,112,112,118,43,43,43,43,78,128,190,30,107,171,71,71,71],"floor_reached":23,"playtime":840,"items_purged":["hierophant:Defend_Hierophant","hierophant:Defend_Hierophant"],"score":470,"play_id":"435dc334-2555-491d-ab03-7ca356ce6854","local_time":"20201219174900","is_ascension_mode":true,"campfire_choices":[{"data":"hierophant:ChurchCoffers","floor":7,"key":"SMITH"},{"data":"hierophant:Upheaval","floor":10,"key":"SMITH"},{"data":"hierophant:SealAway","floor":13,"key":"SMITH"},{"data":"hierophant:Punish","floor":15,"key":"SMITH"}],"circlet_count":0,"master_deck":["AscendersBane","hierophant:Strike_Hierophant+1","hierophant:Strike_Hierophant","hierophant:Strike_Hierophant","hierophant:Punish+1","hierophant:Defend_Hierophant","hierophant:Defend_Hierophant","hierophant:ChurchCoffers+1","hierophant:SealAway+1","hierophant:Upheaval+1","hierophant:BulkyChest","hierophant:Community","hierophant:HammerAndAnvil+1","hierophant:HammerAndAnvil+1","hierophant:Zeal","hierophant:Smite"],"relics":["hierophant:PropheticMaskRelic","NeowsBlessing","Replay:Wax Seal","PreservedInsect","Odd Mushroom","Tiny House","Orrery","Potion Belt"],"acts_visited":["Exordium","TheCity"],"potions_floor_usage":[11,11,18,21,23,23],"damage_taken":[{"damage":0,"enemies":"Jaw Worm","floor":1,"turns":1},{"damage":0,"enemies":"2 Louse","floor":5,"turns":1},{"damage":0,"enemies":"Gremlin Nob","floor":6,"turns":1},{"damage":12,"enemies":"Cultist","floor":8,"turns":4},{"damage":2,"enemies":"The Mushroom Lair","floor":11,"turns":3},{"damage":84,"enemies":"Fading Forest","floor":16,"turns":13},{"damage":3,"enemies":"Shell Parasite","floor":18,"turns":4},{"damage":13,"enemies":"3 Byrds","floor":21,"turns":4},{"damage":28,"enemies":"Book of Stabbing","floor":23,"turns":2}],"seed_played":"891220397824970127","potions_obtained":[{"floor":5,"key":"SkillPotion"},{"floor":8,"key":"SpeedPotion"},{"floor":16,"key":"Weak Potion"},{"floor":17,"key":"Adrenaline Potion"},{"floor":18,"key":"SkillPotion"},{"floor":21,"key":"Energy Potion"}],"is_trial":false,"path_per_floor":["M","?","?","$","M","E","R","M","T","R","?","$","R","?","R","B",null,"M","$","?","M","$","E"],"character_chosen":"HIEROPHANT","items_purchased":["hierophant:Upheaval","Orrery"],"campfire_rested":0,"item_purchase_floors":[4,19],"current_hp_per_floor":[68,68,68,68,68,68,68,56,56,56,54,54,54,59,59,11,68,65,65,37,24,24,0,0],"gold":71,"neow_bonus":"THREE_ENEMY_KILL","is_daily":false,"chose_seed":false,"campfire_upgraded":4,"win_rate":0.0,"timestamp":1608428940,"path_taken":["M","?","?","$","M","E","R","?","T","R","?","$","R","?","R","BOSS","M","$","?","M","$","E"],"items_purchased_type":["Card","Relic"],"build_version":"2020-12-13","purchased_purges":2,"victory":false,"max_hp_per_floor":[75,75,75,75,75,75,75,75,75,75,75,75,75,80,80,80,85,85,85,85,85,85,85,85],"card_choices":[{"not_picked":["hierophant:HolyVerse","hierophant:Racketeering"],"picked":"hierophant:SealAway","floor":1},{"not_picked":["hierophant:OrnateBuckler","hierophant:Remorse","hierophant:Mercenaries"],"picked":"SKIP","floor":5},{"not_picked":["hierophant:Encroach","hierophant:RecallFunds","hierophant:ConvertCurrency"],"picked":"SKIP","floor":6},{"not_picked":["hierophant:ThreeLashes","hierophant:Refuge","hierophant:Upheaval"],"picked":"SKIP","floor":8},{"not_picked":["hierophant:Determination","hierophant:Batter"],"picked":"hierophant:BulkyChest","floor":16},{"not_picked":["hierophant:FaithHealing","hierophant:Doubloon"],"picked":"hierophant:Community","floor":17},{"not_picked":["hierophant:FieryStrike","hierophant:MorningPrayer","hierophant:RepressedViolence"],"picked":"SKIP","floor":18},{"not_picked":["hierophant:Glossolalia","hierophant:Dazzle"],"picked":"hierophant:HammerAndAnvil+1","floor":19},{"not_picked":["hierophant:Flagellation","hierophant:OrnateJavelin"],"picked":"hierophant:HammerAndAnvil+1","floor":19},{"not_picked":["hierophant:ThreeLashes+1","hierophant:Mercenaries"],"picked":"hierophant:Zeal","floor":20},{"not_picked":["hierophant:Bribe","hierophant:HolyVerse"],"picked":"hierophant:Smite","floor":20},{"not_picked":["hierophant:RepressedViolence","hierophant:SolarFlare","hierophant:CursedGold+1"],"picked":"SKIP","floor":21}],"player_experience":1279205,"relics_obtained":[{"floor":6,"key":"Replay:Wax Seal"},{"floor":9,"key":"PreservedInsect"},{"floor":11,"key":"Odd Mushroom"},{"floor":20,"key":"Potion Belt"}],"event_choices":[{"damage_healed":0,"gold_gain":0,"player_choice":"Ignored","damage_taken":0,"max_hp_gain":0,"max_hp_loss":0,"event_name":"Liars Game","floor":2,"gold_loss":0},{"cards_removed":["hierophant:Strike_Hierophant"],"damage_healed":0,"gold_gain":0,"player_choice":"Offered Basic","damage_taken":0,"max_hp_gain":0,"max_hp_loss":0,"event_name":"Bonfire Elementals","floor":3,"gold_loss":0},{"damage_healed":0,"gold_gain":0,"player_choice":"Fought Mushrooms","damage_taken":0,"max_hp_gain":0,"max_hp_loss":0,"event_name":"Mushrooms","floor":11,"gold_loss":0},{"damage_healed":0,"gold_gain":0,"player_choice":"Donut","damage_taken":0,"max_hp_gain":5,"max_hp_loss":0,"event_name":"Big Fish","floor":14,"gold_loss":0}],"is_beta":false,"boss_relics":[{"not_picked":["Sozu","Busted Crown"],"picked":"Tiny House"}],"items_purged_floors":[12,22],"is_endless":false,"potions_floor_spawned":[5,8,16,18,21],"killed_by":"Book of Stabbing","ascension_level":20}}