{"host":"5qewjvycy34u7aeo","time":1608487477,"event":{"mods":["Act Like it!","Aspiration","BaseMod","Conspire","Downfall","GifTheSpireLib","Hubris","Infinite Spire","Minty Spire (QoL Compilation)","Permanent Neow","Replay The Spire","Shop Mod","StSLib","Stuff the Spire"],"gold_per_floor":[99,119,119,138,138,173,198,198,48,31,90,105,124,137,148,253,253,253,253,253,253],"floor_reached":20,"playtime":1616,"items_purged":[],"score":200,"play_id":"f4239c72-8a67-4f8e-a499-98bfa451fb5d","local_time":"20201220100437","is_ascension_mode":true,"campfire_choices":[{"floor":1,"key":"DIG"},{"data":"Guardian:TwinSlam","floor":5,"key":"SMITH"},{"data":"Guardian:StasisField","floor":9,"key":"SMITH"},{"floor":18,"key":"RECALL"}],"circlet_count":0,"master_deck":["Guardian:Strike_Guardian","Guardian:Strike_Guardian","Guardian:Defend_Guardian","Guardian:Defend_Guardian","Guardian:Defend_Guardian","Guardian:CurlUp","Guardian:TwinSlam+1","Guardian:BronzeOrb","Guardian:ChargeUp","Guardian:StasisField+1","Guardian:ExploitGems","Guardian:PiercingHide","Guardian:Gem_Lightblue","Guardian:Gem_Cyan","Guardian:Gem_Green","hubris:NaturalOne","Guardian:Gem_Cyan","Guardian:Gem_Green","Guardian:Gem_Orange"],"relics":["StuffTheSpire:OccultApparatus","Replay:PocketPolymizer","StuffTheSpire:SapphireSignet","hubris:Icosahedron","downfall:HeartBlessingGreen","downfall:HeartBlessingBlue","Nunchaku","hubris:PeanutButter","aspiration:FutureDiary"],"acts_visited":["Exordium","TheCity"],"potions_floor_usage":[20,20],"damage_taken":[{"damage":6,"enemies":"2 Louse","floor":2,"turns":3},{"damage":2,"enemies":"Jaw Worm","floor":4,"turns":6},{"damage":17,"enemies":"3 Sentries","floor":6,"turns":15},{"damage":22,"enemies":"Gremlin Nob","floor":10,"turns":5},{"damage":0,"enemies":"3 Sentries","floor":11,"turns":14},{"damage":0,"enemies":"Small Slimes","floor":12,"turns":3},{"damage":0,"enemies":"Gremlin Gang","floor":13,"turns":5},{"damage":0,"enemies":"Large Slime","floor":14,"turns":6},{"damage":0,"enemies":"3 Louse","floor":15,"turns":4},{"damage":29,"enemies":"downfall:Defect","floor":16,"turns":17},{"damage":95,"enemies":"Gremlin Leader","floor":20,"turns":13}],"seed_played":"-792628483669375380","potions_obtained":[{"floor":6,"key":"SkillPotion"},{"floor":10,"key":"SteroidPotion"},{"floor":12,"key":"Toxic Potion"}],"is_trial":false,"path_per_floor":["R","M","?","M","R","E","T","?","R","E","?","M","M","M","M","B",null,"R","?","E"],"character_chosen":"GUARDIAN","items_purchased":[],"campfire_rested":0,"item_purchase_floors":[],"current_hp_per_floor":[80,74,74,72,72,55,55,55,65,43,43,43,43,43,43,14,90,90,90,0,0],"gold":253,"neow_bonus":"REMOVE_CARD","is_daily":false,"chose_seed":false,"campfire_upgraded":2,"win_rate":0.0,"timestamp":1608487477,"path_taken":["R","M","?","M","R","E","T","?","R","E","?","M","M","M","M","BOSS","R","?","E"],"items_purchased_type":[],"build_version":"2020-12-13","purchased_purges":0,"victory":false,"max_hp_per_floor":[80,80,80,80,80,80,80,80,90,90,90,90,90,90,90,90,90,90,90,90,90],"card_choices":[{"not_picked":["Guardian:Gem_Green","Guardian:DonusPower","Guardian:Orbwalk"],"picked":"SKIP","floor":2},{"not_picked":["Guardian:Incinerate","Guardian:WalkerClaw"],"picked":"Guardian:BronzeOrb","floor":4},{"not_picked":["Guardian:TimeBomb","Guardian:Repulse"],"picked":"Guardian:StasisField","floor":6},{"not_picked":["Guardian:SphericShield","Guardian:Recover"],"picked":"Guardian:PiercingHide","floor":10},{"not_picked":["Guardian:Suspension","Guardian:PiercingHide"],"picked":"Guardian:Gem_Lightblue","floor":11},{"not_picked":["Guardian:Planning","Guardian:VentSteam"],"picked":"Guardian:Gem_Cyan","floor":12},{"not_picked":["Guardian:Emergency","Guardian:BronzeOrb"],"picked":"Guardian:Gem_Green","floor":13},{"not_picked":["Guardian:Gem_Lightblue","Guardian:PiercingHide"],"picked":"Guardian:Gem_Cyan","floor":14},{"not_picked":["Guardian:WalkerClaw","Guardian:Gem_Red"],"picked":"Guardian:Gem_Green","floor":15},{"not_picked":["Guardian:ExploitGems","Guardian:GatlingBeam"],"picked":"Guardian:Gem_Orange","floor":16}],"player_experience":386126,"relics_obtained":[{"floor":1,"key":"Replay:PocketPolymizer"},{"floor":6,"key":"StuffTheSpire:SapphireSignet"},{"floor":10,"key":"Nunchaku"},{"floor":11,"key":"hubris:PeanutButter"}],"event_choices":[{"damage_healed":0,"gold_gain":0,"player_choice":"Leave","damage_taken":0,"max_hp_gain":0,"max_hp_loss":0,"event_name":"conspire:Investor","floor":19,"gold_loss":0}],"is_beta":false,"boss_relics":[{"not_picked":["Ring of Chaos","Ectoplasm"],"picked":"aspiration:FutureDiary"}],"items_purged_floors":[],"is_endless":false,"potions_floor_spawned":[6,10,12,15],"killed_by":"Gremlin Leader","ascension_level":2}}