{"host":"ow9msrs9p2ctkx99","time":1608449621,"event":{"mods":["AchievementEnabler","BaseMod","Colored Map","Colored Powertips","Minty Spire (QoL Compilation)","Permanent Neow","Quick Restart","SuperFastMode"],"gold_per_floor":[115,135,149,52,65,65,99,115,115,144,144,319,353,353,353,456,456,472,486,486,239,256,285,285,108,134,134,161,161,161,175,175,276,276,294,144,144,68,68,103,103,121,121,121,121],"floor_reached":44,"playtime":1122,"items_purged":["Strike_B","Doubt","Strike_B","Strike_B"],"score":787,"play_id":"7e95461d-fbf0-4388-a8ea-c867c981d0ef","local_time":"20201220083341","is_ascension_mode":true,"campfire_choices":[{"data":"Defragment","floor":6.0,"key":"SMITH"},{"floor":11.0,"key":"REST"},{"data":"Rainbow","floor":15.0,"key":"SMITH"},{"floor":24.0,"key":"REST"},{"data":"Darkness","floor":27.0,"key":"SMITH"},{"floor":30.0,"key":"REST"},{"floor":32.0,"key":"REST"},{"floor":41.0,"key":"REST"}],"circlet_count":0,"master_deck":["AscendersBane","Strike_B","Defend_B","Defend_B","Defend_B","Defend_B","Zap","Dualcast","Rainbow+1","Tempest","Glacier+1","Defragment+1","Cold Snap","FTL","Melter","Darkness+1","Double Energy+1","Stack+1","Fission+1","Chaos+1","Steam+1","Redo+1","Skim+1","Coolheaded+1","Coolheaded+1","Conserve Battery+1","FTL","Reboot+1","Fusion+1","Discovery+1","Good Instincts+1","Reinforced Body+1","Seek+1","Compile Driver"],"relics":["Cracked Core","Bottled Lightning","Toxic Egg 2","Cables","HornCleat","Inserter","Vajra","Bag of Marbles","Nuclear Battery","Akabeko","Letter Opener"],"acts_visited":["Exordium","TheCity","TheBeyond"],"potions_floor_usage":[],"damage_taken":[{"damage":0.0,"enemies":"Cultist","floor":1.0,"turns":3.0},{"damage":0.0,"enemies":"2 Louse","floor":2.0,"turns":2.0},{"damage":1.0,"enemies":"Jaw Worm","floor":3.0,"turns":3.0},{"damage":15.0,"enemies":"Lots of Slimes","floor":5.0,"turns":6.0},{"damage":27.0,"enemies":"3 Sentries","floor":7.0,"turns":6.0},{"damage":0.0,"enemies":"Exordium Thugs","floor":8.0,"turns":5.0},{"damage":7.0,"enemies":"Lagavulin","floor":10.0,"turns":7.0},{"damage":7.0,"enemies":"Gremlin Nob","floor":13.0,"turns":3.0},{"damage":9.0,"enemies":"The Guardian","floor":16.0,"turns":12.0},{"damage":17.0,"enemies":"Shell Parasite","floor":18.0,"turns":5.0},{"damage":0.0,"enemies":"Chosen","floor":19.0,"turns":4.0},{"damage":14.0,"enemies":"Centurion and Healer","floor":22.0,"turns":6.0},{"damage":10.0,"enemies":"Book of Stabbing","floor":23.0,"turns":6.0},{"damage":15.0,"enemies":"Slavers","floor":28.0,"turns":5.0},{"damage":32.0,"enemies":"3 Cultists","floor":31.0,"turns":6.0},{"damage":69.0,"enemies":"Collector","floor":33.0,"turns":16.0},{"damage":0.0,"enemies":"3 Shapes","floor":35.0,"turns":5.0},{"damage":45.0,"enemies":"Reptomancer","floor":40.0,"turns":10.0},{"damage":20,"enemies":"3 Darklings","floor":42,"turns":8},{"damage":25,"enemies":"Transient","floor":44,"turns":4}],"seed_played":"-4818208403675289350","potions_obtained":[{"floor":3.0,"key":"PotionOfCapacity"},{"floor":5.0,"key":"ColorlessPotion"},{"floor":7.0,"key":"Strength Potion"},{"floor":8.0,"key":"Ancient Potion"},{"floor":33.0,"key":"SteroidPotion"},{"floor":35.0,"key":"SteroidPotion"}],"is_trial":false,"path_per_floor":["M","M","M","$","M","R","E","M","T","E","R","?","E","?","R","B",null,"M","M","?","$","M","E","R","$","T","R","E","?","R","M","R","B",null,"M","$","?","$","?","E","R","M","T","M"],"character_chosen":"DEFECT","items_purchased":["Cold Snap","Redo+1","FairyPotion","Coolheaded+1","Reinforced Body+1"],"campfire_rested":5,"item_purchase_floors":[4,21,21,25,38],"current_hp_per_floor":[68,68,67,67,52,52,25,25,25,18,40,40,33,33,33,24,62,45,45,45,45,31,21,43,43,43,43,28,28,50,18,40,15,60,60,60,50,50,50,5,26,6,6,0,0],"gold":121,"neow_bonus":"ONE_RANDOM_RARE_CARD","is_daily":false,"chose_seed":false,"campfire_upgraded":3,"win_rate":0.0,"timestamp":1608449621,"path_taken":["M","M","?","?","M","R","E","?","T","E","R","?","E","?","R","BOSS","M","?","?","$","?","E","R","?","T","R","E","?","R","M","R","BOSS","M","$","?","$","?","E","R","M","T","M"],"items_purchased_type":["Card","Card","Potion","Card","Card"],"build_version":"2020-12-13","purchased_purges":4,"victory":false,"max_hp_per_floor":[75,75,75,75,75,75,75,75,75,75,75,75,75,75,75,75,75,75,75,75,75,75,75,75,75,75,75,75,75,75,75,75,75,75,75,75,75,75,71,71,71,71,71,71,71],"card_choices":[{"not_picked":["Gash","White Noise"],"picked":"Tempest","floor":1.0},{"not_picked":["Self Repair","Leap"],"picked":"Glacier","floor":2.0},{"not_picked":["Leap","Doom and Gloom"],"picked":"Defragment","floor":3.0},{"not_picked":["Stack","Chill"],"picked":"FTL","floor":5.0},{"not_picked":["Machine Learning","Undo"],"picked":"Melter","floor":7.0},{"not_picked":["Storm","BootSequence"],"picked":"Darkness","floor":8.0},{"not_picked":["Defragment","Undo+1"],"picked":"Double Energy+1","floor":10.0},{"not_picked":["Sweeping Beam","Steam Power+1"],"picked":"Stack+1","floor":13.0},{"not_picked":["Buffer","Machine Learning"],"picked":"Fission+1","floor":16.0},{"not_picked":["Hologram+1","Cold Snap"],"picked":"Chaos+1","floor":18.0},{"not_picked":["Go for the Eyes","Streamline"],"picked":"Steam+1","floor":19.0},{"not_picked":["Recycle+1","Sweeping Beam"],"picked":"Skim+1","floor":22.0},{"not_picked":["Leap+1","Stack+1"],"picked":"Coolheaded+1","floor":23.0},{"not_picked":["Static Discharge","Reprogram+1"],"picked":"Conserve Battery+1","floor":28.0},{"not_picked":["Leap+1","Sunder"],"picked":"FTL","floor":31.0},{"not_picked":["Hyperbeam","Meteor Strike"],"picked":"Reboot+1","floor":33.0},{"not_picked":["Hologram+1","Turbo+1"],"picked":"Fusion+1","floor":35.0},{"not_picked":["Blind+1","Sadistic Nature"],"picked":"Discovery+1","floor":37.0},{"not_picked":["Violence+1","Mind Blast"],"picked":"Good Instincts+1","floor":37.0},{"not_picked":["Stack+1","Scrape"],"picked":"Seek+1","floor":40.0},{"not_picked":["Leap+1","Ball Lightning+1"],"picked":"Compile Driver","floor":42}],"player_experience":1097311,"relics_obtained":[{"floor":7.0,"key":"Bottled Lightning"},{"floor":9.0,"key":"Toxic Egg 2"},{"floor":10.0,"key":"Cables"},{"floor":13.0,"key":"HornCleat"},{"floor":23.0,"key":"Vajra"},{"floor":28.0,"key":"Bag of Marbles"},{"floor":40.0,"key":"Akabeko"},{"floor":43,"key":"Letter Opener"}],"event_choices":[{"damage_healed":0.0,"max_hp_gain":0.0,"max_hp_loss":0.0,"gold_gain":175.0,"event_name":"Liars Game","player_choice":"AGREE","floor":12.0,"gold_loss":0.0,"damage_taken":0.0,"cards_obtained":["Doubt"]},{"damage_healed":0.0,"max_hp_gain":0.0,"max_hp_loss":0.0,"gold_gain":0.0,"event_name":"Accursed Blacksmith","player_choice":"Forge","floor":14.0,"gold_loss":0.0,"damage_taken":0.0,"cards_upgraded":["Glacier"]},{"damage_healed":0.0,"max_hp_gain":0.0,"max_hp_loss":0.0,"gold_gain":0.0,"event_name":"Match and Keep!","player_choice":"0 cards matched","floor":20.0,"gold_loss":0.0,"damage_taken":0.0,"cards_obtained":[]},{"damage_healed":0.0,"max_hp_gain":0.0,"max_hp_loss":0.0,"gold_gain":0.0,"event_name":"Lab","player_choice":"Got Potions","floor":29.0,"gold_loss":0.0,"damage_taken":0.0},{"damage_healed":0.0,"max_hp_gain":0.0,"max_hp_loss":0.0,"gold_gain":0.0,"event_name":"SensoryStone","player_choice":"Memory 3","floor":37.0,"gold_loss":0.0,"damage_taken":10.0},{"damage_healed":0.0,"max_hp_gain":0.0,"max_hp_loss":4.0,"gold_gain":0.0,"event_name":"Winding Halls","player_choice":"Max HP","floor":39.0,"gold_loss":0.0,"damage_taken":0.0}],"is_beta":false,"boss_relics":[{"not_picked":["Busted Crown","Runic Pyramid"],"picked":"Inserter"},{"not_picked":["Black Star","Coffee Dripper"],"picked":"Nuclear Battery"}],"items_purged_floors":[4,21,25,36],"is_endless":false,"potions_floor_spawned":[3,5,7,8,18,23,33,35],"killed_by":"Transient","ascension_level":12}}