{"host":"5gc11emcm5chfr5t","time":1608493440,"event":{"mods":["2.2 Compatiblity","AchievementEnabler","BaseMod","Bestiary","Better Note","Colored Map","Colored Powertips","Downfall","Googly Eyes","Minty Spire (QoL Compilation)","Rare Cards Sparkle","StSLib"],"gold_per_floor":[99,127,127,158,173,201,201,51,151,181,198,15,30,32,42,42,42],"floor_reached":16,"playtime":671,"items_purged":[],"score":363,"play_id":"fb914097-0217-4e30-b779-4993ea8e12f1","local_time":"20201220144400","is_ascension_mode":true,"campfire_choices":[{"floor":1,"key":"RECALL"},{"floor":8,"key":"REST"}],"circlet_count":0,"master_deck":["AscendersBane","sneckomod:Strike","sneckomod:Strike","sneckomod:Strike","sneckomod:Defend","sneckomod:Defend","sneckomod:Defend","sneckomod:TailWhip","sneckomod:SnekBite","sneckomod:Unknown","sneckomod:Unknown","sneckomod:UnknownClassBLUE","sneckomod:SlitherStrike","sneckomod:SnakeSap","sneckomod:PureSnecko","sneckomod:IronFang+1","sneckomod:QuickBite+1","sneckomod:DangerNoodle+1","sneckomod:SnekBeam+1","sneckomod:UnknownBlock","sneckomod:Bewildered","hexamod:SecondSeal","Injury","sneckomod:IronFang+1","sneckomod:TrashToTreasure","sneckomod:GlitteringGambit","sneckomod:SoulDraw","sneckomod:UnknownClassGUARDIAN","sneckomod:UnknownEthereal"],"relics":["sneckomod:SneckoSoul","downfall:HeartsMalice","Darkstone Periapt","PreservedInsect","Molten Egg 2","downfall:HeartBlessingBlue","downfall:HeartBlessingRed","downfall:GremlinSack","Gambling Chip","Omamori"],"acts_visited":["Exordium"],"potions_floor_usage":[9,9,9,10,12],"damage_taken":[{"damage":0,"enemies":"3 Sentries","floor":2,"turns":1},{"damage":0,"enemies":"Jaw Worm","floor":3,"turns":1},{"damage":0,"enemies":"Gremlin Nob","floor":4,"turns":1},{"damage":0,"enemies":"Cultist","floor":5,"turns":2},{"damage":30,"enemies":"Lagavulin","floor":6,"turns":5},{"damage":13,"enemies":"Lagavulin","floor":9,"turns":3},{"damage":20,"enemies":"Gremlin Nob","floor":10,"turns":4},{"damage":6,"enemies":"2 Louse","floor":11,"turns":2},{"damage":0,"enemies":"downfall:FleeingMerchant","floor":12,"turns":4},{"damage":6,"enemies":"Gremlin Gang","floor":13,"turns":5},{"damage":10,"enemies":"downfall:FleeingMerchant","floor":14,"turns":4},{"damage":1,"enemies":"3 Louse","floor":15,"turns":4},{"damage":58,"enemies":"downfall:Defect","floor":16,"turns":5}],"seed_played":"-5828830764962413275","potions_obtained":[{"floor":4,"key":"SteroidPotion"},{"floor":6,"key":"Regen Potion"},{"floor":9,"key":"hexamod:EctoCoolerPotion"},{"floor":10,"key":"SteroidPotion"},{"floor":11,"key":"AttackPotion"}],"is_trial":false,"path_per_floor":["R","E","M","E","M","E","T","R","?","E","M","$","M","$","M","B"],"character_chosen":"THE_SNECKO","items_purchased":["Omamori"],"campfire_rested":1,"item_purchase_floors":[12],"current_hp_per_floor":[75,76,76,76,76,53,53,91,99,79,73,73,67,58,58,0,0],"gold":42,"neow_bonus":"THREE_ENEMY_KILL","is_daily":false,"chose_seed":false,"campfire_upgraded":0,"win_rate":0.0,"timestamp":1608493440,"path_taken":["R","E","M","E","M","E","T","R","?","E","M","$","?","$","M","BOSS"],"items_purchased_type":["Relic"],"build_version":"2020-12-13","purchased_purges":0,"victory":false,"max_hp_per_floor":[83,84,84,84,84,84,84,94,110,110,110,110,110,111,112,112,112],"card_choices":[{"not_picked":["sneckomod:UnknownBlock","sneckomod:RainOfDice"],"picked":"sneckomod:UnknownClassBLUE","floor":2},{"not_picked":["sneckomod:UnknownClassPURPLE","sneckomod:IronFang"],"picked":"sneckomod:SlitherStrike","floor":3},{"not_picked":["sneckomod:DiceBlock","sneckomod:WideSting"],"picked":"sneckomod:SnakeSap","floor":4},{"not_picked":["sneckomod:SlitherStrike","sneckomod:Unknown1Cost"],"picked":"sneckomod:PureSnecko","floor":5},{"not_picked":["sneckomod:Unknown0Cost","sneckomod:UnknownCommonAttack+1"],"picked":"sneckomod:IronFang+1","floor":6},{"not_picked":["sneckomod:UnknownVulnerable","sneckomod:PureSnecko"],"picked":"sneckomod:QuickBite+1","floor":9},{"not_picked":["sneckomod:Unknown1Cost","sneckomod:UnknownWeak"],"picked":"sneckomod:IronFang+1","floor":10},{"not_picked":["sneckomod:UnknownClassBLUE","sneckomod:WideSting+1"],"picked":"sneckomod:TrashToTreasure","floor":11},{"not_picked":["sneckomod:UnknownUncommonSkill","sneckomod:SoulRoll"],"picked":"sneckomod:GlitteringGambit","floor":12},{"not_picked":["sneckomod:UnknownWeak","sneckomod:UnknownStrike+1"],"picked":"sneckomod:SoulDraw","floor":13},{"not_picked":["sneckomod:MixItUp+1","sneckomod:RainOfDice+1"],"picked":"sneckomod:UnknownClassGUARDIAN","floor":14},{"not_picked":["sneckomod:PureSnecko","sneckomod:SoulDraw"],"picked":"sneckomod:UnknownEthereal","floor":15}],"player_experience":450447,"relics_obtained":[{"floor":2,"key":"Darkstone Periapt"},{"floor":4,"key":"PreservedInsect"},{"floor":6,"key":"Molten Egg 2"},{"floor":9,"key":"downfall:GremlinSack"},{"floor":10,"key":"Gambling Chip"}],"event_choices":[],"is_beta":false,"boss_relics":[],"items_purged_floors":[],"is_endless":false,"potions_floor_spawned":[4,6,9,10,11],"killed_by":"downfall:Defect","ascension_level":18}}