{"host":"esx1hwjnbftf3eqj","time":1608484894,"event":{"mods":["BaseMod","Colored Map","Minty Spire (QoL Compilation)","StSLib","The Jungle"],"gold_per_floor":[364,3,17,33,51,76,76,76,145,145,220,246,78,98,98,98,98],"floor_reached":16,"playtime":950,"items_purged":["Strike_R","Strike_R"],"score":138,"play_id":"fa846148-ba45-4941-8578-f9b8771106bc","local_time":"20201220092134","is_ascension_mode":true,"campfire_choices":[{"floor":7.0,"key":"REST"},{"data":"Seeing Red","floor":10.0,"key":"SMITH"},{"data":"Dual Wield","floor":15,"key":"SMITH"}],"circlet_count":0,"master_deck":["Strike_R","Strike_R","Strike_R","Defend_R","Defend_R","Defend_R","Defend_R","Bash","Metallicize","Iron Wave","Seeing Red+1","Iron Wave","Limit Break","Dual Wield+1"],"relics":["Burning Blood","Ice Cream","Ginger","White Beast Statue","Self Forming Clay","Matryoshka"],"acts_visited":["Exordium"],"potions_floor_usage":[16,16],"damage_taken":[{"damage":1.0,"enemies":"Cultist","floor":1.0,"turns":4.0},{"damage":1.0,"enemies":"2 Louse","floor":3.0,"turns":4.0},{"damage":0.0,"enemies":"Small Slimes","floor":4.0,"turns":5.0},{"damage":21.0,"enemies":"Exordium Thugs","floor":5.0,"turns":6.0},{"damage":52.0,"enemies":"Gremlin Nob","floor":6.0,"turns":6.0},{"damage":18,"enemies":"3 Sentries","floor":12,"turns":12},{"damage":5,"enemies":"3 Louse","floor":14,"turns":4},{"damage":22,"enemies":"Slime Boss","floor":16,"turns":3}],"seed_played":"-3605109158330556698","potions_obtained":[{"floor":3.0,"key":"Energy Potion"},{"floor":4.0,"key":"AttackPotion"},{"floor":12,"key":"Fire Potion"},{"floor":14,"key":"Explosive Potion"}],"is_trial":false,"path_per_floor":["M","$","M","M","M","E","R","T","T","R","?","E","$","M","R","B"],"character_chosen":"IRONCLAD","items_purchased":["Ice Cream","Dual Wield"],"campfire_rested":1,"item_purchase_floors":[2,13],"current_hp_per_floor":[61,61,66,72,57,11,35,35,35,35,27,15,15,16,16,0,0],"gold":98,"neow_bonus":"TWO_FIFTY_GOLD","is_daily":false,"chose_seed":false,"campfire_upgraded":2,"win_rate":0.0,"timestamp":1608484894,"path_taken":["M","$","M","M","M","E","R","?","T","R","?","E","$","?","R","BOSS"],"items_purchased_type":["Relic","Card"],"build_version":"2020-12-13","purchased_purges":2,"victory":false,"max_hp_per_floor":[80,80,80,80,80,80,80,80,80,80,80,80,80,80,80,80,80],"card_choices":[{"not_picked":["Twin Strike","Anger","Sword Boomerang"],"picked":"SKIP","floor":1.0},{"not_picked":["Burning Pact","Perfected Strike"],"picked":"Metallicize","floor":3.0},{"not_picked":["Rupture","Sever Soul"],"picked":"Iron Wave","floor":4.0},{"not_picked":["Body Slam","Evolve"],"picked":"Seeing Red","floor":5.0},{"not_picked":["Intimidate","Combust"],"picked":"Iron Wave","floor":6.0},{"not_picked":["Twin Strike","Clash"],"picked":"Limit Break","floor":12},{"not_picked":["Twin Strike","Whirlwind","Rage"],"picked":"SKIP","floor":14}],"player_experience":509867,"relics_obtained":[{"floor":6.0,"key":"Ginger"},{"floor":8.0,"key":"White Beast Statue"},{"floor":9.0,"key":"Self Forming Clay"},{"floor":12,"key":"Matryoshka"}],"event_choices":[{"damage_healed":0,"gold_gain":75,"player_choice":"Touch","damage_taken":8,"max_hp_gain":0,"max_hp_loss":0,"event_name":"FaceTrader","floor":11,"gold_loss":0}],"is_beta":false,"boss_relics":[],"items_purged_floors":[2,13],"is_endless":false,"potions_floor_spawned":[3,4,12,14],"killed_by":"Slime Boss","ascension_level":5}}