{"host":"cc187","time":1608429604,"event":{"mods":["AchievementEnabler","BaseMod","Bestiary","Colored Map","Colored Powertips","Highlight Path","Keyboard Shortcuts","Minty Spire (QoL Compilation)","Quick Restart","Rare Cards Sparkle","Relic Stats","StSLib","SuperFastMode","Synergy Search"],"gold_per_floor":[112,112,187,198,14,42,56,56,83,99,99,110,138,153,153,231,231,243,255,138,138,138],"floor_reached":21,"playtime":1121,"items_purged":["Strike_G"],"score":353,"play_id":"7361a0a5-6847-4aa5-853b-2dc1a01b1f13","local_time":"20201220020004","is_ascension_mode":true,"campfire_choices":[{"floor":8,"key":"REST"},{"floor":15,"key":"REST"}],"circlet_count":0,"master_deck":["AscendersBane","Strike_G","Strike_G","Defend_G","Defend_G","Defend_G","Defend_G","Defend_G","Survivor","Neutralize","Dagger Spray","Bouncing Flask","Blade Dance","Dodge and Roll","Die Die Die","Cloak And Dagger","Escape Plan","Dash","Leg Sweep","Bane","Blade Dance","Adrenaline","Deadly Poison","Blur"],"relics":["Ring of the Snake","Orrery","Lantern","Dream Catcher","Velvet Choker"],"acts_visited":["Exordium","TheCity"],"potions_floor_usage":[12,13,16],"damage_taken":[{"damage":4,"enemies":"Jaw Worm","floor":1,"turns":8},{"damage":0,"enemies":"2 Louse","floor":4,"turns":5},{"damage":37,"enemies":"3 Sentries","floor":6,"turns":12},{"damage":0,"enemies":"Cultist","floor":7,"turns":3},{"damage":1,"enemies":"Exordium Thugs","floor":10,"turns":3},{"damage":0,"enemies":"Lots of Slimes","floor":12,"turns":2},{"damage":21,"enemies":"Lagavulin","floor":13,"turns":8},{"damage":0,"enemies":"3 Louse","floor":14,"turns":1},{"damage":22,"enemies":"Hexaghost","floor":16,"turns":11},{"damage":33,"enemies":"Spheric Guardian","floor":18,"turns":7},{"damage":13,"enemies":"2 Thieves","floor":19,"turns":4},{"damage":18,"enemies":"Shelled Parasite and Fungi","floor":21,"turns":2}],"seed_played":"-1236272969859054448","potions_obtained":[{"floor":6,"key":"ColorlessPotion"},{"floor":10,"key":"Strength Potion"},{"floor":12,"key":"Explosive Potion"}],"is_trial":false,"path_per_floor":["M","?","?","M","$","E","M","R","T","M","?","M","E","M","R","B",null,"M","M","$","M"],"character_chosen":"THE_SILENT","items_purchased":["Blade Dance","Orrery","Blur"],"campfire_rested":2,"item_purchase_floors":[5,5,20],"current_hp_per_floor":[61,61,50,50,50,13,13,34,34,33,33,33,12,12,33,11,57,24,11,11,0,0],"gold":138,"neow_bonus":"TEN_PERCENT_HP_BONUS","is_daily":false,"chose_seed":false,"campfire_upgraded":0,"win_rate":0.0,"timestamp":1608429604,"path_taken":["M","?","?","M","$","E","M","R","T","M","?","M","E","?","R","BOSS","M","M","$","M"],"items_purchased_type":["Card","Relic","Card"],"build_version":"2020-12-18","purchased_purges":1,"victory":false,"max_hp_per_floor":[72,72,72,72,72,72,72,72,72,72,72,72,72,72,72,72,72,72,72,72,72,72],"relic_stats":{"Dream Catcher":1,"counters":[12,66],"obtain_stats":[{"Lantern":6,"Dream Catcher":13,"Orrery":5,"Velvet Choker":17,"Ring of the Snake":0},{"Lantern":3,"Dream Catcher":7,"Orrery":2,"Velvet Choker":9,"Ring of the Snake":0},{"Lantern":25,"Dream Catcher":41,"Orrery":13,"Velvet Choker":53,"Ring of the Snake":0}],"Ring of the Snake":[24]},"card_choices":[{"not_picked":["Prepared","Underhanded Strike"],"picked":"Dagger Spray","floor":1},{"not_picked":["PiercingWail","Sucker Punch"],"picked":"Bouncing Flask","floor":4},{"not_picked":["Slice","Acrobatics"],"picked":"Dodge and Roll","floor":5},{"not_picked":["Heel Hook","Poisoned Stab"],"picked":"Die Die Die","floor":5},{"not_picked":["Calculated Gamble","Glass Knife"],"picked":"Cloak And Dagger","floor":5},{"not_picked":["Flying Knee","Bane"],"picked":"Escape Plan","floor":5},{"not_picked":["Slice","Skewer","Riddle With Holes"],"picked":"SKIP","floor":6},{"not_picked":["Setup","Calculated Gamble","Deflect"],"picked":"SKIP","floor":7},{"not_picked":["Dodge and Roll","Backflip"],"picked":"Dash","floor":10},{"not_picked":["Quick Slash","Blade Dance"],"picked":"Leg Sweep","floor":12},{"not_picked":["Deflect","Endless Agony"],"picked":"Bane","floor":13},{"not_picked":["Outmaneuver","Slice","Poisoned Stab"],"picked":"SKIP","floor":14},{"not_picked":["Slice","Dodge and Roll"],"picked":"Blade Dance","floor":15},{"not_picked":["Unload","Glass Knife"],"picked":"Adrenaline","floor":16},{"not_picked":["Outmaneuver","All Out Attack"],"picked":"Deadly Poison","floor":18},{"not_picked":["Flying Knee","Eviscerate","Dagger Throw"],"picked":"SKIP","floor":19}],"player_experience":794309,"relics_obtained":[{"floor":6,"key":"Lantern"},{"floor":13,"key":"Dream Catcher"}],"event_choices":[{"cards_removed":["Strike_G"],"damage_healed":0,"gold_gain":0,"player_choice":"Forget","damage_taken":0,"max_hp_gain":0,"max_hp_loss":0,"event_name":"Living Wall","floor":2,"gold_loss":0},{"damage_healed":0,"gold_gain":75,"player_choice":"Gather Gold","damage_taken":11,"max_hp_gain":0,"max_hp_loss":0,"event_name":"World of Goop","floor":3,"gold_loss":0},{"cards_removed":["Strike_G"],"damage_healed":0,"gold_gain":0,"player_choice":"Purged","damage_taken":0,"max_hp_gain":0,"max_hp_loss":0,"event_name":"Purifier","floor":11,"gold_loss":0}],"is_beta":true,"boss_relics":[{"not_picked":["Busted Crown","Ring of the Serpent"],"picked":"Velvet Choker"}],"items_purged_floors":[20],"is_endless":false,"potions_floor_spawned":[6,10,12],"killed_by":"Shelled Parasite and Fungi","ascension_level":17}}