{"host":"tvisvdzhdjky5zoz","time":1608489375,"event":{"mods":["Ascension Unlocker","BaseMod","Colored Powertips","Hero for Fun","HumanHunterMod(π÷ŒÔ…±»Àmod)","Minty Spire (QoL Compilation)","Quick Restart","StSLib","Uncapped"],"gold_per_floor":[11,24,24,41,59,59,77,110,135,135,161,86,100,100,100,186,186,197,140,154,54,76,120,120,162,171,171,185,228,55,74,74,160,160,176,196,41,59,69,103,103,119,154,176,176,215,215,234,234,234,259,259,259,43,86,86],"floor_reached":57,"playtime":1006,"items_purged":["Strike_Y","Defend_Y","Doubt","Doubt"],"score":3568,"play_id":"f62043b3-275d-438d-b0b2-b1ff215cdcc3","local_time":"20201221023615","is_ascension_mode":true,"campfire_choices":[{"floor":6,"key":"RECALL"},{"floor":10,"key":"REST"},{"data":"Wear_Disguise","floor":15,"key":"SMITH"},{"data":"Serious_Punch","floor":24,"key":"SMITH"},{"data":"Do_Nothing","floor":27,"key":"SMITH"},{"data":"Side_Hop","floor":32,"key":"SMITH"},{"data":"Madness","floor":41,"key":"SMITH"},{"data":"Madness","floor":45,"key":"SMITH"},{"data":"Hip_Strike","floor":49,"key":"SMITH"},{"data":"Normal_Punch","floor":53,"key":"SMITH"}],"circlet_count":0,"master_deck":["AscendersBane","Defend_Y","Wear_Disguise+1","Serious_Side_Hops+1","Serious_Punch+1","Do_Nothing+1","Slap","Toss_Stone","Normal_Punch+1","Hop+1","Side_Hop+1","Slap","Hip_Strike+1","Get_Hopes_Up","Madness+1","Madness+1","Hop","Serious_Side_Hops","Ignore+1","Consecutive_Normal_Punch","Oh"],"relics":["Cape","CeramicFish","Ancient Tea Set","Cursed Key","Oddly Smooth Stone","Bag of Marbles","Lizard Tail","Ornamental Fan","Empty Cage","Darkstone Periapt","Vajra","Bird Faced Urn","White Beast Statue"],"acts_visited":["Exordium","TheCity","TheBeyond","TheEnding"],"potions_floor_usage":[],"damage_taken":[{"damage":0,"enemies":"Jaw Worm","floor":1,"turns":1},{"damage":0,"enemies":"Small Slimes","floor":2,"turns":1},{"damage":0,"enemies":"Cultist","floor":4,"turns":1},{"damage":0,"enemies":"3 Louse","floor":5,"turns":2},{"damage":0,"enemies":"Looter","floor":7,"turns":1},{"damage":0,"enemies":"Gremlin Nob","floor":8,"turns":1},{"damage":0,"enemies":"3 Sentries","floor":11,"turns":2},{"damage":0,"enemies":"Exordium Wildlife","floor":13,"turns":1},{"damage":0,"enemies":"Hexaghost","floor":16,"turns":4},{"damage":0,"enemies":"3 Byrds","floor":18,"turns":2},{"damage":0,"enemies":"Chosen","floor":20,"turns":1},{"damage":0,"enemies":"Shelled Parasite and Fungi","floor":22,"turns":1},{"damage":0,"enemies":"Book of Stabbing","floor":23,"turns":1},{"damage":0,"enemies":"Gremlin Leader","floor":25,"turns":1},{"damage":0,"enemies":"Centurion and Healer","floor":28,"turns":1},{"damage":0,"enemies":"Slavers","floor":29,"turns":2},{"damage":0,"enemies":"Snake Plant","floor":31,"turns":1},{"damage":0,"enemies":"Collector","floor":33,"turns":3},{"damage":0,"enemies":"Orb Walker","floor":35,"turns":1},{"damage":0,"enemies":"3 Darklings","floor":36,"turns":1},{"damage":0,"enemies":"Maw","floor":39,"turns":1},{"damage":0,"enemies":"Giant Head","floor":40,"turns":1},{"damage":0,"enemies":"Spire Growth","floor":42,"turns":1},{"damage":0,"enemies":"Writhing Mass","floor":44,"turns":1},{"damage":0,"enemies":"Reptomancer","floor":46,"turns":1},{"damage":0,"enemies":"Sphere and 2 Shapes","floor":48,"turns":18},{"damage":0,"enemies":"Donu and Deca","floor":50,"turns":4},{"damage":0,"enemies":"Awakened One","floor":51,"turns":3},{"damage":0,"enemies":"Shield and Spear","floor":55,"turns":2},{"damage":0,"enemies":"The Heart","floor":56,"turns":20}],"seed_played":"-762104221336345621","potions_obtained":[{"floor":1,"key":"Strength Potion"},{"floor":2,"key":"SteroidPotion"}],"is_trial":false,"path_per_floor":["M","M","?","M","M","R","M","E","T","R","E","$","M","?","R","B",null,"M","?","M","$","M","E","R","E","T","R","M","E","$","M","R","B",null,"M","M","$","?","M","E","R","M","T","M","R","E","?","M","R","B","B",null,"R","$","E","B",null],"character_chosen":"OPM","items_purchased":["Slap","Get_Hopes_Up","Consecutive_Normal_Punch"],"campfire_rested":1,"item_purchase_floors":[30,37,54],"current_hp_per_floor":[896,896,896,896,896,896,896,896,896,995,995,995,995,995,995,995,995,995,995,995,995,995,995,995,995,995,995,995,995,995,995,995,995,995,995,995,995,995,995,995,995,995,1001,1001,1001,1001,1001,1001,1001,1001,1001,1001,1001,1001,1001,1001],"gold":86,"neow_bonus":"REMOVE_TWO","is_daily":false,"chose_seed":false,"campfire_upgraded":8,"win_rate":0.0,"timestamp":1608489375,"path_taken":["M","M","?","M","M","R","M","E","T","R","E","$","M","?","R","BOSS","M","?","M","$","M","E","R","E","T","R","M","E","$","M","R","BOSS","M","?","$","?","M","E","R","M","T","M","R","E","?","M","R","BOSS","BOSS","R","$","E","BOSS"],"items_purchased_type":["Card","Card","Card"],"build_version":"2020-12-13","purchased_purges":4,"victory":true,"max_hp_per_floor":[995,995,995,995,995,995,995,995,995,995,995,995,995,995,995,995,995,995,995,995,995,995,995,995,995,995,995,995,995,995,995,995,995,995,995,995,995,995,995,995,995,995,1001,1001,1001,1001,1001,1001,1001,1001,1001,1001,1001,1001,1001,1001],"card_choices":[{"not_picked":["Do_Nothing","Hop"],"picked":"Consecutive_Normal_Punch","floor":1},{"not_picked":["Slap","Ignore","Yawn"],"picked":"SKIP","floor":2},{"not_picked":["Slap","Ignore"],"picked":"Wear_Disguise","floor":4},{"not_picked":["Side_Hop","Slap","Toss_Stone"],"picked":"SKIP","floor":5},{"not_picked":["Ignore","Yawn"],"picked":"Serious_Side_Hops","floor":7},{"not_picked":["Consecutive_Normal_Punch","Oh","Side_Hop"],"picked":"SKIP","floor":8},{"not_picked":["Hop","Do_Nothing","Wear_Disguise"],"picked":"SKIP","floor":11},{"not_picked":["Slap","Do_Nothing","Yawn"],"picked":"SKIP","floor":13},{"not_picked":["Get_Hopes_Up","Terrifying_Presence"],"picked":"Serious_Punch","floor":16},{"not_picked":["Side_Hop","Slap","Hop"],"picked":"SKIP","floor":18},{"not_picked":["Hop","Slap","Toss_Stone"],"picked":"SKIP","floor":20},{"not_picked":["Slap","Wear_Disguise"],"picked":"Toss_Stone","floor":22},{"not_picked":["Consecutive_Normal_Punch","Slap"],"picked":"Normal_Punch","floor":23},{"not_picked":["Slap","Consecutive_Normal_Punch"],"picked":"Hop+1","floor":25},{"not_picked":["Consecutive_Normal_Punch","Yawn","Toss_Stone"],"picked":"SKIP","floor":28},{"not_picked":["Slap","Toss_Stone"],"picked":"Side_Hop","floor":29},{"not_picked":["Normal_Punch","Side_Hop","Hop"],"picked":"SKIP","floor":31},{"not_picked":["Serious_Side_Hops","Serious_Punch"],"picked":"Hip_Strike","floor":33},{"not_picked":["Ignore","Slap","Consecutive_Normal_Punch"],"picked":"SKIP","floor":35},{"not_picked":["Slap","Do_Nothing","Hop+1"],"picked":"SKIP","floor":36},{"not_picked":["Yawn+1","Toss_Stone","Hop"],"picked":"SKIP","floor":39},{"not_picked":["Do_Nothing","Yawn+1","Toss_Stone"],"picked":"SKIP","floor":40},{"not_picked":["Yawn+1","Slap","Hop"],"picked":"SKIP","floor":42},{"not_picked":["Do_Nothing","Slap"],"picked":"Hop","floor":44},{"not_picked":["Consecutive_Normal_Punch","Ignore"],"picked":"Serious_Side_Hops","floor":46},{"not_picked":["Hop","Normal_Punch"],"picked":"Ignore+1","floor":48},{"not_picked":["Normal_Punch","Consecutive_Normal_Punch"],"picked":"Oh","floor":55}],"player_experience":49132,"relics_obtained":[{"floor":8,"key":"CeramicFish"},{"floor":11,"key":"Ancient Tea Set"},{"floor":23,"key":"Oddly Smooth Stone"},{"floor":25,"key":"Bag of Marbles"},{"floor":26,"key":"Lizard Tail"},{"floor":29,"key":"Ornamental Fan"},{"floor":40,"key":"Darkstone Periapt"},{"floor":43,"key":"Vajra"},{"floor":46,"key":"Bird Faced Urn"},{"floor":55,"key":"White Beast Statue"}],"event_choices":[{"cards_removed":["Strike_Y"],"damage_healed":0,"gold_gain":0,"player_choice":"Forget","damage_taken":0,"max_hp_gain":0,"max_hp_loss":0,"event_name":"Living Wall","floor":3,"gold_loss":0},{"damage_healed":0,"gold_gain":0,"player_choice":"Entered Light","damage_taken":299,"max_hp_gain":0,"max_hp_loss":0,"event_name":"Shining Light","floor":14,"gold_loss":0,"cards_upgraded":["Consecutive_Normal_Punch","Serious_Side_Hops"]},{"damage_healed":0,"gold_gain":0,"cards_transformed":["Strike_Y","Defend_Y"],"player_choice":"Transformed Cards","damage_taken":0,"max_hp_gain":0,"max_hp_loss":0,"event_name":"Designer","floor":19,"gold_loss":75,"cards_obtained":["Do_Nothing","Slap"]},{"damage_healed":0,"gold_gain":0,"player_choice":"Embrace Madness","damage_taken":179,"max_hp_gain":0,"max_hp_loss":0,"event_name":"Winding Halls","floor":38,"gold_loss":0,"cards_obtained":["Madness","Madness"]},{"cards_removed":["Consecutive_Normal_Punch"],"damage_healed":0,"gold_gain":0,"player_choice":"Removed Attack","damage_taken":0,"max_hp_gain":0,"max_hp_loss":0,"event_name":"Falling","floor":47,"gold_loss":0}],"is_beta":false,"boss_relics":[{"not_picked":["Tiny House","Calling Bell"],"picked":"Cursed Key"},{"not_picked":["Fusion Hammer","SacredBark"],"picked":"Empty Cage"}],"items_purged_floors":[12,21,30,54],"is_endless":false,"potions_floor_spawned":[1,2,5,8,18,22,28,33,40,44],"ascension_level":20}}