{"host":"y9jgkjnf95sujozk","time":1608470593,"event":{"mods":["2.2 Compatiblity","AchievementEnabler","BaseMod","Block Reminder","Colored Map","Colored Powertips","Downfall","Friendly Minions","GifTheSpireLib","Hermit","Highlight Path","MarisaÅiñ∂âJÅ@ñÇóùçπÅj","Minty Spire (QoL Compilation)","Random Character Button","Rare Cards Sparkle","Replay The Spire","StSLib","SuperFastMode","The Animator","The Bug Knight","The Cursed","The Servant 0.9.4"],"gold_per_floor":[117,136,146,162,175,175,175,175,198,242,267,356,398,93,93,194,194,208,278,29,49,49,49,84,84,84,84,84,98,114,45,45,45,45],"floor_reached":33,"playtime":943,"items_purged":[],"score":292,"play_id":"7d407177-ec13-408f-837f-f6fa898a00d2","local_time":"20201220142313","is_ascension_mode":true,"campfire_choices":[{"floor":6,"key":"REST"},{"data":"Replay:Bag of Tricks","floor":8,"key":"SMITH"},{"data":"Chrysalis","floor":15,"key":"SMITH"},{"floor":23,"key":"REST"},{"floor":25,"key":"REST"},{"floor":28,"key":"REST"},{"floor":32,"key":"REST"}],"circlet_count":0,"master_deck":["Strike_G","Strike_G","Strike_G","Strike_G","Strike_G","Defend_G","Defend_G","Defend_G","Defend_G","Defend_G","Survivor","Neutralize","Blade Dance","Leg Sweep+1","Choke","Dodge and Roll","Replay:Bag of Tricks+1","Hidden Blade","Cloak And Dagger","Chrysalis+1","Storm of Steel+1","Hidden Blade","Acrobatics+1","Swift Strike","ReplayTheSpireMod:Shiv Toss","RitualDagger","Prepared","hexamod:Haunted","Hidden Blade+1","Flying Knee","Infinite Blades"],"relics":["Ring of the Snake","Lantern","Bag of Marbles","MawBank","Nunchaku","Snake Skull","Lee\u0027s Waffle","expansioncontent:StudyCardRelic","Replay:Rubber Ducky","Guide Book","Singing Bowl","Shovel","Regal Pillow"],"acts_visited":["Exordium","TheCity"],"potions_floor_usage":[10,10,16,16,24,24,30],"damage_taken":[{"damage":1,"enemies":"Cultist","floor":1,"turns":5},{"damage":3,"enemies":"2 Louse","floor":2,"turns":2},{"damage":0,"enemies":"Jaw Worm","floor":3,"turns":4},{"damage":4,"enemies":"2 Fungi Beasts","floor":4,"turns":3},{"damage":7,"enemies":"Exordium Wildlife","floor":5,"turns":6},{"damage":7,"enemies":"Gremlin Nob","floor":10,"turns":3},{"damage":2,"enemies":"Lots of Slimes","floor":11,"turns":3},{"damage":43,"enemies":"Fading Forest","floor":16,"turns":11},{"damage":22,"enemies":"2 Thieves","floor":18,"turns":4},{"damage":4,"enemies":"Shell Parasite","floor":21,"turns":3},{"damage":22,"enemies":"Slavers","floor":24,"turns":6},{"damage":13,"enemies":"Snecko","floor":29,"turns":3},{"damage":51,"enemies":"3 Cultists","floor":30,"turns":7},{"damage":51,"enemies":"Champ","floor":33,"turns":11}],"seed_played":"6750647841876581605","potions_obtained":[{"floor":2,"key":"Elixir"},{"floor":3,"key":"Explosive Potion"},{"floor":5,"key":"Fire Potion"},{"floor":10,"key":"Strength Potion"},{"floor":11,"key":"Dexterity Potion"},{"floor":19,"key":"LiquidMemories"},{"floor":19,"key":"Venom Potion"},{"floor":24,"key":"Dexterity Potion"}],"is_trial":false,"path_per_floor":["M","M","M","M","M","R","?","R","T","E","M","?","?","$","R","B",null,"M","?","$","M","?","R","E","R","T","?","R","M","M","$","R","B"],"character_chosen":"THE_SILENT","items_purchased":["Lee\u0027s Waffle","Chrysalis","Guide Book","Swift Strike","Infinite Blades"],"campfire_rested":5,"item_purchase_floors":[14,14,20,20,31],"current_hp_per_floor":[69,66,66,62,55,70,70,70,70,63,61,61,61,77,77,37,77,55,25,25,21,15,38,16,39,39,39,77,64,13,13,51,0,0],"gold":45,"neow_bonus":"RANDOM_COMMON_RELIC","is_daily":false,"chose_seed":false,"campfire_upgraded":2,"win_rate":0.0,"timestamp":1608470593,"path_taken":["M","?","M","M","M","R","?","R","T","E","?","?","?","$","R","BOSS","M","?","$","?","?","R","E","R","T","?","R","M","M","$","R","BOSS"],"items_purchased_type":["Relic","Card","Relic","Card","Card"],"build_version":"2020-12-13","purchased_purges":0,"victory":false,"max_hp_per_floor":[70,70,70,70,70,70,70,70,70,70,70,70,70,77,77,77,77,77,77,77,77,77,77,77,77,77,77,77,77,77,77,77,77,77],"card_choices":[{"not_picked":["Outmaneuver","Slice"],"picked":"Blade Dance","floor":1},{"not_picked":["Catalyst","Outmaneuver"],"picked":"Leg Sweep","floor":2},{"not_picked":["PiercingWail","Dodge and Roll"],"picked":"Choke","floor":3},{"not_picked":["Prepared","Deflect"],"picked":"Dodge and Roll","floor":4},{"not_picked":["Prepared","Sneak Up"],"picked":"Replay:Bag of Tricks","floor":5},{"not_picked":["Dagger Throw","Skewer"],"picked":"Hidden Blade","floor":10},{"not_picked":["Dodge and Roll","Deflect"],"picked":"Cloak And Dagger","floor":11},{"not_picked":["Replay:Bag of Tricks","Atom Bomb"],"picked":"Storm of Steel","floor":16},{"not_picked":["Catalyst","Accuracy"],"picked":"Hidden Blade","floor":18},{"not_picked":["Underhanded Strike","Poisoned Stab"],"picked":"Acrobatics+1","floor":19},{"not_picked":["Underhanded Strike","Deflect"],"picked":"ReplayTheSpireMod:Shiv Toss","floor":21},{"not_picked":["Replay:Poison Smokescreen","ReplayTheSpireMod:Necrosis"],"picked":"Prepared","floor":24},{"not_picked":["Prepared+1","Eviscerate"],"picked":"Hidden Blade+1","floor":29},{"not_picked":["Backflip","Well Laid Plans"],"picked":"Flying Knee","floor":30}],"player_experience":113730,"relics_obtained":[{"floor":9,"key":"MawBank"},{"floor":10,"key":"Nunchaku"},{"floor":19,"key":"Replay:Rubber Ducky"},{"floor":24,"key":"Singing Bowl"},{"floor":26,"key":"Shovel"}],"event_choices":[{"damage_healed":0,"gold_gain":0,"player_choice":"Gave Potion","damage_taken":0,"relics_obtained":["Bag of Marbles"],"max_hp_gain":0,"max_hp_loss":0,"event_name":"WeMeetAgain","floor":7,"gold_loss":0},{"damage_healed":0,"gold_gain":77,"player_choice":"Gained Gold","damage_taken":0,"max_hp_gain":0,"max_hp_loss":0,"event_name":"Golden Wing","floor":12,"gold_loss":0},{"damage_healed":0,"gold_gain":30,"player_choice":"Searched \u00273\u0027 times","damage_taken":0,"relics_obtained":["Snake Skull"],"max_hp_gain":0,"max_hp_loss":0,"event_name":"Dead Adventurer","floor":13,"gold_loss":0},{"damage_healed":0,"gold_gain":0,"player_choice":"Joined the Cult","damage_taken":6,"max_hp_gain":0,"max_hp_loss":0,"event_name":"Nest","floor":22,"gold_loss":0,"cards_obtained":["RitualDagger"]}],"is_beta":false,"boss_relics":[{"not_picked":["Ring of the Serpent","Honey Jar"],"picked":"expansioncontent:StudyCardRelic"}],"items_purged_floors":[],"is_endless":false,"potions_floor_spawned":[2,3,5,10,11,24],"killed_by":"Champ","ascension_level":2}}