{"host":"mal0jdk4f6ubgyb8","time":1608446454,"event":{"mods":["BaseMod","KinomotoSakuraMod(木之本樱)","Koishi","Luminous","Marisa（F雨　魔理沙）","Minty Spire (QoL Compilation)","Quick Restart","Reimu（博丽灵梦）","Relic Stats","Remilia（蕾米莉亚）","StSLib","WarShipGirlsR/战舰少女R mod","Youmu（魂魄妖梦）","Yuri Mod","Yuyuko","【东方二次创作】八云紫mod"],"gold_per_floor":[114,114,129,129,147,147,174,190,190,223,223,250,165,200,200,302,302,312,328,96,96,106,134,134,163,233,243,158,158,175,185,185,281,281,293,293,305,360,375,402,413,413,439,141,170,184,233,251,251,251,251,251,60,88,88],"floor_reached":56,"playtime":4561,"items_purged":["Chase The Sukhavati+1"],"score":1592,"play_id":"8886cfeb-687e-482e-a08a-4f3bfa8bbcf2","local_time":"20201220144054","is_ascension_mode":false,"campfire_choices":[{"data":"Mini Ghostdom","floor":6.0,"key":"SMITH"},{"data":"Open The Fan","floor":11.0,"key":"SMITH"},{"data":"Reunion after Death","floor":15.0,"key":"SMITH"},{"floor":24.0,"key":"RECALL"},{"data":"Steamed Phantom","floor":32.0,"key":"SMITH"},{"data":"The Way to Death","floor":42,"key":"SMITH"},{"floor":49,"key":"REST"},{"data":"Deathly Ground","floor":52,"key":"SMITH"}],"circlet_count":0,"master_deck":["Fantasy Butterflies","Fantasy Butterflies","Fantasy Butterflies","Fantasy Butterflies+1","Fantasy Butterflies","Dreamy Sakura","Dreamy Sakura+1","Dreamy Sakura+1","Dreamy Sakura","Dreamy Sakura","Deathly Ground+1","Faramita\u0027s Temptation","Suicide","Open The Fan+1","Reunion after Death+1","Mini Ghostdom+1","Steamed Phantom+1","Infinite Reviving+1","Flash of Steel+1","Ghost Spot+1","The Way to Death+1","Double Energy+1","yuri:ReactiveMadness+1","Luminous:Photic_Meditation_Luminous+1","Panache"],"relics":["Yuyuko\u0027s fan","Sozu","Gremlin Horn","Shuriken","Toxic Egg 2","Odd Mushroom","Pocketwatch","SlaversCollar","PrismaticShard","Omamori","Blue Candle","Oddly Smooth Stone","Whetstone","Black Star","CaptainsWheel","Obi","Ghost Lamp","Vajra","Bag of Marbles","Pen Nib","Blood Vial","Turnip","CatCart","Boot","Art of War"],"acts_visited":["Exordium","TheCity","TheBeyond","TheEnding"],"potions_floor_usage":[],"damage_taken":[{"damage":16.0,"enemies":"Small Slimes","floor":1.0,"turns":3.0},{"damage":12.0,"enemies":"2 Louse","floor":3.0,"turns":3.0},{"damage":20.0,"enemies":"Jaw Worm","floor":5.0,"turns":4.0},{"damage":35.0,"enemies":"3 Sentries","floor":7.0,"turns":9.0},{"damage":12.0,"enemies":"Lots of Slimes","floor":8.0,"turns":4.0},{"damage":8.0,"enemies":"Lagavulin","floor":10.0,"turns":8.0},{"damage":3.0,"enemies":"The Mushroom Lair","floor":12.0,"turns":3.0},{"damage":8.0,"enemies":"Gremlin Nob","floor":14.0,"turns":3.0},{"damage":4.0,"enemies":"Slime Boss","floor":16.0,"turns":4.0},{"damage":2.0,"enemies":"Spheric Guardian","floor":18.0,"turns":2.0},{"damage":4.0,"enemies":"3 Byrds","floor":19.0,"turns":4.0},{"damage":9.0,"enemies":"Shelled Parasite and Fungi","floor":22.0,"turns":2.0},{"damage":29.0,"enemies":"Slavers","floor":23.0,"turns":3.0},{"damage":13.0,"enemies":"Book of Stabbing","floor":25.0,"turns":3.0},{"damage":9.0,"enemies":"Centurion and Healer","floor":27.0,"turns":2.0},{"damage":9.0,"enemies":"3 Cultists","floor":30.0,"turns":3.0},{"damage":18.0,"enemies":"Snake Plant","floor":31.0,"turns":3.0},{"damage":12.0,"enemies":"Collector","floor":33.0,"turns":3.0},{"damage":33.0,"enemies":"3 Shapes","floor":35.0,"turns":3.0},{"damage":12.0,"enemies":"Orb Walker","floor":37.0,"turns":3.0},{"damage":55.0,"enemies":"2 Orb Walkers","floor":38.0,"turns":4.0},{"damage":12.0,"enemies":"Jaw Worm Horde","floor":39.0,"turns":2.0},{"damage":18,"enemies":"Reptomancer","floor":40,"turns":2},{"damage":26,"enemies":"Sphere and 2 Shapes","floor":41,"turns":3},{"damage":10,"enemies":"Nemesis","floor":45,"turns":3},{"damage":15,"enemies":"Maw","floor":46,"turns":3},{"damage":6,"enemies":"Orin","floor":47,"turns":3},{"damage":14,"enemies":"Spire Growth","floor":48,"turns":2},{"damage":20,"enemies":"Time Eater","floor":50,"turns":5},{"damage":18,"enemies":"Shield and Spear","floor":54,"turns":3},{"damage":143,"enemies":"The Heart","floor":55,"turns":6}],"seed_played":"7019786832169885861","potions_obtained":[],"is_trial":false,"path_per_floor":["M","?","M","?","M","R","E","M","T","E","R","?","$","E","R","B",null,"M","M","$","?","M","E","R","E","T","M","?","T","M","M","R","B",null,"M","?","M","?","M","E","M","R","T","$","E","M","?","M","R","B",null,"R","$","E","B",null],"character_chosen":"YUYOKO","items_purchased":["Flash of Steel","PrismaticShard","Bag of Marbles","Pen Nib","Panache"],"campfire_rested":1,"item_purchase_floors":[13,20,44,44,53],"current_hp_per_floor":[37,29,31,31,27,27,30,12,12,32,32,37,37,18,18,36,40,19,30,30,30,38,37,37,37,37,38,38,38,37,37,37,37,40,36,36,33,34,36,36,32,32,32,32,35,34,35,36,38,30,38,38,38,35,24],"gold":88,"neow_bonus":"BOSS_RELIC","is_daily":false,"chose_seed":false,"campfire_upgraded":6,"win_rate":0.0,"timestamp":1608446454,"path_taken":["M","?","M","?","M","R","E","?","T","E","R","?","?","E","R","BOSS","M","?","$","?","M","E","R","E","T","?","?","?","?","M","R","BOSS","M","?","M","?","M","E","M","R","T","$","E","M","?","M","R","BOSS","R","$","E","BOSS"],"items_purchased_type":["Card","Relic","Relic","Relic","Card"],"build_version":"2020-12-13","purchased_purges":1,"victory":true,"max_hp_per_floor":[40,40,40,40,40,40,40,40,40,40,40,40,40,40,40,40,40,40,40,40,40,40,40,40,40,40,40,40,40,40,40,40,40,40,40,38,38,38,38,38,38,38,38,38,38,38,38,38,38,38,38,38,38,38,38],"relic_stats":{"Gremlin Horn":[29,29],"counters":[31,107],"Blue Candle":[0],"Pen Nib":[4],"Whetstone":["Fantasy Butterflies","Flash of Steel"],"Boot":[6],"Sozu":14,"Blood Vial":8,"Shuriken":[26],"Turnip":[5],"Black Star":3,"Art of War":[2],"obtain_stats":[{"Gremlin Horn":7,"Vajra":43,"Whetstone":29,"PrismaticShard":20,"Boot":54,"Sozu":0,"Blood Vial":45,"Coronal":0,"Obi":40,"Ghost Lamp":40,"Toxic Egg 2":10,"Blue Candle":25,"Oddly Smooth Stone":28,"Pen Nib":44,"Omamori":23,"Odd Mushroom":12,"SlaversCollar":17,"CaptainsWheel":38,"Yuyuko\u0027s fan":0,"Shuriken":9,"Turnip":45,"Black Star":34,"Bag of Marbles":44,"Art of War":54,"CatCart":47,"Pocketwatch":14},{"Gremlin Horn":4,"Vajra":24,"Whetstone":15,"PrismaticShard":11,"Boot":30,"Sozu":0,"Blood Vial":25,"Coronal":0,"Obi":23,"Ghost Lamp":23,"Toxic Egg 2":6,"Blue Candle":14,"Oddly Smooth Stone":15,"Pen Nib":24,"Omamori":13,"Odd Mushroom":7,"SlaversCollar":9,"CaptainsWheel":21,"Yuyuko\u0027s fan":0,"Shuriken":5,"Turnip":25,"Black Star":18,"Bag of Marbles":24,"Art of War":30,"CatCart":27,"Pocketwatch":8},{"Gremlin Horn":19,"Vajra":82,"Whetstone":56,"PrismaticShard":46,"Boot":101,"Sozu":0,"Blood Vial":85,"Coronal":0,"Obi":79,"Ghost Lamp":79,"Toxic Egg 2":30,"Blue Candle":54,"Oddly Smooth Stone":56,"Pen Nib":82,"Omamori":51,"Odd Mushroom":33,"SlaversCollar":40,"CaptainsWheel":75,"Yuyuko\u0027s fan":0,"Shuriken":23,"Turnip":85,"Black Star":65,"Bag of Marbles":82,"Art of War":101,"CatCart":91,"Pocketwatch":36}],"Pocketwatch":[5]},"card_choices":[{"not_picked":["End of Faramita","Elegance"],"picked":"Suicide","floor":1.0},{"not_picked":["Bloom","Elegance"],"picked":"Open The Fan","floor":3.0},{"not_picked":[],"picked":"Reunion after Death","floor":4.0},{"not_picked":["The Forgotten Winter","Wandering Soul"],"picked":"Mini Ghostdom","floor":5.0},{"not_picked":["Unpaved Way","Triple Snow","Sakura Ward"],"picked":"SKIP","floor":7.0},{"not_picked":["Dying Butterflies","End of Faramita"],"picked":"Steamed Phantom","floor":8.0},{"not_picked":["Open The Fan+1","Gauzy Sakura+1"],"picked":"Infinite Reviving+1","floor":10.0},{"not_picked":["Spear of Papilio","Open The Fan+1"],"picked":"Chase The Sukhavati+1","floor":12.0},{"not_picked":["Become Phantom","Unborn Light"],"picked":"Dancing Butterflies","floor":14.0},{"not_picked":["Explore Ghostdom+1","Ghost Lead"],"picked":"Ghost Spot+1","floor":16.0},{"not_picked":["Dancing Butterflies","Elegance+1","End of Faramita+1"],"picked":"SKIP","floor":18.0},{"not_picked":["End of Faramita+1","Childlike+1"],"picked":"The Way to Death","floor":19.0},{"not_picked":["EarthLightRay+1","EmptyFist"],"picked":"Double Energy+1","floor":22.0},{"not_picked":["Noxious Fumes","ShootingEcho+1","Mirror_WaveAndshot_purple+1"],"picked":"SKIP","floor":23.0},{"not_picked":["ClearTheMind+1","SuperPerseids+1"],"picked":"yuri:ReactiveMadness+1","floor":25.0},{"not_picked":["MysteriousBeam","ClowCardTheLight","MagicChant+1"],"picked":"SKIP","floor":27.0},{"not_picked":["FearNoEvil","Dreaming2:ReiMu","WonderfulDomain:ReiMu+1"],"picked":"SKIP","floor":30.0},{"not_picked":["Luminous:Dusk_Guard_Luminous","ClowCardTheDream+1","rmod:steelsupply+1"],"picked":"SKIP","floor":31.0},{"not_picked":["Conclude","Headbutt+1","yuri:HeavierStrike"],"picked":"SKIP","floor":35.0},{"not_picked":["Thunderclap","RapidSlash","Conquer:ReiMu+1"],"picked":"SKIP","floor":37.0},{"not_picked":["Slice","AsteroidBelt+1","SanzenSekai"],"picked":"SKIP","floor":39.0},{"not_picked":["Mini Ghostdom+1","Gash+1","ClowCardTheCreate"],"picked":"SKIP","floor":40},{"not_picked":["Clash+1","DimensionStaggered_purple+1","Acrobatics+1"],"picked":"SKIP","floor":41},{"not_picked":["SashWhip","LowerRealmReflectionSlash+1","Twin Strike+1"],"picked":"SKIP","floor":45},{"not_picked":["Koishi:StingingMind","EmergencyRegeneration+1","yuri:TPose+1"],"picked":"SKIP","floor":46},{"not_picked":["Dark Shackles+1","WreathOfFlame+1"],"picked":"Luminous:Photic_Meditation_Luminous+1","floor":48},{"not_picked":["Secret Technique+1","Combust+1","ThreeKonsSevenHakus+1"],"picked":"SKIP","floor":54}],"player_experience":250824,"relics_obtained":[{"floor":7.0,"key":"Gremlin Horn"},{"floor":9.0,"key":"Shuriken"},{"floor":10.0,"key":"Toxic Egg 2"},{"floor":12.0,"key":"Odd Mushroom"},{"floor":14.0,"key":"Pocketwatch"},{"floor":23.0,"key":"Omamori"},{"floor":25.0,"key":"Blue Candle"},{"floor":29.0,"key":"Whetstone"},{"floor":38.0,"key":"CaptainsWheel"},{"floor":40,"key":"Obi"},{"floor":40,"key":"Ghost Lamp"},{"floor":43,"key":"Vajra"},{"floor":45,"key":"Blood Vial"},{"floor":45,"key":"Turnip"},{"floor":47,"key":"CatCart"},{"floor":54,"key":"Boot"},{"floor":54,"key":"Art of War"}],"event_choices":[{"damage_healed":0.0,"max_hp_gain":0.0,"max_hp_loss":0.0,"gold_gain":0.0,"event_name":"Shining Light","player_choice":"Entered Light","floor":2.0,"gold_loss":0.0,"damage_taken":8.0,"cards_upgraded":["Dreamy Sakura","Dreamy Sakura"]},{"damage_healed":0.0,"max_hp_gain":0.0,"max_hp_loss":0.0,"gold_gain":0.0,"event_name":"Mushrooms","player_choice":"Fought Mushrooms","floor":12.0,"gold_loss":0.0,"damage_taken":0.0},{"cards_removed":["Dancing Butterflies"],"damage_healed":0.0,"max_hp_gain":0.0,"max_hp_loss":0.0,"gold_gain":0.0,"event_name":"Purifier","player_choice":"Purged","floor":21.0,"gold_loss":0.0,"damage_taken":0.0},{"damage_healed":0.0,"max_hp_gain":0.0,"max_hp_loss":0.0,"gold_gain":0.0,"event_name":"Addict","player_choice":"Obtained Relic","floor":28.0,"gold_loss":85.0,"damage_taken":0.0,"relics_obtained":["Oddly Smooth Stone"]},{"damage_healed":0.0,"max_hp_gain":0.0,"max_hp_loss":2.0,"gold_gain":0.0,"event_name":"Winding Halls","player_choice":"Max HP","floor":36.0,"gold_loss":0.0,"damage_taken":0.0},{"damage_healed":0.0,"max_hp_gain":0.0,"max_hp_loss":0.0,"gold_gain":0.0,"event_name":"Mysterious Sphere","player_choice":"Fight","floor":38.0,"gold_loss":0.0,"damage_taken":0.0},{"damage_healed":0,"gold_gain":0,"player_choice":"Fight","damage_taken":0,"max_hp_gain":0,"max_hp_loss":0,"event_name":"OrinTheCat","floor":47,"gold_loss":0}],"is_beta":false,"boss_relics":[{"not_picked":["Velvet Choker","Busted Crown"],"picked":"SlaversCollar"},{"not_picked":["Tiny House","Cursed Key"],"picked":"Black Star"}],"items_purged_floors":[20],"is_endless":false,"potions_floor_spawned":[8,10,12,14,18,23,25,33,38,41,45,47,48,54],"ascension_level":0}}