{"host":"a8e22eeig7taq50e","time":1608462296,"event":{"mods":["2.2 Compatiblity","Act Like it!","Ascension Reborn","BaseMod","BetterRewards","Colored Powertips","Custom Start","Minty Spire (QoL Compilation)","Permanent Neow","Replay The Spire","StSLib","SuperFastMode","The Animator"],"gold_per_floor":[123,123,133,143,143,143,177,177,177,177,189,221,241,264,264,264,264],"floor_reached":16,"playtime":909,"items_purged":[],"score":118,"play_id":"01e94959-7e9a-41a0-a7d5-a300cd020814","local_time":"20201220200456","is_ascension_mode":true,"campfire_choices":[{"data":"animator:Aqua","floor":6,"key":"SMITH"},{"floor":8,"key":"RECALL"},{"floor":15,"key":"REST"}],"circlet_count":0,"master_deck":["animator:Strike_MadokaMagica","animator:Defend_MadokaMagica","animator:Strike","animator:Strike+1","animator:Defend+1","animator:Defend","animator:Defend","animator:IrohaTamaki","animator:YuiTsuruno","animator:Aqua+1","animator:KyokoSakura","animator:Geryuganshoop","animator:Vesta","animator:IzunaHatsuse","animator:NagisaMomoe","animator:Sora","animator:Chris","animator:Berserker","animator:YuiTsuruno"],"relics":["animator:LivingPicture","animator:TheMissingPiece","animator:PurgingStone","Simple Rune","Singing Bowl","FaceOfCleric","Quantum Egg"],"acts_visited":["Exordium"],"potions_floor_usage":[11,12,16],"damage_taken":[{"damage":1.0,"enemies":"Jaw Worm","floor":1.0,"turns":4.0},{"damage":1.0,"enemies":"2 Louse","floor":3.0,"turns":3.0},{"damage":2.0,"enemies":"Small Slimes","floor":4.0,"turns":3.0},{"damage":6,"enemies":"Replay:BlueRogue","floor":7,"turns":8},{"damage":6,"enemies":"Gremlin Gang","floor":11,"turns":4},{"damage":45,"enemies":"Gremlin Nob","floor":12,"turns":6},{"damage":0,"enemies":"Looter","floor":13,"turns":4},{"damage":14,"enemies":"Exordium Wildlife","floor":14,"turns":5},{"damage":53,"enemies":"Fading Forest","floor":16,"turns":7}],"seed_played":"2515337268331797963","potions_obtained":[{"floor":4.0,"key":"Toxic Potion"},{"floor":11,"key":"animator:FalseLifePotion"},{"floor":14,"key":"Ancient Potion"}],"is_trial":false,"path_per_floor":["M","?","M","M","?","R","E","R","T","?","M","E","M","M","R","B"],"character_chosen":"THE_ANIMATOR","items_purchased":[],"campfire_rested":1,"item_purchase_floors":[],"current_hp_per_floor":[66,66,66,64,69,69,66,66,66,66,64,23,27,17,39,0,0],"gold":264,"neow_bonus":"THREE_CARDS","is_daily":false,"chose_seed":false,"campfire_upgraded":1,"win_rate":0.0,"timestamp":1608462296,"path_taken":["M","?","M","M","?","R","E","R","T","?","M","E","?","M","R","BOSS"],"items_purchased_type":[],"build_version":"2020-12-13","purchased_purges":0,"victory":false,"max_hp_per_floor":[66,66,66,66,71,71,72,72,72,72,73,74,75,76,76,76,76],"card_choices":[{"not_picked":["animator:Sebas","animator:Ain"],"picked":"animator:Aqua","floor":0.0},{"not_picked":["animator:Souei","animator:Elsword"],"picked":"animator:KyokoSakura","floor":1.0},{"not_picked":["animator:Aqua","animator:Assassin"],"picked":"animator:Vesta","floor":3.0},{"not_picked":["animator:SakuraMatou","animator:ElricAlphonse"],"picked":"animator:IzunaHatsuse","floor":4.0},{"not_picked":["animator:YuiTsuruno","animator:OrikoMikuni"],"picked":"animator:NagisaMomoe","floor":7},{"not_picked":["animator:Kazuma","animator:Laby"],"picked":"animator:Sora","floor":11},{"not_picked":["animator:ShinjiMatou","animator:Genos"],"picked":"animator:Chris","floor":12},{"not_picked":["animator:GazelDwargon","animator:Jibril"],"picked":"animator:Berserker","floor":13},{"not_picked":["animator:KyokoSakura","animator:NagisaMomoe"],"picked":"animator:YuiTsuruno","floor":14}],"player_experience":515191,"relics_obtained":[{"floor":7,"key":"Simple Rune"},{"floor":9,"key":"Singing Bowl"},{"floor":12,"key":"Quantum Egg"}],"event_choices":[{"damage_healed":0.0,"max_hp_gain":0.0,"max_hp_loss":0.0,"gold_gain":0.0,"cards_transformed":["animator:Strike"],"event_name":"Living Wall","player_choice":"Change","floor":2.0,"gold_loss":0.0,"damage_taken":0.0,"cards_obtained":["animator:Geryuganshoop"]},{"damage_healed":0,"gold_gain":0,"player_choice":"Donut","damage_taken":0,"max_hp_gain":5,"max_hp_loss":0,"event_name":"Big Fish","floor":5,"gold_loss":0},{"damage_healed":0,"gold_gain":0,"player_choice":"Trade","damage_taken":0,"relics_obtained":["FaceOfCleric"],"max_hp_gain":0,"max_hp_loss":0,"event_name":"FaceTrader","floor":10,"gold_loss":0}],"is_beta":false,"boss_relics":[],"items_purged_floors":[],"is_endless":false,"potions_floor_spawned":[4,11,14],"killed_by":"Fading Forest","ascension_level":1}}