{"host":"zhypnm5xlgq8j242","time":1608426993,"event":{"mods":["AchievementEnabler","BaseMod","BetterRewards","Colored Powertips","Hermit","Keyboard Shortcuts","Minty Spire (QoL Compilation)","Quick Restart","Replay The Spire","Shop Mod","StSLib","The Cursed","The Hierophant","The Runesmith"],"gold_per_floor":[110,110,110,85,99,140,140,155,235,235,248,281,281,48,48,48,48],"floor_reached":16,"playtime":854,"items_purged":["Defend_R"],"score":173,"play_id":"f679715b-a71e-4f3a-bc2d-79114e225032","local_time":"20201220101633","is_ascension_mode":true,"campfire_choices":[{"data":"Dark Embrace","floor":7,"key":"SMITH"},{"data":"Berserk","floor":15,"key":"SMITH"}],"circlet_count":0,"master_deck":["Strike_R","Strike_R","Strike_R","Defend_R+1","Defend_R+1","Defend_R","Bash","Dark Embrace+1","Sword Boomerang+1","Injury","Perfected Strike","Burning Pact","Shrug It Off","Inflame","Replay:Undeath\u0027s Touch","Dropkick","Berserk+1"],"relics":["Burning Blood","NeowsBlessing","Golden Idol","Anchor","Matryoshka","Quantum Egg","ReplayTheSpireMod:Spearhead","War Paint"],"acts_visited":["Exordium"],"potions_floor_usage":[12,16],"damage_taken":[{"damage":0,"enemies":"2 Louse","floor":1,"turns":1},{"damage":0,"enemies":"Jaw Worm","floor":5,"turns":1},{"damage":0,"enemies":"Lagavulin","floor":6,"turns":1},{"damage":8,"enemies":"Small Slimes","floor":8,"turns":3},{"damage":8,"enemies":"Blue Slaver","floor":11,"turns":5},{"damage":20,"enemies":"3 Sentries","floor":12,"turns":8},{"damage":63,"enemies":"Slime Boss","floor":16,"turns":11}],"seed_played":"2747169344399480322","potions_obtained":[{"floor":1,"key":"ColorlessPotion"},{"floor":12,"key":"SpeedPotion"}],"is_trial":false,"path_per_floor":["M","?","?","$","M","E","R","M","T","T","M","E","?","$","R","B"],"character_chosen":"IRONCLAD","items_purchased":["Perfected Strike","Berserk"],"campfire_rested":0,"item_purchase_floors":[4,14],"current_hp_per_floor":[78,78,78,78,80,80,80,78,78,78,76,62,62,62,62,0,0],"gold":48,"neow_bonus":"THREE_ENEMY_KILL","is_daily":false,"chose_seed":false,"campfire_upgraded":2,"win_rate":0.0,"timestamp":1608426993,"path_taken":["M","?","?","?","M","E","R","M","T","?","M","E","?","$","R","BOSS"],"items_purchased_type":["Card","Card"],"build_version":"2020-12-13","purchased_purges":1,"victory":false,"max_hp_per_floor":[80,80,80,80,80,80,80,80,80,80,80,80,80,80,80,80,80],"card_choices":[{"not_picked":["Clash","Iron Wave"],"picked":"Dark Embrace","floor":1},{"not_picked":["Iron Wave","Reckless Charge"],"picked":"Burning Pact","floor":5},{"not_picked":["Sword Boomerang","Warcry","Thunderclap"],"picked":"SKIP","floor":6},{"not_picked":["Warcry","Heavy Blade"],"picked":"Shrug It Off","floor":8},{"not_picked":["Replay:Undeath\u0027s Touch","Combust"],"picked":"Inflame","floor":11},{"not_picked":["ReplayTheSpireMod:Corrosion Curse","True Grit"],"picked":"Replay:Undeath\u0027s Touch","floor":12}],"player_experience":572360,"relics_obtained":[{"floor":6,"key":"Anchor"},{"floor":9,"key":"Matryoshka"},{"floor":10,"key":"Quantum Egg"},{"floor":10,"key":"ReplayTheSpireMod:Spearhead"},{"floor":12,"key":"War Paint"}],"event_choices":[{"damage_healed":0,"gold_gain":0,"player_choice":"Take Wound","damage_taken":0,"relics_obtained":["Golden Idol"],"max_hp_gain":0,"max_hp_loss":0,"event_name":"Golden Idol","floor":3,"gold_loss":0,"cards_obtained":["Injury"]},{"damage_healed":0,"gold_gain":0,"cards_transformed":["Strike_R"],"player_choice":"Change","damage_taken":0,"max_hp_gain":0,"max_hp_loss":0,"event_name":"Living Wall","floor":13,"gold_loss":0,"cards_obtained":["Dropkick"]}],"is_beta":false,"boss_relics":[],"items_purged_floors":[14],"is_endless":false,"potions_floor_spawned":[1,12],"killed_by":"Slime Boss","ascension_level":6}}