{"host":"30jsp143e4v19aze","time":1608469362,"event":{"mods":["BaseMod","Colored Map","Colored Powertips","Curses Come First","DeckTracker","Highlight Path","Minty Spire (QoL Compilation)","Quick Restart","Relic Stats","StSLib"],"gold_per_floor":[11,11,11,24,43,43,69,69,69,16,42,61,61,86,86,158,158,172,172,172,192,192,192,192,207,232,232,9,22,22,42,42,116,116,131,158,58,72,92,92,104,104,104,104,129,155,167,92,92,92,92,92],"floor_reached":51,"playtime":7518,"items_purged":["Strike_R"],"score":1310,"play_id":"364debde-e584-4c1b-80ff-3cb6dfd403de","local_time":"20201220140242","is_ascension_mode":true,"campfire_choices":[{"data":"Uppercut","floor":6.0,"key":"SMITH"},{"data":"Dual Wield","floor":8.0,"key":"SMITH"},{"data":"True Grit","floor":13.0,"key":"SMITH"},{"data":"Feel No Pain","floor":15.0,"key":"SMITH"},{"data":"Seeing Red","floor":23.0,"key":"SMITH"},{"data":"J.A.X.","floor":27.0,"key":"SMITH"},{"data":"Entrench","floor":30.0,"key":"SMITH"},{"floor":32.0,"key":"RECALL"},{"data":"Evolve","floor":40.0,"key":"SMITH"},{"data":"Double Tap","floor":42.0,"key":"SMITH"},{"data":"Dark Shackles","floor":49,"key":"SMITH"}],"circlet_count":0,"master_deck":["AscendersBane","Strike_R","Strike_R","Strike_R","Strike_R","Defend_R","Defend_R","Defend_R","Defend_R","Bash","Fiend Fire+1","Uppercut+1","Feel No Pain+1","Dual Wield+1","True Grit+1","Rampage","Reaper","Shrug It Off","Seeing Red+1","J.A.X.+1","Shrug It Off","Entrench+1","Shrug It Off","Double Tap+1","Evolve+1","Dark Shackles+1","Sword Boomerang","Pummel+1","Shockwave+1","Reaper","Disarm+1"],"relics":["Burning Blood","Kunai","Meat on the Bone","PreservedInsect","Mercury Hourglass","Tiny Chest","Coffee Dripper","Dead Branch","Spirit Poop","Gambling Chip","Frozen Eye","Sozu","Omamori","Gremlin Horn","Strawberry","Bronze Scales"],"acts_visited":["Exordium","TheCity","TheBeyond"],"potions_floor_usage":[51],"damage_taken":[{"damage":1.0,"enemies":"Small Slimes","floor":1.0,"turns":4.0},{"damage":2.0,"enemies":"Jaw Worm","floor":4.0,"turns":3.0},{"damage":5.0,"enemies":"2 Louse","floor":5.0,"turns":2.0},{"damage":4.0,"enemies":"3 Sentries","floor":7.0,"turns":14.0},{"damage":27.0,"enemies":"Gremlin Nob","floor":11.0,"turns":4.0},{"damage":17.0,"enemies":"Exordium Thugs","floor":12.0,"turns":4.0},{"damage":10.0,"enemies":"Lagavulin","floor":14.0,"turns":3.0},{"damage":41.0,"enemies":"Hexaghost","floor":16.0,"turns":9.0},{"damage":31.0,"enemies":"Shell Parasite","floor":18.0,"turns":5.0},{"damage":37.0,"enemies":"3 Byrds","floor":21.0,"turns":8.0},{"damage":6.0,"enemies":"Sentry and Sphere","floor":25.0,"turns":4.0},{"damage":9.0,"enemies":"3 Cultists","floor":29.0,"turns":3.0},{"damage":8.0,"enemies":"Snecko","floor":31.0,"turns":3.0},{"damage":55.0,"enemies":"Automaton","floor":33.0,"turns":11.0},{"damage":3.0,"enemies":"3 Shapes","floor":35.0,"turns":5.0},{"damage":24.0,"enemies":"Orb Walker","floor":38.0,"turns":4.0},{"damage":70.0,"enemies":"Sphere and 2 Shapes","floor":39.0,"turns":11.0},{"damage":37.0,"enemies":"3 Darklings","floor":41.0,"turns":10.0},{"damage":64.0,"enemies":"Giant Head","floor":46.0,"turns":8.0},{"damage":33.0,"enemies":"Maw","floor":47.0,"turns":8.0},{"damage":39,"enemies":"Awakened One","floor":50,"turns":10},{"damage":122,"enemies":"Time Eater","floor":51,"turns":15}],"seed_played":"-8253150360426475103","potions_obtained":[{"floor":4.0,"key":"AttackPotion"},{"floor":5.0,"key":"ElixirPotion"},{"floor":11.0,"key":"LiquidBronze"},{"floor":18.0,"key":"Regen Potion"},{"floor":31.0,"key":"Strength Potion"},{"floor":33.0,"key":"SpeedPotion"}],"is_trial":false,"path_per_floor":["M","?","?","M","M","R","E","R","T","$","E","M","R","E","R","B",null,"M","?","?","M","T","R","?","M","T","R","$","M","R","M","R","B",null,"M","T","$","M","M","R","M","R","T","?","T","E","M","$","R","B","B"],"character_chosen":"IRONCLAD","items_purchased":["True Grit","Frozen Eye","SkillPotion","Dark Shackles"],"campfire_rested":0,"item_purchase_floors":[10,28,28,37],"current_hp_per_floor":[73,73,62,66,67,67,69,69,69,69,48,49,49,45,45,22,62,55,55,55,46,46,46,46,46,46,46,46,55,55,53,53,52,69,72,72,72,63,35,35,54,54,54,69,76,48,82,82,82,82,0,0],"gold":92,"neow_bonus":"THREE_RARE_CARDS","is_daily":false,"chose_seed":false,"campfire_upgraded":10,"win_rate":0.0,"timestamp":1608469362,"path_taken":["M","?","?","M","M","R","E","R","T","?","E","M","R","E","R","BOSS","M","?","?","?","?","R","?","M","T","R","?","M","R","?","R","BOSS","M","?","?","M","?","R","M","R","T","?","?","E","M","?","R","BOSS","BOSS"],"items_purchased_type":["Card","Relic","Potion","Card"],"build_version":"2020-12-13","purchased_purges":1,"victory":false,"max_hp_per_floor":[75,75,75,75,75,75,75,75,75,75,75,75,75,75,75,75,75,75,75,75,75,75,75,75,75,75,75,75,75,75,75,75,75,75,75,75,75,75,75,75,75,75,75,75,82,82,82,82,82,82,82,82],"relic_stats":{"Gremlin Horn":[3,3],"counters":[22,147],"Dead Branch":[192],"PreservedInsect":181,"Burning Blood":115,"Mercury Hourglass":[468],"Sozu":2,"Gambling Chip":[34],"Bronze Scales":[135],"Tiny Chest":3,"Kunai":[19],"obtain_stats":[{"Gremlin Horn":43,"Dead Branch":19,"Spirit Poop":20,"PreservedInsect":9,"Omamori":36,"Burning Blood":0,"Mercury Hourglass":11,"Sozu":34,"Frozen Eye":28,"Gambling Chip":22,"Strawberry":45,"Bronze Scales":46,"Tiny Chest":14,"Coffee Dripper":17,"Kunai":3,"Meat on the Bone":7},{"Gremlin Horn":18,"Dead Branch":9,"Spirit Poop":9,"PreservedInsect":4,"Omamori":15,"Burning Blood":0,"Mercury Hourglass":5,"Sozu":14,"Frozen Eye":11,"Gambling Chip":10,"Strawberry":18,"Bronze Scales":19,"Tiny Chest":7,"Coffee Dripper":8,"Kunai":1,"Meat on the Bone":4},{"Gremlin Horn":106,"Dead Branch":48,"Spirit Poop":48,"PreservedInsect":23,"Omamori":81,"Burning Blood":0,"Mercury Hourglass":27,"Sozu":76,"Frozen Eye":59,"Gambling Chip":55,"Strawberry":106,"Bronze Scales":114,"Tiny Chest":34,"Coffee Dripper":43,"Kunai":4,"Meat on the Bone":23}],"Meat on the Bone":108},"card_choices":[{"not_picked":["Offering","Demon Form"],"picked":"Fiend Fire","floor":0.0},{"not_picked":["Wild Strike","Second Wind"],"picked":"Uppercut","floor":1.0},{"not_picked":["Iron Wave","Body Slam","Cleave"],"picked":"SKIP","floor":4.0},{"not_picked":["Whirlwind","Perfected Strike"],"picked":"Feel No Pain","floor":5.0},{"not_picked":["Blood for Blood","Combust"],"picked":"Dual Wield","floor":7.0},{"not_picked":["Bloodletting","Sword Boomerang","Heavy Blade"],"picked":"SKIP","floor":11.0},{"not_picked":["Entrench","Sword Boomerang","Anger"],"picked":"SKIP","floor":12.0},{"not_picked":["Perfected Strike","Headbutt"],"picked":"Rampage","floor":14.0},{"not_picked":["Berserk","Impervious"],"picked":"Reaper","floor":16.0},{"not_picked":["Thunderclap","Perfected Strike"],"picked":"Shrug It Off","floor":18.0},{"not_picked":["Twin Strike","Anger+1"],"picked":"Seeing Red","floor":21.0},{"not_picked":["Sword Boomerang","Clothesline"],"picked":"Shrug It Off","floor":25.0},{"not_picked":["Clash","Ghostly Armor"],"picked":"Entrench","floor":29.0},{"not_picked":["Flex","Cleave"],"picked":"Shrug It Off","floor":31.0},{"not_picked":["Immolate","Demon Form"],"picked":"Double Tap","floor":33.0},{"not_picked":["Perfected Strike","Anger"],"picked":"Evolve","floor":35.0},{"not_picked":["Combust","Clash"],"picked":"Sword Boomerang","floor":38.0},{"not_picked":["Carnage","Body Slam"],"picked":"Pummel+1","floor":39.0},{"not_picked":["Burning Pact","Iron Wave+1"],"picked":"Shockwave+1","floor":41.0},{"not_picked":["Anger+1","Fire Breathing"],"picked":"Reaper","floor":46.0},{"not_picked":["Dark Embrace","Rage"],"picked":"Disarm+1","floor":47.0}],"player_experience":2962808,"relics_obtained":[{"floor":7.0,"key":"Meat on the Bone"},{"floor":9.0,"key":"PreservedInsect"},{"floor":11.0,"key":"Mercury Hourglass"},{"floor":14.0,"key":"Tiny Chest"},{"floor":22.0,"key":"Gambling Chip"},{"floor":36.0,"key":"Omamori"},{"floor":43.0,"key":"Gremlin Horn"},{"floor":45.0,"key":"Strawberry"},{"floor":46.0,"key":"Bronze Scales"}],"event_choices":[{"damage_healed":0.0,"max_hp_gain":0.0,"max_hp_loss":0.0,"gold_gain":0.0,"event_name":"Living Wall","player_choice":"Grow","floor":2.0,"gold_loss":0.0,"damage_taken":0.0,"cards_upgraded":["Fiend Fire"]},{"damage_healed":0.0,"max_hp_gain":0.0,"max_hp_loss":0.0,"gold_gain":0.0,"event_name":"Scrap Ooze","player_choice":"Success","floor":3.0,"gold_loss":0.0,"damage_taken":11.0,"relics_obtained":["Kunai"]},{"damage_healed":0.0,"max_hp_gain":0.0,"max_hp_loss":0.0,"gold_gain":0.0,"event_name":"The Mausoleum","player_choice":"Opened","floor":19.0,"gold_loss":0.0,"damage_taken":0.0,"relics_obtained":["Dead Branch"],"cards_obtained":["Writhe"]},{"cards_removed":["Writhe"],"damage_healed":0.0,"max_hp_gain":0.0,"max_hp_loss":0.0,"gold_gain":0.0,"event_name":"Bonfire Elementals","player_choice":"Offered Curse","floor":20.0,"gold_loss":0.0,"damage_taken":0.0,"relics_obtained":["Spirit Poop"]},{"damage_healed":0.0,"max_hp_gain":0.0,"max_hp_loss":0.0,"gold_gain":0.0,"event_name":"Drug Dealer","player_choice":"Obtain J.A.X.","floor":24.0,"gold_loss":0.0,"damage_taken":0.0,"cards_obtained":["J.A.X."]},{"damage_healed":15.0,"max_hp_gain":0.0,"max_hp_loss":0.0,"gold_gain":0.0,"event_name":"Winding Halls","player_choice":"Writhe","floor":44.0,"gold_loss":0.0,"damage_taken":0.0,"cards_obtained":["Writhe"]}],"is_beta":false,"boss_relics":[{"not_picked":["Velvet Choker","Tiny House"],"picked":"Coffee Dripper"},{"not_picked":["Philosopher\u0027s Stone","SacredBark"],"picked":"Sozu"}],"items_purged_floors":[48],"is_endless":false,"potions_floor_spawned":[4,5,11,14,18,31,33,41,47],"killed_by":"Time Eater","ascension_level":20}}