{"host":"exlsoi54q6pc3sri","time":1608489746,"event":{"mods":["2.2 Compatiblity","AchievementEnabler","Act Like it!","Aspiration","BaseMod","Better Altar","Better Match","Better Note","Better Sensory Stone","Better Skull","Better Third Choice","BetterRewards","CCEM","Colored Map","Colored Powertips","Conspire","Downfall","Friendly Minions","GifTheSpireLib","Halation","Highlight Path","Hubris","Infinite Spire","Jorbs\u0027s Wanderer Trilogy","Mimic Mod","Minty Spire (QoL Compilation)","Permanent Neow","Rare Cards Sparkle","Replay The Spire","Shop Mod","Spicy Shops","StSLib","Stuff the Spire","Unceasing Turn Reminder"],"gold_per_floor":[116,134,134,146,146,175,175,205,229,229,229],"floor_reached":10,"playtime":802,"items_purged":[],"score":76,"play_id":"7dbaf31c-10b0-48dc-a645-f90e320cc004","local_time":"20201220184226","is_ascension_mode":false,"campfire_choices":[{"data":"Thunderclap","floor":7,"key":"SMITH"}],"circlet_count":0,"master_deck":["Strike_R+1","Strike_R","Strike_R","Strike_R","Strike_R","Defend_R","Defend_R","Defend_R","Bash","hubris:CleavingFinish","Shrug It Off","Cleave","ReplayTheSpireMod:Strike From Hell","Thunderclap+1","Pommel Strike"],"relics":["Burning Blood","Anchor","infinitespire:Magic Flask","Toy Ornithopter"],"acts_visited":["Exordium"],"potions_floor_usage":[6,8,8],"damage_taken":[{"damage":8,"enemies":"Jaw Worm","floor":1,"turns":4},{"damage":1,"enemies":"Cultist","floor":2,"turns":4},{"damage":0,"enemies":"conspire:RoseBush","floor":4,"turns":4},{"damage":23,"enemies":"3 Sentries","floor":6,"turns":8},{"damage":21,"enemies":"Lagavulin","floor":8,"turns":5},{"damage":50,"enemies":"Gremlin Nob","floor":10,"turns":4}],"seed_played":"-4041133822133925737","potions_obtained":[{"floor":1,"key":"Weak Potion"},{"floor":2,"key":"Adrenaline Potion"},{"floor":6,"key":"Adrenaline Potion"}],"is_trial":false,"path_per_floor":["M","M","?","M","?","E","R","E","T","E"],"character_chosen":"IRONCLAD","items_purchased":[],"campfire_rested":0,"item_purchase_floors":[],"current_hp_per_floor":[78,80,80,80,80,63,63,48,48,0,0],"gold":229,"neow_bonus":"TRANSFORM_CARD","is_daily":false,"chose_seed":false,"campfire_upgraded":1,"win_rate":0.0,"timestamp":1608489746,"path_taken":["M","M","?","?","?","E","R","E","T","E"],"items_purchased_type":[],"build_version":"2020-12-13","purchased_purges":0,"victory":false,"max_hp_per_floor":[80,80,80,80,80,80,80,80,80,80,80],"card_choices":[{"not_picked":["Warcry","StuffTheSpire:BloodClot"],"picked":"Shrug It Off","floor":1},{"not_picked":["True Grit","conspire:ExplosiveBarrier"],"picked":"Cleave","floor":2},{"not_picked":["StuffTheSpire:RockThrow","Battle Trance"],"picked":"ReplayTheSpireMod:Strike From Hell","floor":4},{"not_picked":["Sever Soul","Infernal Blade"],"picked":"Thunderclap","floor":6},{"not_picked":["StuffTheSpire:Resist","ReplayTheSpireMod:Strike From Hell"],"picked":"Pommel Strike","floor":8}],"player_experience":90322,"relics_obtained":[{"floor":6,"key":"Anchor"},{"floor":8,"key":"infinitespire:Magic Flask"},{"floor":9,"key":"Toy Ornithopter"}],"event_choices":[{"damage_healed":0,"gold_gain":0,"player_choice":"Bought 0 Potions","damage_taken":0,"max_hp_gain":0,"max_hp_loss":0,"event_name":"The Woman in Blue","floor":3,"gold_loss":0}],"is_beta":false,"boss_relics":[],"items_purged_floors":[],"is_endless":false,"potions_floor_spawned":[1,2,6],"killed_by":"Gremlin Nob","ascension_level":0}}