{"host":"51dweoxrcspgw6ri","time":1608460254,"event":{"mods":["BaseMod","Colored Map","Colored Powertips","Minty Spire (QoL Compilation)","Rare Cards Sparkle","Relic Stats","StSLib","SuperFastMode","The Bug Knight"],"gold_per_floor":[114,125,141,152,4,4,39,52,52,66,98,116,116,127,127,225,225,237,200,213,14,14,14,27,58,58,58,9,38,48,58,58,153,203,217,217,237,28,28,61,61,90,115,115,128,147,147,162,162,162,162],"floor_reached":50,"playtime":5604,"items_purged":["HollowMod:ChannelNail"],"score":584,"play_id":"8f4beaee-c929-4041-9805-f689d6ca8d91","local_time":"20201220113054","is_ascension_mode":true,"campfire_choices":[{"data":"HollowMod:SiblingsSouls","floor":6.0,"key":"SMITH"},{"floor":13.0,"key":"REST"},{"floor":15.0,"key":"REST"},{"data":"HollowMod:PogoStrike","floor":23.0,"key":"SMITH"},{"data":"HollowMod:PerfectDash","floor":27.0,"key":"SMITH"},{"data":"HollowMod:FocusHealStart","floor":32.0,"key":"SMITH"},{"floor":41.0,"key":"REST"},{"floor":47.0,"key":"RECALL"},{"data":"HollowMod:Weaversong","floor":49.0,"key":"SMITH"}],"circlet_count":0,"master_deck":["HollowMod:NailStrikeStart","HollowMod:NailStrikeStart","HollowMod:NailStrikeStart","HollowMod:NailStrikeStart","HollowMod:QuickDashStart","HollowMod:QuickDashStart+1","HollowMod:QuickDashStart","HollowMod:QuickDashStart","HollowMod:FocusHealStart+1","HollowMod:PogoStrike+1","HollowMod:MothsMistake+1","HollowMod:GoodIntentions","HollowMod:SiblingsSouls+1","HollowMod:PerfectDash+1","HollowMod:ChannelNail+1","HollowMod:CloakDash+1","HollowMod:ChannelNail+1","HollowMod:SiblingsSouls+1","HollowMod:Hiveblood+1","HollowMod:SiblingsSouls+1","Discovery+1","HollowMod:MantisMark+1","HollowMod:Weaversong+1","HollowMod:GoodIntentions+1","HollowMod:NewLittleFool","HollowMod:GoodIntentions+1","HollowMod:MantisMark+1"],"relics":["HollowMod:VesselMask","Membership Card","Centennial Puzzle","Toxic Egg 2","Ornamental Fan","Runic Pyramid","Letter Opener","DollysMirror","Bottled Lightning","Akabeko","Unceasing Top","Tiny House","Calipers","HollowMod:MantisClawRelic","Bottled Flame"],"acts_visited":["Exordium","TheCity","TheBeyond"],"potions_floor_usage":[50,50],"damage_taken":[{"damage":2.0,"enemies":"Cultist","floor":1.0,"turns":3.0},{"damage":0.0,"enemies":"2 Louse","floor":2.0,"turns":2.0},{"damage":3.0,"enemies":"Jaw Worm","floor":3.0,"turns":4.0},{"damage":7.0,"enemies":"Looter","floor":4.0,"turns":3.0},{"damage":27.0,"enemies":"Gremlin Nob","floor":7.0,"turns":5.0},{"damage":4.0,"enemies":"Lots of Slimes","floor":8.0,"turns":6.0},{"damage":23.0,"enemies":"Exordium Thugs","floor":10.0,"turns":5.0},{"damage":41.0,"enemies":"3 Sentries","floor":11.0,"turns":9.0},{"damage":0.0,"enemies":"Red Slaver","floor":12.0,"turns":7.0},{"damage":2.0,"enemies":"Blue Slaver","floor":14.0,"turns":6.0},{"damage":36.0,"enemies":"HollowMod:FalseKnight","floor":16.0,"turns":11.0},{"damage":30.0,"enemies":"Spheric Guardian","floor":18.0,"turns":6.0},{"damage":22.0,"enemies":"HollowMod:HuskSentry","floor":20.0,"turns":8.0},{"damage":0.0,"enemies":"Centurion and Healer","floor":24.0,"turns":6.0},{"damage":81.0,"enemies":"Slavers","floor":25.0,"turns":6.0},{"damage":3.0,"enemies":"Gremlin Leader","floor":29.0,"turns":8.0},{"damage":121.0,"enemies":"Snecko","floor":30.0,"turns":13.0},{"damage":45.0,"enemies":"Shelled Parasite and Fungi","floor":31.0,"turns":9.0},{"damage":90.0,"enemies":"Champ","floor":33.0,"turns":13.0},{"damage":9.0,"enemies":"Orb Walker","floor":35.0,"turns":4.0},{"damage":10.0,"enemies":"3 Darklings","floor":37.0,"turns":5.0},{"damage":78.0,"enemies":"Giant Head","floor":40.0,"turns":9.0},{"damage":5.0,"enemies":"HollowMod:StalkingDevout","floor":42.0,"turns":11.0},{"damage":1.0,"enemies":"Transient","floor":45.0,"turns":5.0},{"damage":21.0,"enemies":"Maw","floor":46.0,"turns":8.0},{"damage":152.0,"enemies":"HollowMod:SlobberingHusk","floor":48.0,"turns":13.0},{"damage":213,"enemies":"Donu and Deca","floor":50,"turns":10}],"seed_played":"-8791807586728333239","potions_obtained":[{"floor":3.0,"key":"Weak Potion"},{"floor":4.0,"key":"EssenceOfSteel"},{"floor":7.0,"key":"ColorlessPotion"},{"floor":11.0,"key":"Block Potion"},{"floor":14.0,"key":"Ancient Potion"},{"floor":20.0,"key":"AttackPotion"},{"floor":31.0,"key":"Swift Potion"},{"floor":33.0,"key":"LiquidBronze"},{"floor":34.0,"key":"Dexterity Potion"},{"floor":37.0,"key":"Strength Potion"},{"floor":45.0,"key":"DistilledChaos"},{"floor":46.0,"key":"FearPotion"},{"floor":48.0,"key":"Energy Potion"}],"is_trial":false,"path_per_floor":["M","M","M","M","$","R","E","M","T","M","E","M","R","M","R","B",null,"M","$","M","$","?","R","M","E","T","R","$","E","M","M","R","B",null,"M","?","M","$","?","E","R","E","T","?","M","M","R","M","R","B"],"character_chosen":"THE_BUGKNIGHT","items_purchased":["Membership Card","Regen Potion","Letter Opener","DollysMirror","Discovery+1","Calipers","HollowMod:GoodIntentions+1"],"campfire_rested":3,"item_purchase_floors":[5,19,21,21,28,38,38],"current_hp_per_floor":[73,73,74,67,67,67,50,56,56,39,4,4,26,24,46,22,75,64,64,75,75,75,75,75,75,75,75,75,72,38,75,75,20,80,77,77,77,77,77,6,30,71,71,63,80,65,65,80,80,0,0],"gold":162,"neow_bonus":"THREE_CARDS","is_daily":false,"chose_seed":false,"campfire_upgraded":5,"win_rate":0.0,"timestamp":1608460254,"path_taken":["M","M","M","M","$","R","E","M","T","M","E","M","R","M","R","BOSS","M","$","M","$","?","R","?","E","T","R","$","E","M","M","R","BOSS","M","?","?","$","?","E","R","E","T","?","M","M","R","M","R","BOSS"],"items_purchased_type":["Relic","Potion","Relic","Relic","Card","Relic","Card"],"build_version":"2020-12-13","purchased_purges":1,"victory":false,"max_hp_per_floor":[75,75,75,75,75,75,75,75,75,75,75,75,75,75,75,75,75,75,75,75,75,75,75,75,75,75,75,75,75,75,75,75,75,80,80,80,80,80,80,80,80,80,80,80,80,80,80,80,80,80,80],"relic_stats":{"Centennial Puzzle":[58],"counters":[27,195],"Ornamental Fan":[180],"Letter Opener":[482],"obtain_stats":[{"Tiny House":34,"Calipers":38,"HollowMod:VesselMask":0,"Letter Opener":21,"Akabeko":26,"Centennial Puzzle":7,"Bottled Flame":42,"Ornamental Fan":11,"DollysMirror":21,"Membership Card":5,"Bottled Lightning":25,"Toxic Egg 2":9,"HollowMod:MantisClawRelic":40,"Unceasing Top":29,"Runic Pyramid":17},{"Tiny House":19,"Calipers":21,"HollowMod:VesselMask":0,"Letter Opener":13,"Akabeko":15,"Centennial Puzzle":5,"Bottled Flame":23,"Ornamental Fan":8,"DollysMirror":13,"Membership Card":4,"Bottled Lightning":15,"Toxic Egg 2":6,"HollowMod:MantisClawRelic":22,"Unceasing Top":16,"Runic Pyramid":11},{"Tiny House":130,"Calipers":139,"HollowMod:VesselMask":0,"Letter Opener":75,"Akabeko":87,"Centennial Puzzle":17,"Bottled Flame":159,"Ornamental Fan":37,"DollysMirror":75,"Membership Card":12,"Bottled Lightning":87,"Toxic Egg 2":23,"HollowMod:MantisClawRelic":148,"Unceasing Top":95,"Runic Pyramid":61}],"Unceasing Top":[6]},"card_choices":[{"not_picked":["HollowMod:InfectedCysts","HollowMod:GoodIntentions"],"picked":"HollowMod:MothsMistake","floor":0.0},{"not_picked":["HollowMod:SoulSplash","HollowMod:MawleksShell","HollowMod:WraithStrike"],"picked":"SKIP","floor":1.0},{"not_picked":["HollowMod:SoulStrike","HollowMod:VoidDash"],"picked":"HollowMod:GoodIntentions","floor":2.0},{"not_picked":["HollowMod:TaintedHusks","HollowMod:GoodIntentions"],"picked":"HollowMod:ChannelNail","floor":3.0},{"not_picked":["HollowMod:FastStrike","HollowMod:ShadowDash"],"picked":"HollowMod:SiblingsSouls","floor":4.0},{"not_picked":["HollowMod:InfectedAttack","HollowMod:DesolateDive"],"picked":"HollowMod:PerfectDash","floor":7.0},{"not_picked":["HollowMod:NewGlowingWomb","HollowMod:PureNailStrike","HollowMod:SoulSplash"],"picked":"SKIP","floor":8.0},{"not_picked":["HollowMod:SiblingsSouls+1","HollowMod:NewLittleFool"],"picked":"HollowMod:ChannelNail+1","floor":10.0},{"not_picked":["HollowMod:LifebloodCocoon+1","HollowMod:SharpenedShadows"],"picked":"HollowMod:CloakDash+1","floor":11.0},{"not_picked":["HollowMod:NewInfectedGuardian+1","HollowMod:BlackTendrils"],"picked":"HollowMod:ChannelNail+1","floor":12.0},{"not_picked":["HollowMod:VengefulSpirit","HollowMod:NewJinnsSoul+1"],"picked":"HollowMod:SiblingsSouls+1","floor":14.0},{"not_picked":["HollowMod:ZotesMagnificence","HollowMod:LordofShades"],"picked":"HollowMod:Hiveblood+1","floor":16.0},{"not_picked":["HollowMod:BlackTendrils+1","HollowMod:ShadowDash+1","HollowMod:NewJinnsSoul+1"],"picked":"SKIP","floor":18.0},{"not_picked":["HollowMod:CornifersMapStart+1","HollowMod:LifebloodCore+1","HollowMod:GrimmsGift+1"],"picked":"SKIP","floor":20.0},{"not_picked":["HollowMod:TaintedHusks+1","HollowMod:MawleksShell+1","HollowMod:SoulSplash+1"],"picked":"SKIP","floor":24.0},{"not_picked":["HollowMod:TaintedHusks+1","HollowMod:MawleksShell+1","HollowMod:SoulSplash+1"],"picked":"SKIP","floor":24.0},{"not_picked":["HollowMod:RecoilStrike","HollowMod:FallenFury","HollowMod:NewInfectedGuardian+1"],"picked":"SKIP","floor":25.0},{"not_picked":["HollowMod:ChannelNail+1","HollowMod:MawleksShell+1","HollowMod:DesolateDive"],"picked":"SKIP","floor":29.0},{"not_picked":["HollowMod:SoulShaman+1","HollowMod:GreatSlash+1"],"picked":"HollowMod:MantisMark+1","floor":30.0},{"not_picked":["HollowMod:GoodIntentions+1","HollowMod:DoubleDash+1","HollowMod:DashSlash"],"picked":"SKIP","floor":31.0},{"not_picked":["HollowMod:LifebloodCore+1","HollowMod:HornetsHelp"],"picked":"HollowMod:Weaversong","floor":33.0},{"not_picked":["HollowMod:LifebloodCocoon+1","HollowMod:ShadowDash+1"],"picked":"HollowMod:GoodIntentions+1","floor":34.0},{"not_picked":["HollowMod:WraithStrike+1","HollowMod:DashSlash+1","HollowMod:DoubleDash+1"],"picked":"SKIP","floor":35.0},{"not_picked":["HollowMod:CoiledNail+1","HollowMod:SoulStrike"],"picked":"HollowMod:NewLittleFool","floor":37.0},{"not_picked":["HollowMod:InfectedCysts","HollowMod:FastStrike+1","HollowMod:ShapeofUnn+1"],"picked":"SKIP","floor":40.0},{"not_picked":["HollowMod:BaldurShell+1","HollowMod:HornetsHelp","HollowMod:WraithStrike+1"],"picked":"SKIP","floor":42.0},{"not_picked":["HollowMod:SoulStrike+1","HollowMod:HeavyBlow+1","HollowMod:DescendingDark+1"],"picked":"SKIP","floor":45.0},{"not_picked":["HollowMod:SiblingsShadow+1","HollowMod:SharpenedShadows+1"],"picked":"HollowMod:MantisMark+1","floor":46.0},{"not_picked":["HollowMod:HowlingWraiths","HollowMod:PureNailStrike","HollowMod:VengefulVoid+1"],"picked":"SKIP","floor":48.0}],"player_experience":530401,"relics_obtained":[{"floor":7.0,"key":"Centennial Puzzle"},{"floor":9.0,"key":"Toxic Egg 2"},{"floor":11.0,"key":"Ornamental Fan"},{"floor":25.0,"key":"Bottled Lightning"},{"floor":26.0,"key":"Akabeko"},{"floor":29.0,"key":"Unceasing Top"},{"floor":40.0,"key":"HollowMod:MantisClawRelic"},{"floor":42.0,"key":"Bottled Flame"}],"event_choices":[{"damage_healed":0.0,"max_hp_gain":0.0,"max_hp_loss":0.0,"gold_gain":0.0,"event_name":"Upgrade Shrine","player_choice":"Upgraded","floor":22.0,"gold_loss":0.0,"damage_taken":0.0,"cards_upgraded":["HollowMod:MothsMistake"]},{"damage_healed":0.0,"max_hp_gain":0.0,"max_hp_loss":0.0,"gold_gain":0.0,"event_name":"SecretPortal","player_choice":"Ignored","floor":36.0,"gold_loss":0.0,"damage_taken":0.0},{"damage_healed":0.0,"max_hp_gain":0.0,"max_hp_loss":0.0,"gold_gain":0.0,"event_name":"Wheel of Change","player_choice":"Damaged","floor":44.0,"gold_loss":0.0,"damage_taken":8.0}],"is_beta":false,"boss_relics":[{"not_picked":["Ectoplasm","Runic Dome"],"picked":"Runic Pyramid"},{"not_picked":["Philosopher\u0027s Stone","Velvet Choker"],"picked":"Tiny House"}],"items_purged_floors":[38],"is_endless":false,"potions_floor_spawned":[3,4,7,11,14,20,31,33,37,45,46,48],"killed_by":"Donu and Deca","ascension_level":1}}