{"host":"pijh7er38uumsf33","time":1608468891,"event":{"mods":["AchievementEnabler","Act Like it!","BaseMod","Better Altar","Better Match","Better Sensory Stone","Better Skull","Better Third Choice","Clockwork Mod","Conspire","Data Control","Downfall","Infinite Spire","Minty Spire (QoL Compilation)","Quick Restart","Rare Cards Sparkle","Replay The Spire","StSLib","Uncapped"],"gold_per_floor":[117,132,142,14,30,65,65,91,91,105,105,117,146,158,158,261,261,273,285,296,296,296,296,316,327,327,338,372,401,428,49,49,154,154,164,178,178,178],"floor_reached":37,"playtime":3174,"items_purged":[],"score":485,"play_id":"f698e5a8-1560-4e9c-a0e2-0b05fd155738","local_time":"20201220135451","is_ascension_mode":false,"campfire_choices":[{"floor":7.0,"key":"RECALL"},{"data":"Clockwork:EnthusiasticStrike","floor":11.0,"key":"SMITH"},{"data":"Clockwork:Tinker","floor":15.0,"key":"SMITH"},{"data":"Clockwork:Improve","floor":23.0,"key":"SMITH"},{"floor":32,"key":"REST"},{"data":"expansioncontent:DefensiveStance","floor":32,"key":"SMITH"}],"circlet_count":0,"master_deck":["Clockwork:Strike+1","Clockwork:Strike","Clockwork:Strike+1","Clockwork:Strike","Clockwork:Shield+1","Clockwork:Shield+1","Clockwork:Shield+1","Clockwork:Shield+1","Clockwork:Tinker+1","Clockwork:WarmUp","Clockwork:ChargingBlade+1","Clockwork:Improve+1","Clockwork:EnthusiasticStrike+1","Clockwork:RevUp","Clockwork:Improve+1","Clockwork:LiteraryArmor","Clockwork:ChargingShield","Clockwork:UnlimitedCogworks","Clockwork:DefectiveParts","Clockwork:SystemHardening","Clockwork:ChargingBlade+1","Clockwork:ChargingBlade+1","Clockwork:CogShield","expansioncontent:DefensiveStance+1","Clockwork:PerfectForm","Clockwork:ForgeStrike+1"],"relics":["Clockwork:MomentumEngine","infinitespire:Broken Mirror","Thread and Needle","conspire:RunicOctahedron","Unceasing Top","Letter Opener","Smiling Mask","Red Mask","infinitespire:Magic Flask","Happy Flower","OrangePellets","conspire:SpecialSausage"],"acts_visited":["Exordium","TheCity","TheBeyond"],"potions_floor_usage":[33,33],"damage_taken":[{"damage":0.0,"enemies":"Cultist","floor":1.0,"turns":9.0},{"damage":6.0,"enemies":"conspire:RoseBush","floor":2.0,"turns":6.0},{"damage":5.0,"enemies":"Jaw Worm","floor":3.0,"turns":8.0},{"damage":25.0,"enemies":"Exordium Thugs","floor":5.0,"turns":7.0},{"damage":68.0,"enemies":"3 Sentries","floor":6.0,"turns":16.0},{"damage":13.0,"enemies":"Gremlin Nob","floor":8.0,"turns":5.0},{"damage":2.0,"enemies":"Blue Slaver","floor":10.0,"turns":7.0},{"damage":4.0,"enemies":"2 Fungi Beasts","floor":12.0,"turns":6.0},{"damage":22.0,"enemies":"Lagavulin","floor":13.0,"turns":8.0},{"damage":4.0,"enemies":"Exordium Wildlife","floor":14.0,"turns":6.0},{"damage":13.0,"enemies":"Fading Forest","floor":16.0,"turns":8.0},{"damage":17.0,"enemies":"Chosen","floor":18.0,"turns":8.0},{"damage":51.0,"enemies":"Shell Parasite","floor":19.0,"turns":10.0},{"damage":43.0,"enemies":"Snake Plant","floor":20.0,"turns":7.0},{"damage":0.0,"enemies":"conspire:HollyBat","floor":24.0,"turns":3.0},{"damage":1.0,"enemies":"Centurion and Healer","floor":25.0,"turns":5.0},{"damage":5.0,"enemies":"3 Cultists","floor":27.0,"turns":6.0},{"damage":6,"enemies":"conspire:SneckoGhost","floor":28,"turns":9},{"damage":6,"enemies":"Masked Bandits","floor":29,"turns":2},{"damage":0,"enemies":"conspire:Head Lice","floor":30,"turns":2},{"damage":23,"enemies":"Champ","floor":33,"turns":9},{"damage":57,"enemies":"3 Darklings","floor":35,"turns":8},{"damage":14,"enemies":"Orb Walker","floor":36,"turns":3},{"damage":32,"enemies":"4 Shapes","floor":37,"turns":3}],"seed_played":"8770578822600879267","potions_obtained":[{"floor":2.0,"key":"SkillPotion"},{"floor":3.0,"key":"Reflective Coating"},{"floor":8.0,"key":"Energy Potion"},{"floor":13.0,"key":"Explosive Potion"},{"floor":16.0,"key":"Regen Potion"},{"floor":19.0,"key":"Venom Potion"},{"floor":29,"key":"champ:CounterPotion"},{"floor":30,"key":"Reflective Coating"},{"floor":35,"key":"Explosive Potion"}],"is_trial":false,"path_per_floor":["M","M","M","$","M","E","R","E","T","M","R","M","E","M","R","B",null,"M","M","M","AVR","?","R","M","M","T","M","E","?","E","$","R","B",null,"M","M","M"],"character_chosen":"CLOCKWORK","items_purchased":["Clockwork:Improve","Clockwork:EnthusiasticStrike","Happy Flower","expansioncontent:DefensiveStance","OrangePellets"],"campfire_rested":1,"item_purchase_floors":[4,4,31,31,31],"current_hp_per_floor":[93,87,82,82,57,11,11,8,8,6,6,2,79,75,75,72,93,76,25,6,6,6,6,6,5,5,6,11,5,5,5,32,9,93,36,22,0,0],"gold":178,"neow_bonus":"TEN_PERCENT_HP_BONUS","is_daily":false,"chose_seed":false,"campfire_upgraded":4,"win_rate":0.0,"timestamp":1608468891,"path_taken":["M","M","M","?","M","E","R","E","T","M","R","?","E","M","R","BOSS","M","M","M","AVR","?","R","M","M","T","M","E","?","E","$","R","BOSS","M","M","M"],"items_purchased_type":["Card","Card","Relic","Card","Relic"],"build_version":"2020-12-13","purchased_purges":0,"victory":false,"max_hp_per_floor":[93,93,93,93,93,93,93,93,93,93,93,93,93,93,93,93,93,93,93,93,93,93,93,93,93,93,93,93,93,93,93,93,93,93,93,93,93,93],"card_choices":[{"not_picked":["Clockwork:AdaptiveShield","Clockwork:CraftCopperScales","Clockwork:QuantumStrike"],"picked":"SKIP","floor":1.0},{"not_picked":["Clockwork:SpurOn","Clockwork:ChargingShield"],"picked":"Clockwork:ChargingBlade","floor":2.0},{"not_picked":["Clockwork:CogToss","Clockwork:Scour"],"picked":"Clockwork:SmithsMallet","floor":3.0},{"not_picked":["Clockwork:AdaptiveCannon","Clockwork:SpurOn","Clockwork:Minimalism"],"picked":"SKIP","floor":5.0},{"not_picked":["Clockwork:CogToss","Clockwork:Pluck"],"picked":"Clockwork:RevUp","floor":6.0},{"not_picked":["Clockwork:SystemScan","Clockwork:KaliMa","Clockwork:AdaptiveShield"],"picked":"SKIP","floor":8.0},{"not_picked":["Clockwork:MechanicalBulk","Clockwork:Enhance"],"picked":"Clockwork:SmithsMallet","floor":10.0},{"not_picked":["Clockwork:PerfectedShield","Clockwork:TiltAWhirl"],"picked":"Clockwork:Improve","floor":12.0},{"not_picked":["Clockwork:SnapKeep","Clockwork:HoardingStrike"],"picked":"Clockwork:LiteraryArmor","floor":13.0},{"not_picked":["Clockwork:HeadStart","Clockwork:Redundancy"],"picked":"Clockwork:ChargingShield","floor":14.0},{"not_picked":["Clockwork:Inspiration","Clockwork:CraftMomentumEngine"],"picked":"Clockwork:UnlimitedCogworks","floor":16.0},{"not_picked":["Clockwork:SystemScan","Clockwork:Friction+1","Clockwork:Downsize"],"picked":"SKIP","floor":18.0},{"not_picked":["Clockwork:ForgeStrike","Clockwork:ChargingShield"],"picked":"Clockwork:SmithsMallet","floor":19.0},{"not_picked":["Clockwork:CogToss","Clockwork:SystemScan","Clockwork:CogBarrier"],"picked":"SKIP","floor":20.0},{"not_picked":["Clockwork:AdaptiveShield","Clockwork:PerfectedShield"],"picked":"Clockwork:DefectiveParts","floor":24.0},{"not_picked":["Clockwork:RitualDaggerMk0","Clockwork:TestingEnvironment"],"picked":"Clockwork:SystemHardening","floor":25.0},{"not_picked":["Clockwork:ForgeStrike+1","Clockwork:Scour"],"picked":"Clockwork:ChargingBlade","floor":27.0},{"not_picked":["Clockwork:TiltAWhirl","Clockwork:Pluck"],"picked":"Clockwork:ChargingBlade","floor":28},{"not_picked":["Clockwork:Redundancy","Clockwork:CogToss"],"picked":"Clockwork:CogShield","floor":29},{"not_picked":["Clockwork:Selectivity+1","Clockwork:AdaptiveShield"],"picked":"Clockwork:SmithsMallet","floor":30},{"not_picked":["Clockwork:DefectiveParts","Clockwork:UnlimitedCogworks"],"picked":"Clockwork:PerfectForm","floor":33},{"not_picked":["Clockwork:SnapKeep+1","Clockwork:Enhance+1","Clockwork:Redundancy"],"picked":"SKIP","floor":35},{"not_picked":["Clockwork:FalseStart","Clockwork:ChargingBlade+1"],"picked":"Clockwork:ForgeStrike+1","floor":36}],"player_experience":138203,"relics_obtained":[{"floor":6.0,"key":"infinitespire:Broken Mirror"},{"floor":13.0,"key":"Thread and Needle"},{"floor":26.0,"key":"Letter Opener"},{"floor":28,"key":"Smiling Mask"},{"floor":29,"key":"Red Mask"},{"floor":30,"key":"infinitespire:Magic Flask"}],"event_choices":[{"damage_healed":0,"gold_gain":0,"player_choice":"Fought Bandits","damage_taken":0,"max_hp_gain":0,"max_hp_loss":0,"event_name":"Masked Bandits","floor":29,"gold_loss":0}],"is_beta":false,"boss_relics":[{"not_picked":["Honey Jar","Pandora\u0027s Box"],"picked":"conspire:RunicOctahedron"},{"not_picked":["Snecko Eye","Replay:Grab Bag"],"picked":"conspire:SpecialSausage"}],"items_purged_floors":[],"is_endless":false,"potions_floor_spawned":[2,3,8,13,16,19,29,30,35],"killed_by":"4 Shapes","ascension_level":0}}