{"host":"xb2tau8pgi8aflss","time":1608456740,"event":{"mods":["AchievementEnabler","BaseMod","Hermit","Minty Spire (QoL Compilation)","StSLib","SuperFastMode"],"gold_per_floor":[110,30,47,47,47,47,81,94,94,120,120,130,149,99,99,202,202,220,220,235,252,262,262,262,262],"floor_reached":24,"playtime":538,"items_purged":[],"score":291,"play_id":"a64c1291-b5dd-49a9-a65d-8858509a459c","local_time":"20201220183220","is_ascension_mode":true,"campfire_choices":[{"data":"Sunder","floor":6,"key":"SMITH"},{"data":"Conserve Battery","floor":15,"key":"SMITH"},{"floor":23,"key":"REST"}],"circlet_count":0,"master_deck":["Strike_B","Strike_B","Strike_B","Strike_B","Defend_B","Defend_B","Defend_B","Defend_B","Zap","Dualcast","Sunder+1","Conserve Battery","Defragment","Conserve Battery+1","Rebound","Core Surge","Hyperbeam","FTL"],"relics":["Cracked Core","NeowsBlessing","Symbiotic Virus","Bottled Tornado","Vajra","WarpedTongs","Fusion Hammer","Smiling Mask"],"acts_visited":["Exordium","TheCity"],"potions_floor_usage":[4,10,10,21,21],"damage_taken":[{"damage":0,"enemies":"Small Slimes","floor":1,"turns":1},{"damage":0,"enemies":"Cultist","floor":3,"turns":1},{"damage":0,"enemies":"Lagavulin","floor":7,"turns":1},{"damage":2,"enemies":"Jaw Worm","floor":8,"turns":2},{"damage":17,"enemies":"3 Sentries","floor":10,"turns":9},{"damage":14,"enemies":"Gremlin Gang","floor":12,"turns":3},{"damage":14,"enemies":"Blue Slaver","floor":13,"turns":2},{"damage":9,"enemies":"The Guardian","floor":16,"turns":9},{"damage":0,"enemies":"Chosen","floor":18,"turns":4},{"damage":14,"enemies":"Spheric Guardian","floor":20,"turns":4},{"damage":39,"enemies":"Shelled Parasite and Fungi","floor":21,"turns":4},{"damage":8,"enemies":"Snecko","floor":22,"turns":3},{"damage":43,"enemies":"Gremlin Leader","floor":24,"turns":5}],"seed_played":"7611633548172626790","potions_obtained":[{"floor":4,"key":"Weak Potion"},{"floor":4,"key":"SkillPotion"},{"floor":4,"key":"Fruit Juice"},{"floor":7,"key":"Dexterity Potion"},{"floor":10,"key":"Weak Potion"},{"floor":16,"key":"CultistPotion"},{"floor":18,"key":"Regen Potion"}],"is_trial":false,"path_per_floor":["M","$","M","?","$","R","E","M","T","E","?","M","M","?","R","B",null,"M","?","M","M","M","R","E"],"character_chosen":"DEFECT","items_purchased":["Sunder"],"campfire_rested":1,"item_purchase_floors":[2],"current_hp_per_floor":[75,75,75,80,80,80,80,78,78,61,61,47,33,33,33,24,66,66,66,52,25,17,41,0,0],"gold":262,"neow_bonus":"THREE_ENEMY_KILL","is_daily":false,"chose_seed":false,"campfire_upgraded":2,"win_rate":0.0,"timestamp":1608456740,"path_taken":["M","$","M","?","$","R","E","?","T","E","?","M","?","?","R","BOSS","M","?","M","?","M","R","E"],"items_purchased_type":["Card"],"build_version":"2020-12-13","purchased_purges":0,"victory":false,"max_hp_per_floor":[75,75,75,80,80,80,80,80,80,80,80,80,80,80,80,80,80,80,80,80,80,80,80,80,80],"card_choices":[{"not_picked":["Ball Lightning","Go for the Eyes","Beam Cell"],"picked":"SKIP","floor":1},{"not_picked":["Rebound","Reinforced Body"],"picked":"Conserve Battery","floor":3},{"not_picked":["Redo","Gash"],"picked":"Defragment","floor":7},{"not_picked":["Coolheaded","Darkness"],"picked":"Conserve Battery","floor":8},{"not_picked":["Compile Driver","Lockon"],"picked":"Rebound","floor":10},{"not_picked":["Tempest","Leap","Gash"],"picked":"SKIP","floor":12},{"not_picked":["Defragment","Barrage"],"picked":"Core Surge","floor":13},{"not_picked":["Rainbow","Electrodynamics"],"picked":"Hyperbeam","floor":16},{"not_picked":["Gash","Barrage","Consume"],"picked":"SKIP","floor":18},{"not_picked":["Cold Snap+1","Streamline"],"picked":"FTL","floor":20},{"not_picked":["Scrape","Lockon","Glacier"],"picked":"SKIP","floor":21},{"not_picked":["Gash","Melter","Glacier"],"picked":"SKIP","floor":22}],"player_experience":751295,"relics_obtained":[{"floor":7,"key":"Symbiotic Virus"},{"floor":9,"key":"Bottled Tornado"},{"floor":10,"key":"Vajra"}],"event_choices":[{"damage_healed":0,"gold_gain":0,"player_choice":"Got Potions","damage_taken":0,"max_hp_gain":0,"max_hp_loss":0,"event_name":"Lab","floor":4,"gold_loss":0},{"damage_healed":0,"gold_gain":0,"player_choice":"Rummage","damage_taken":0,"relics_obtained":["WarpedTongs"],"max_hp_gain":0,"max_hp_loss":0,"event_name":"Accursed Blacksmith","floor":11,"gold_loss":0,"cards_obtained":["Pain"]},{"cards_removed":["Pain"],"damage_healed":0,"gold_gain":0,"player_choice":"Card Removal","damage_taken":0,"max_hp_gain":0,"max_hp_loss":0,"event_name":"The Cleric","floor":14,"gold_loss":50},{"damage_healed":0,"gold_gain":0,"player_choice":"Gave Potion","damage_taken":0,"relics_obtained":["Smiling Mask"],"max_hp_gain":0,"max_hp_loss":0,"event_name":"WeMeetAgain","floor":19,"gold_loss":0}],"is_beta":false,"boss_relics":[{"not_picked":["SlaversCollar","Inserter"],"picked":"Fusion Hammer"}],"items_purged_floors":[],"is_endless":false,"potions_floor_spawned":[7,8,10,16,18],"killed_by":"Gremlin Leader","ascension_level":5}}