{"host":"k7ydf81uzdnp7fmx","time":1608505167,"event":{"mods":["AchievementEnabler","BaseMod","Minty Spire (QoL Compilation)","StSLib","The Cursed"],"gold_per_floor":[112,112,287,287,287,314,314,342,342,353,353,129,141,158,158,258,258,269,194,207,220,240,255,283,302,327,2,16,34,50,75,75,180,180,193,543,560,576,587,587,186,186,186,203,25,25,42,66,66,66],"floor_reached":51,"playtime":3961,"items_purged":[],"score":903,"play_id":"58c1d9c2-54e5-4577-9fbd-19dd7ea036a3","local_time":"20201220195927","is_ascension_mode":false,"campfire_choices":[{"data":"TheCursedMod:CircleOfFocus","floor":7,"key":"SMITH"},{"data":"TheCursedMod:LuckyCharm","floor":11,"key":"SMITH"},{"floor":15,"key":"REST"},{"data":"TheCursedMod:SpitefulPlan","floor":32,"key":"SMITH"},{"data":"TheCursedMod:Hemoplague","floor":40,"key":"SMITH"},{"data":"TheCursedMod:LuckyCharm","floor":42,"key":"SMITH"},{"data":"Mayhem","floor":49,"key":"SMITH"}],"circlet_count":0,"master_deck":["TheCursedMod:CleanUpWorkshop","TheCursedMod:CursedSpellbook","TheCursedMod:CursedArmor+1","TheCursedMod:SpitefulPlan","TheCursedMod:LuckyCharm+1","TheCursedMod:ShockAndAwe","TheCursedMod:CircleOfBlood","TheCursedMod:CircleOfFocus+1","TheCursedMod:CircleOfAmplification","TheCursedMod:VoidForm+1","TheCursedMod:ParallelWorld+1","TheCursedMod:SpitefulPlan+1","TheCursedMod:LuckyCharm+1","TheCursedMod:DemonSword","TheCursedMod:AntiAging","TheCursedMod:Hemoplague+1","TheCursedMod:OutForBlood","TheCursedMod:SoulReap","Magnetism","Mayhem+1"],"relics":["TheCursedMod:OminousMark","Pen Nib","Akabeko","Smiling Mask","Sundial","War Paint","TheCursedMod:FourLeafCloverCharm","Blood Vial","Vajra","Medical Kit","Bronze Scales","Black Star","Old Coin","Strange Spoon","Molten Egg 2","Kunai","TheCursedMod:Tack"],"acts_visited":["Exordium","TheCity","TheBeyond"],"potions_floor_usage":[27,50],"damage_taken":[{"damage":6,"enemies":"Small Slimes","floor":1,"turns":7},{"damage":15,"enemies":"3 Sentries","floor":6,"turns":8},{"damage":0,"enemies":"Lagavulin","floor":8,"turns":2},{"damage":15,"enemies":"Jaw Worm","floor":10,"turns":3},{"damage":1,"enemies":"2 Louse","floor":13,"turns":4},{"damage":42,"enemies":"Exordium Wildlife","floor":14,"turns":4},{"damage":0,"enemies":"The Guardian","floor":16,"turns":4},{"damage":0,"enemies":"Spheric Guardian","floor":18,"turns":3},{"damage":0,"enemies":"Chosen","floor":20,"turns":3},{"damage":6,"enemies":"Shelled Parasite and Fungi","floor":21,"turns":5},{"damage":0,"enemies":"Snecko","floor":22,"turns":3},{"damage":0,"enemies":"Sentry and Sphere","floor":23,"turns":4},{"damage":0,"enemies":"Book of Stabbing","floor":24,"turns":2},{"damage":5,"enemies":"Cultist and Chosen","floor":25,"turns":11},{"damage":0,"enemies":"Snecko","floor":28,"turns":4},{"damage":0,"enemies":"Snake Plant","floor":29,"turns":4},{"damage":0,"enemies":"Centurion and Healer","floor":30,"turns":6},{"damage":13,"enemies":"Gremlin Leader","floor":31,"turns":4},{"damage":13,"enemies":"Collector","floor":33,"turns":13},{"damage":16,"enemies":"3 Darklings","floor":35,"turns":6},{"damage":18,"enemies":"Mind Bloom Boss Battle","floor":36,"turns":4},{"damage":23,"enemies":"Orb Walker","floor":37,"turns":3},{"damage":9,"enemies":"4 Shapes","floor":38,"turns":14},{"damage":0,"enemies":"Maw","floor":39,"turns":6},{"damage":0,"enemies":"Spire Growth","floor":44,"turns":8},{"damage":12,"enemies":"Sphere and 2 Shapes","floor":47,"turns":4},{"damage":24,"enemies":"Awakened One","floor":50,"turns":5}],"seed_played":"596946480120475099","potions_obtained":[{"floor":6,"key":"TheCursedMod:DregsPotion"},{"floor":10,"key":"BlessingOfTheForge"},{"floor":14,"key":"SkillPotion"},{"floor":28,"key":"SkillPotion"}],"is_trial":false,"path_per_floor":["M","?","?","?","?","E","R","E","T","M","R","$","M","M","R","B",null,"M","?","M","M","M","M","E","M","T","$","M","M","M","E","R","B",null,"M","?","M","M","M","R","$","R","T","M","$","?","M","T","R","B",null],"character_chosen":"THE_CURSED","items_purchased":["TheCursedMod:LuckyCharm","War Paint","TheCursedMod:Hemoplague","Medical Kit","Fruit Juice","Strange Spoon","Molten Egg 2","Magnetism"],"campfire_rested":1,"item_purchase_floors":[12,12,27,27,27,41,41,45],"current_hp_per_floor":[69,57,57,75,75,60,60,62,62,47,47,47,46,4,26,26,75,75,75,75,69,73,75,75,74,74,79,85,92,96,95,95,90,112,100,96,83,80,136,136,136,136,136,156,156,156,164,164,164,164],"gold":66,"neow_bonus":"ONE_RANDOM_RARE_CARD","is_daily":false,"chose_seed":false,"campfire_upgraded":6,"win_rate":0.0,"timestamp":1608505167,"path_taken":["M","?","?","?","?","E","R","E","T","?","R","?","M","M","R","BOSS","M","?","M","M","M","M","E","M","T","$","M","M","M","E","R","BOSS","M","?","M","M","M","R","$","R","T","M","$","?","M","?","R","BOSS"],"items_purchased_type":["Card","Relic","Card","Relic","Potion","Relic","Relic","Card"],"build_version":"2020-12-13","purchased_purges":0,"victory":true,"max_hp_per_floor":[75,75,75,75,75,75,75,75,75,75,75,75,75,75,75,75,75,75,75,75,75,75,75,75,79,79,84,88,92,96,108,108,112,112,116,128,128,132,136,136,136,136,136,156,156,156,164,164,164,164],"card_choices":[{"not_picked":["TheCursedMod:AshesToAshes","TheCursedMod:Torture"],"picked":"TheCursedMod:SpitefulPlan","floor":1},{"not_picked":["TheCursedMod:DoubleShield","TheCursedMod:CursedBoomerang","TheCursedMod:VitalStrike"],"picked":"SKIP","floor":6},{"not_picked":["TheCursedMod:SpitefulPray","TheCursedMod:FuryStrike","TheCursedMod:CircleOfFlame"],"picked":"SKIP","floor":8},{"not_picked":["TheCursedMod:VitalStrike","TheCursedMod:CircleOfWindfury","TheCursedMod:DoubleShield"],"picked":"SKIP","floor":10},{"not_picked":["TheCursedMod:RavingStaff","TheCursedMod:Stigma","TheCursedMod:Evocation"],"picked":"SKIP","floor":13},{"not_picked":["TheCursedMod:Stretching","TheCursedMod:Obscuration","TheCursedMod:VitalStrike"],"picked":"SKIP","floor":14},{"not_picked":["TheCursedMod:CursedRelics","TheCursedMod:ForbiddenAlchemy"],"picked":"TheCursedMod:DemonSword","floor":16},{"not_picked":["TheCursedMod:WearCloak","TheCursedMod:Stretching","TheCursedMod:ManaBullet"],"picked":"SKIP","floor":18},{"not_picked":["TheCursedMod:AbyssShockwave","TheCursedMod:CursedSpellbook","TheCursedMod:SpitefulPray"],"picked":"SKIP","floor":20},{"not_picked":["TheCursedMod:SaltUponWound","TheCursedMod:SoulCrush","TheCursedMod:SpitefulStrike+1"],"picked":"SKIP","floor":21},{"not_picked":["TheCursedMod:SpreadPlague","TheCursedMod:VitalStrike","TheCursedMod:CircleOfAmplification"],"picked":"SKIP","floor":22},{"not_picked":["TheCursedMod:SpitefulPlan","TheCursedMod:VitalStrike+1","TheCursedMod:SmokeScreen+1"],"picked":"SKIP","floor":23},{"not_picked":["TheCursedMod:DemonSword","TheCursedMod:CursedAmulet+1"],"picked":"TheCursedMod:AntiAging","floor":24},{"not_picked":["TheCursedMod:PrepareRite","TheCursedMod:Stigma","TheCursedMod:CursedSpellbook"],"picked":"SKIP","floor":25},{"not_picked":["TheCursedMod:CursedBoomerang","TheCursedMod:Stigma","TheCursedMod:CircleOfCorruption+1"],"picked":"SKIP","floor":28},{"not_picked":["TheCursedMod:VitalStrike","TheCursedMod:PrepareRite","TheCursedMod:CircleOfCorruption"],"picked":"SKIP","floor":29},{"not_picked":["TheCursedMod:AbyssShockwave","TheCursedMod:ManaBullet","TheCursedMod:CursedStaff"],"picked":"SKIP","floor":30},{"not_picked":["TheCursedMod:CursedAmulet+1","TheCursedMod:CursedMace","TheCursedMod:CircleOfCorruption"],"picked":"SKIP","floor":31},{"not_picked":["TheCursedMod:UltimatePain","TheCursedMod:ParallelWorld"],"picked":"TheCursedMod:OutForBlood","floor":33},{"not_picked":["TheCursedMod:CursedMace+1","TheCursedMod:Wield","TheCursedMod:BloodBarrier"],"picked":"SKIP","floor":35},{"not_picked":["TheCursedMod:SpitefulPlan","TheCursedMod:DoubleShield+1","TheCursedMod:VitalStrike"],"picked":"SKIP","floor":37},{"not_picked":["TheCursedMod:CursedBoomerang","TheCursedMod:CircleOfAmplification+1"],"picked":"TheCursedMod:SoulReap","floor":38},{"not_picked":["TheCursedMod:ReleasedKnowledge","TheCursedMod:Stigma+1","TheCursedMod:RavingStaff"],"picked":"SKIP","floor":39},{"not_picked":["TheCursedMod:CursedBlade+1","TheCursedMod:SoulReap+1","TheCursedMod:VitalStrike+1"],"picked":"SKIP","floor":44},{"not_picked":["Enlightenment","Blind"],"picked":"Mayhem","floor":46},{"not_picked":["TheCursedMod:CircleOfCorruption+1","TheCursedMod:CursedShiv+1","TheCursedMod:RapidMovement"],"picked":"SKIP","floor":47}],"player_experience":129797,"relics_obtained":[{"floor":6,"key":"Akabeko"},{"floor":8,"key":"Smiling Mask"},{"floor":9,"key":"Sundial"},{"floor":24,"key":"Blood Vial"},{"floor":26,"key":"Vajra"},{"floor":31,"key":"Bronze Scales"},{"floor":36,"key":"Old Coin"},{"floor":43,"key":"Kunai"},{"floor":48,"key":"TheCursedMod:Tack"}],"event_choices":[{"damage_healed":0,"gold_gain":0,"player_choice":"Success","damage_taken":12,"relics_obtained":["Pen Nib"],"max_hp_gain":0,"max_hp_loss":0,"event_name":"Scrap Ooze","floor":2,"gold_loss":0},{"damage_healed":0,"gold_gain":175,"player_choice":"AGREE","damage_taken":0,"max_hp_gain":0,"max_hp_loss":0,"event_name":"Liars Game","floor":3,"gold_loss":0,"cards_obtained":["Doubt"]},{"damage_healed":25,"gold_gain":0,"player_choice":"Banana","damage_taken":0,"max_hp_gain":0,"max_hp_loss":0,"event_name":"Big Fish","floor":4,"gold_loss":0},{"damage_healed":0,"gold_gain":0,"player_choice":"Grow","damage_taken":0,"max_hp_gain":0,"max_hp_loss":0,"event_name":"Living Wall","floor":5,"gold_loss":0,"cards_upgraded":["TheCursedMod:VoidForm"]},{"cards_removed":["Doubt"],"damage_healed":0,"gold_gain":0,"player_choice":"Gave Gold","damage_taken":0,"max_hp_gain":0,"max_hp_loss":0,"event_name":"Beggar","floor":19,"gold_loss":75},{"damage_healed":0,"gold_gain":0,"player_choice":"Fight","damage_taken":0,"max_hp_gain":0,"max_hp_loss":0,"event_name":"MindBloom","floor":36,"gold_loss":0},{"damage_healed":0,"gold_gain":0,"player_choice":"Memory 1","damage_taken":0,"max_hp_gain":0,"max_hp_loss":0,"event_name":"SensoryStone","floor":46,"gold_loss":0}],"is_beta":false,"boss_relics":[{"not_picked":["Sozu","Runic Dome"],"picked":"TheCursedMod:FourLeafCloverCharm"},{"not_picked":["Cursed Key","SlaversCollar"],"picked":"Black Star"}],"items_purged_floors":[],"is_endless":false,"potions_floor_spawned":[6,10,14,22,23,25,28,29,37,39,44,47],"ascension_level":0}}