{"host":"xyexbe31ku0ov20l","time":1608506070,"event":{"mods":["AchievementEnabler","AlwaysNeverKeys","BaseMod","Bestiary","Block Reminder","Colored Map","Colored Powertips","Curses Come First","Displayed Cursed Tome","Minty Spire (QoL Compilation)","Permanent Neow","Quick Restart","Random Character Button","Rare Cards Sparkle","Relic Stats","StSLib"],"gold_per_floor":[113,126,126,145,161,161,186,186,186,186,241,206,239,254,254,328,328,338,313,313,313],"floor_reached":20,"playtime":1370,"items_purged":[],"score":368,"play_id":"54e3b1f6-a181-433d-bb51-a449ebd7dcb3","local_time":"20201220151430","is_ascension_mode":true,"campfire_choices":[{"data":"Neutralize","floor":6,"key":"SMITH"},{"floor":10,"key":"REST"},{"data":"Caltrops","floor":15,"key":"SMITH"}],"circlet_count":0,"master_deck":["AscendersBane","Strike_G","Strike_G","Strike_G","Strike_G","Strike_G","Defend_G","Defend_G","Defend_G","Defend_G","Defend_G","Survivor","Neutralize+1","Outmaneuver","Dash","Bane","Slice","Dagger Throw","Quick Slash","Caltrops+1","Storm of Steel","Acrobatics","Backstab"],"relics":["Busted Crown","HornCleat","Kunai","Matryoshka","Pantograph","Black Star"],"acts_visited":["Exordium","TheCity"],"potions_floor_usage":[7,7,16,16,19],"damage_taken":[{"damage":1,"enemies":"2 Louse","floor":1,"turns":4},{"damage":6,"enemies":"Cultist","floor":2,"turns":5},{"damage":1,"enemies":"Small Slimes","floor":4,"turns":4},{"damage":9,"enemies":"2 Fungi Beasts","floor":5,"turns":5},{"damage":19,"enemies":"Gremlin Nob","floor":7,"turns":4},{"damage":5,"enemies":"3 Sentries","floor":11,"turns":10},{"damage":8,"enemies":"Lagavulin","floor":13,"turns":8},{"damage":2,"enemies":"Exordium Wildlife","floor":14,"turns":5},{"damage":45,"enemies":"Slime Boss","floor":16,"turns":13},{"damage":10,"enemies":"Spheric Guardian","floor":18,"turns":5},{"damage":4,"enemies":"2 Thieves","floor":19,"turns":4},{"damage":55,"enemies":"3 Cultists","floor":20,"turns":5}],"seed_played":"6883184746532527716","potions_obtained":[{"floor":2,"key":"Poison Potion"},{"floor":3,"key":"CultistPotion"},{"floor":7,"key":"SpeedPotion"},{"floor":14,"key":"Explosive Potion"},{"floor":18,"key":"ColorlessPotion"}],"is_trial":false,"path_per_floor":["M","M","?","M","M","R","E","?","T","R","?","?","E","M","R","B",null,"M","M","M"],"character_chosen":"THE_SILENT","items_purchased":[],"campfire_rested":1,"item_purchase_floors":[],"current_hp_per_floor":[58,52,52,51,42,42,23,28,28,49,44,61,53,51,51,26,60,50,46,0,0],"gold":313,"neow_bonus":"BOSS_RELIC","is_daily":false,"chose_seed":false,"campfire_upgraded":2,"win_rate":0.0,"timestamp":1608506070,"path_taken":["M","M","?","M","?","R","E","?","T","R","?","?","E","M","R","BOSS","M","M","M"],"items_purchased_type":[],"build_version":"2020-12-13","purchased_purges":0,"victory":false,"max_hp_per_floor":[66,66,66,66,66,66,66,71,71,71,71,71,71,71,71,71,71,71,71,71,71],"relic_stats":{"Busted Crown":22,"counters":[12,72],"Pantograph":20,"Black Star":0,"Kunai":[32],"obtain_stats":[{"Busted Crown":0,"HornCleat":7,"Matryoshka":11,"Pantograph":13,"Black Star":17,"Kunai":9,"Ring of the Snake":0},{"Busted Crown":0,"HornCleat":5,"Matryoshka":5,"Pantograph":7,"Black Star":9,"Kunai":5,"Ring of the Snake":0},{"Busted Crown":0,"HornCleat":22,"Matryoshka":22,"Pantograph":40,"Black Star":58,"Kunai":22,"Ring of the Snake":0}]},"card_choices":[{"not_picked":[],"picked":"Outmaneuver","floor":1},{"not_picked":[],"picked":"Dash","floor":2},{"not_picked":[],"picked":"Bane","floor":4},{"not_picked":[],"picked":"Slice","floor":5},{"not_picked":[],"picked":"Dagger Throw","floor":7},{"not_picked":[],"picked":"Quick Slash","floor":13},{"not_picked":[],"picked":"Caltrops","floor":14},{"not_picked":[],"picked":"Storm of Steel","floor":16},{"not_picked":[],"picked":"Acrobatics","floor":18},{"not_picked":[],"picked":"Backstab","floor":19}],"player_experience":2240926,"relics_obtained":[{"floor":7,"key":"HornCleat"},{"floor":9,"key":"Kunai"},{"floor":13,"key":"Pantograph"}],"event_choices":[{"damage_healed":0,"gold_gain":0,"player_choice":"Got Potions","damage_taken":0,"max_hp_gain":0,"max_hp_loss":0,"event_name":"Lab","floor":3,"gold_loss":0},{"damage_healed":0,"gold_gain":0,"player_choice":"Donut","damage_taken":0,"max_hp_gain":5,"max_hp_loss":0,"event_name":"Big Fish","floor":8,"gold_loss":0},{"damage_healed":0,"gold_gain":0,"player_choice":"Searched \u00272\u0027 times","damage_taken":0,"relics_obtained":["Matryoshka"],"max_hp_gain":0,"max_hp_loss":0,"event_name":"Dead Adventurer","floor":11,"gold_loss":0},{"damage_healed":17,"gold_gain":0,"player_choice":"Healed","damage_taken":0,"max_hp_gain":0,"max_hp_loss":0,"event_name":"The Cleric","floor":12,"gold_loss":35}],"is_beta":false,"boss_relics":[{"not_picked":["Pandora\u0027s Box","SacredBark"],"picked":"Black Star"}],"items_purged_floors":[],"is_endless":false,"potions_floor_spawned":[2,7,14,18],"killed_by":"3 Cultists","ascension_level":20}}