{"host":"4id8injl4bo2b6ih","time":1608437166,"event":{"mods":["Act Like it!","BaseMod","Better Third Choice","Colored Map","Downfall","Friendly Minions","Highlight Path","Luminous","Minty Spire (QoL Compilation)","Robot Space Explorer","Shop Mod","Spicy Shops","StSLib"],"gold_per_floor":[99,109,120,155,168,168,222,232,232,262,262,362,372,389,405,405,405],"floor_reached":16,"playtime":1444,"items_purged":[],"score":114,"play_id":"2d1c6cb3-91b2-454e-bb47-0a8031e208ca","local_time":"20201220050606","is_ascension_mode":false,"campfire_choices":[{"data":"champ:Taunt","floor":1,"key":"SMITH"},{"data":"champ:EnGarde","floor":6,"key":"SMITH"},{"data":"champ:Backstep","floor":9,"key":"SMITH"}],"circlet_count":0,"master_deck":["champ:Strike","champ:Strike","champ:Strike","champ:Strike","champ:Defend","champ:Defend","champ:Defend","champ:Defend","champ:Execute","champ:Taunt+1","champ:SkillfulDodge","champ:FocusedGladiator","champ:Backstep+1","champ:EnGarde+1","champ:FanOfKnives","champ:ViciousMockery","champ:EnragedBash","champ:Riposte","champ:PerfectForm"],"relics":["champ:ChampionCrown","Toy Ornithopter","Orichalcum","Art of War","champ:LiftRelic"],"acts_visited":["Exordium"],"potions_floor_usage":[13,16,16],"damage_taken":[{"damage":18,"enemies":"Small Slimes","floor":2,"turns":4},{"damage":10,"enemies":"Cultist","floor":3,"turns":6},{"damage":53,"enemies":"3 Sentries","floor":4,"turns":12},{"damage":8,"enemies":"Jaw Worm","floor":5,"turns":4},{"damage":15,"enemies":"Large Slime","floor":8,"turns":7},{"damage":31,"enemies":"Lagavulin","floor":10,"turns":9},{"damage":4,"enemies":"2 Fungi Beasts","floor":13,"turns":3},{"damage":24,"enemies":"Large Slime","floor":14,"turns":9},{"damage":6,"enemies":"Blue Slaver","floor":15,"turns":4},{"damage":32,"enemies":"downfall:Defect","floor":16,"turns":5}],"seed_played":"-4906410579526378441","potions_obtained":[{"floor":4,"key":"champ:CounterPotion"},{"floor":5,"key":"Strength Potion"},{"floor":8,"key":"SpeedPotion"},{"floor":13,"key":"FearPotion"},{"floor":15,"key":"Block Potion"}],"is_trial":false,"path_per_floor":["R","M","M","E","M","R","T","M","R","E","?","?","M","M","M","B"],"character_chosen":"THE_CHAMP","items_purchased":[],"campfire_rested":0,"item_purchase_floors":[],"current_hp_per_floor":[99,91,81,48,45,45,45,45,45,27,27,27,31,18,12,0,0],"gold":405,"neow_bonus":"TEN_PERCENT_HP_BONUS","is_daily":false,"chose_seed":false,"campfire_upgraded":3,"win_rate":0.0,"timestamp":1608437166,"path_taken":["R","M","M","E","M","R","T","M","R","E","?","?","M","M","M","BOSS"],"items_purchased_type":[],"build_version":"2020-12-13","purchased_purges":0,"victory":false,"max_hp_per_floor":[99,99,99,99,99,99,99,99,99,99,99,99,99,99,99,99,99],"card_choices":[{"not_picked":["champ:CrookedStrike","champ:EnragedBash"],"picked":"champ:SkillfulDodge","floor":2},{"not_picked":["champ:PerfectedStrike","champ:Circumvent"],"picked":"champ:FocusedGladiator","floor":3},{"not_picked":["champ:Encircle","champ:Circumvent"],"picked":"champ:Backstep","floor":4},{"not_picked":["champ:HeartStrike","champ:FocusedDefense"],"picked":"champ:EnGarde","floor":5},{"not_picked":["champ:TornadoPunch","champ:Encircle"],"picked":"champ:FanOfKnives","floor":8},{"not_picked":["champ:Circumvent","champ:DeathBlow"],"picked":"champ:ViciousMockery","floor":10},{"not_picked":["champ:Haymaker","champ:BerserkersShout"],"picked":"champ:EnragedBash","floor":13},{"not_picked":["champ:FlashCut","champ:BringItOn"],"picked":"champ:Riposte","floor":14},{"not_picked":["champ:CrookedStrike","champ:RisingSlash"],"picked":"champ:PerfectForm","floor":15}],"player_experience":352477,"relics_obtained":[{"floor":4,"key":"Toy Ornithopter"},{"floor":7,"key":"Orichalcum"},{"floor":10,"key":"Art of War"}],"event_choices":[],"is_beta":false,"boss_relics":[],"items_purged_floors":[],"is_endless":false,"potions_floor_spawned":[4,5,8,13,15],"killed_by":"downfall:Defect","ascension_level":0}}