{"host":"e48gchmu8shm63ip","time":1608497962,"event":{"mods":["Abigail Mod","AchievementEnabler","Act Like it!","Bartender","BaseMod","Better Match","Better Note","Better Vampires","CapriCore","DeckTracker","Exacting","Fireblade Mod","Googly Eyes","Hallownest","Hermit","HololiveMod","Infinite Spire","Jorbs\u0027s Wanderer Trilogy","Koishi","Marisa????????","Minty Spire (QoL Compilation)","Railgun Mod","Rare Cards Sparkle","Relic Filter","Shade Mod","StSLib","The Animator","The Construct","The Death Knight","The Forsaken","The Immortal","The Judge","The Poker Player","The Servant 0.9.4","TheFirefly","TheLocksmith","TheSwordswoman","Waifu the Spire"],"gold_per_floor":[98,98,117,117,117,166,15,15,15,68,68,90,90,125,125,251,251,266,266,287,287,305,305,341,341,341,365,290,290,212,225,225,383,383,424,424,424,464,464,464,494,520,520,549,474,508,508,528,528,528,528],"floor_reached":50,"playtime":2489,"items_purged":["Parasite"],"score":647,"play_id":"c84e7c05-d08f-4238-883a-47fe8ec07875","local_time":"20201220215922","is_ascension_mode":false,"campfire_choices":[{"data":"Hololive_CallOzoraSubaru","floor":8,"key":"SMITH"},{"data":"Hololive_CallHoshimachiSuisei","floor":15,"key":"SMITH"},{"data":"Hololive_CallManoAloe","floor":23,"key":"SMITH"},{"data":"Hololive_DurableLive","floor":25,"key":"SMITH"},{"data":"Hololive_CallAZKi","floor":32,"key":"SMITH"},{"data":"Hololive_CandyCastle","floor":40,"key":"SMITH"},{"data":"Hololive_CallAyundaRisu","floor":47,"key":"SMITH"},{"data":"Hololive_CallMinatoAqua","floor":49,"key":"SMITH"}],"circlet_count":0,"master_deck":["Hololive_CallMinatoAqua+1","Hololive_CallUsadaPekora","Hololive_CallMurasakiShion","Hololive_CallShiranuiFlare","Hololive_Breathe","Hololive_Strike","Hololive_Strike","Hololive_Defend","Hololive_Defend","Hololive_CallOzoraSubaru+1","Hololive_Rebound+1","Hololive_CallAyundaRisu+1","Hololive_CallHoshimachiSuisei+1","Hololive_CallShirakamiFubuki+1","Hololive_CallManoAloe+1","Hololive_DurableLive+1","Hololive_CallHoushouMarine+1","Hololive_CallAZKi+1","Hololive_CandyCastle+1","Hololive_IdolExercise+1","Hololive_CallTokoyamiTowa+1","Hololive_CallAkaiHaato+1","Hololive_CallTokoyamiTowa+1","Hololive_CallYozoraMel+1"],"relics":["Hololive_TheStar","Turnip","Shuriken","construct:WeddingRing","theForsaken:ScaryMask","Happy Flower","Silver_Glasses","construct:RocketBooster","White Beast Statue"],"acts_visited":["Exordium","TheCity","TheBeyond"],"potions_floor_usage":[44,50,50],"damage_taken":[{"damage":0,"enemies":"2 Louse","floor":1,"turns":2},{"damage":0,"enemies":"Small Slimes","floor":3,"turns":4},{"damage":0,"enemies":"3 Sentries","floor":6,"turns":7},{"damage":0,"enemies":"Gremlin Nob","floor":10,"turns":3},{"damage":0,"enemies":"Jaw Worm","floor":12,"turns":2},{"damage":0,"enemies":"Red Slaver","floor":14,"turns":3},{"damage":0,"enemies":"Slime Boss","floor":16,"turns":4},{"damage":0,"enemies":"Spheric Guardian","floor":18,"turns":4},{"damage":0,"enemies":"Shell Parasite","floor":20,"turns":3},{"damage":0,"enemies":"Centurion and Healer","floor":22,"turns":5},{"damage":5,"enemies":"Gremlin Leader","floor":24,"turns":9},{"damage":0,"enemies":"Snecko","floor":27,"turns":3},{"damage":0,"enemies":"Chosen and Byrds","floor":31,"turns":4},{"damage":0,"enemies":"Collector","floor":33,"turns":7},{"damage":0,"enemies":"Orb Walker","floor":35,"turns":4},{"damage":0,"enemies":"3 Shapes","floor":38,"turns":3},{"damage":0,"enemies":"Writhing Mass","floor":41,"turns":5},{"damage":0,"enemies":"3 Darklings","floor":42,"turns":5},{"damage":15,"enemies":"Sphere and 2 Shapes","floor":44,"turns":6},{"damage":0,"enemies":"4 Shapes","floor":46,"turns":3},{"damage":0,"enemies":"Jaw Worm Horde","floor":48,"turns":4},{"damage":37,"enemies":"infinitespire:MassOfShapes","floor":50,"turns":19}],"seed_played":"7351094170877792312","potions_obtained":[{"floor":3,"key":"LiquidMemories"},{"floor":12,"key":"SkillPotion"},{"floor":16,"key":"LiquidMemories"},{"floor":44,"key":"Fruit Juice"},{"floor":46,"key":"Energy Potion"}],"is_trial":false,"path_per_floor":["M","?","M","?","?","E","$","R","T","E","$","M","?","M","R","B",null,"M","?","M","?","M","R","E","R","T","M","?","?","$","M","R","B",null,"M","?","?","M","?","R","M","M","T","M","$","M","R","M","R","B"],"character_chosen":"Hololive_HololiveCharacter","items_purchased":["construct:WeddingRing","Hololive_CandyCastle"],"campfire_rested":0,"item_purchase_floors":[7,30],"current_hp_per_floor":[35,28,28,28,21,21,21,21,21,21,21,21,21,21,21,21,35,35,35,35,35,35,35,30,30,30,30,30,30,30,30,30,30,35,35,25,25,25,25,25,25,25,25,15,15,15,15,34,34,0,0],"gold":528,"neow_bonus":"RANDOM_COLORLESS","is_daily":false,"chose_seed":false,"campfire_upgraded":8,"win_rate":0.0,"timestamp":1608497962,"path_taken":["M","?","M","?","?","E","$","R","T","E","?","?","?","M","R","BOSS","M","?","M","?","?","R","E","R","T","M","?","?","?","M","R","BOSS","M","?","?","M","?","R","M","M","T","M","$","M","R","?","R","BOSS"],"items_purchased_type":["Relic","Card"],"build_version":"2020-12-13","purchased_purges":1,"victory":false,"max_hp_per_floor":[35,35,35,35,35,35,35,35,35,35,35,35,35,35,35,35,35,35,35,35,35,35,35,35,35,35,35,35,35,35,35,35,35,35,35,35,35,35,35,35,35,35,35,40,37,37,37,37,37,37,37],"card_choices":[{"not_picked":["Purity","Forethought"],"picked":"Dramatic Entrance","floor":0},{"not_picked":["Hololive_StrengthChampion","Hololive_Sequa","Hololive_CallTokinoSora","Hololive_CocoNews"],"picked":"SKIP","floor":1},{"not_picked":["Hololive_Sequa","Hololive_Spy","Hololive_CallSakuraMiko"],"picked":"Hololive_CallOzoraSubaru","floor":3},{"not_picked":["Hololive_RevenueBasedLive","Hololive_FlyingPonyTail","Hololive_CallYukihanaLamy"],"picked":"Hololive_Rebound","floor":6},{"not_picked":["Hololive_CallTokinoSora","Hololive_DiamondStrike","Hololive_CallUsadaPekora"],"picked":"Hololive_CallAyundaRisu","floor":10},{"not_picked":["Hololive_BringToTrial","Hololive_Sequa","Hololive_RevenueBasedLive"],"picked":"Hololive_CallHoshimachiSuisei","floor":12},{"not_picked":["Hololive_Trident","Hololive_OvertimeWork","Hololive_StrengthChampion"],"picked":"Hololive_CallShirakamiFubuki","floor":14},{"not_picked":["Hololive_WolfAndLamb","Hololive_FlareMind","Hololive_DiamondStrike"],"picked":"Hololive_StarCraft","floor":16},{"not_picked":["Hololive_HuntDinosaur","Hololive_CallMinatoAqua","Hololive_CallYogiri","Hololive_CallMurasakiShion"],"picked":"SKIP","floor":18},{"not_picked":["Hololive_CocoNews+1","Hololive_BringToTrial","Hololive_LuckPotion","Hololive_DevilCharm"],"picked":"SKIP","floor":20},{"not_picked":["Hololive_Trident","Hololive_LuckPotion","Hololive_Yoholoon+1"],"picked":"Hololive_CallManoAloe","floor":22},{"not_picked":["Hololive_Trident+1","Hololive_CallOzoraSubaru+1","Hololive_OvertimeWork"],"picked":"Hololive_DurableLive","floor":24},{"not_picked":["Hololive_DevilCharm","Hololive_FlyingPonyTail","Hololive_LuckPotion"],"picked":"Hololive_CallHoushouMarine+1","floor":27},{"not_picked":["Hololive_CallRoboco+1","Hololive_CallYuzukiChoco","Hololive_CallManoAloe","Hololive_CallUruhaRushia"],"picked":"SKIP","floor":31},{"not_picked":["Hololive_OpenUp","Hololive_WolfAndLamb","Hololive_ASMR"],"picked":"Hololive_IdolExercise","floor":33},{"not_picked":["Hololive_ManjiGathering","Hololive_Trident","Hololive_CallMurasakiShion+1"],"picked":"Hololive_CallTokoyamiTowa+1","floor":35},{"not_picked":["Hololive_CallOzoraSubaru","Hololive_Trident+1","Hololive_OvertimeWork"],"picked":"Hololive_CallAkaiHaato+1","floor":38},{"not_picked":["Hololive_Breathe+1","Hololive_Trident","Hololive_CocoNews","Hololive_Sequa+1"],"picked":"SKIP","floor":41},{"not_picked":["Hololive_LuckPotion+1","Hololive_OvertimeWork","Hololive_AWSL"],"picked":"Hololive_CallTokoyamiTowa+1","floor":42},{"not_picked":["Hololive_CallManoAloe+1","Hololive_Breathe+1","Hololive_Watashimo","Hololive_CallUsadaPekora+1"],"picked":"SKIP","floor":44},{"not_picked":["Hololive_OvertimeWork","Hololive_CandyCastle+1","Hololive_Psychosis+1"],"picked":"Hololive_CallYozoraMel+1","floor":46},{"not_picked":["Hololive_FlyingPonyTail+1","Hololive_Psychosis","Hololive_CallAmaneKanata+1","Hololive_RevenueBasedLive"],"picked":"SKIP","floor":48}],"player_experience":569432,"relics_obtained":[{"floor":6,"key":"Shuriken"},{"floor":9,"key":"theForsaken:ScaryMask"},{"floor":10,"key":"Happy Flower"},{"floor":24,"key":"construct:RocketBooster"},{"floor":26,"key":"White Beast Statue"}],"event_choices":[{"cards_removed":["Dramatic Entrance"],"damage_healed":0,"gold_gain":0,"player_choice":"Card Removal","damage_taken":7,"max_hp_gain":0,"max_hp_loss":0,"event_name":"Golden Wing","floor":2,"gold_loss":0},{"damage_healed":0,"gold_gain":0,"player_choice":"Success","damage_taken":7,"relics_obtained":["Turnip"],"max_hp_gain":0,"max_hp_loss":0,"event_name":"Scrap Ooze","floor":5,"gold_loss":0},{"damage_healed":0,"gold_gain":0,"player_choice":"Ignored","damage_taken":0,"max_hp_gain":0,"max_hp_loss":0,"event_name":"betterNote:BetterNote","floor":19,"gold_loss":0,"cards_obtained":["Iron Wave"]},{"damage_healed":0,"gold_gain":0,"player_choice":"Leave","damage_taken":0,"max_hp_gain":0,"max_hp_loss":0,"event_name":"FaceTrader","floor":21,"gold_loss":0},{"cards_removed":["Hololive_StarCraft"],"damage_healed":0,"gold_gain":0,"player_choice":"Gave Gold","damage_taken":0,"max_hp_gain":0,"max_hp_loss":0,"event_name":"Beggar","floor":28,"gold_loss":75},{"damage_healed":0,"gold_gain":0,"player_choice":"Read","damage_taken":0,"max_hp_gain":0,"max_hp_loss":0,"event_name":"The Library","floor":29,"gold_loss":0,"cards_obtained":["Hololive_CallAZKi"]},{"damage_healed":0,"gold_gain":0,"player_choice":"Bought 0 Potions","damage_taken":0,"max_hp_gain":0,"max_hp_loss":0,"event_name":"The Woman in Blue","floor":39,"gold_loss":0}],"is_beta":false,"boss_relics":[{"not_picked":["Calling Bell","Tiny House"],"picked":"Silver_Glasses"},{"not_picked":["theForsaken:PaleLantern","Astrolabe","infinitespire:Cupcake"]}],"items_purged_floors":[45],"is_endless":false,"potions_floor_spawned":[12,16,20,27,31,33,35,38,41,42,44,46,48],"killed_by":"infinitespire:MassOfShapes","ascension_level":0}}