{"host":"2lo6hma6kymb0g9i","time":1608470307,"event":{"mods":["BaseMod","Colored Map","DeckTracker","Minty Spire (QoL Compilation)"],"gold_per_floor":[114,124,21,21,71,104,115,135,135,135,35,62,126,126,126,204,204,214,225,225,63,63,63],"floor_reached":22,"playtime":1006,"items_purged":["Strike_G","Strike_G"],"score":401,"play_id":"ce6e03d3-10e7-4a5c-a30b-e7046c3abfcb","local_time":"20201220221827","is_ascension_mode":true,"campfire_choices":[{"data":"Neutralize","floor":10,"key":"SMITH"},{"data":"Noxious Fumes","floor":15,"key":"SMITH"}],"circlet_count":0,"master_deck":["AscendersBane","Strike_G","Strike_G","Defend_G","Defend_G","Defend_G","Defend_G","Defend_G","Survivor","Neutralize+1","Slice","Deflect","Dagger Throw","Dagger Throw","Escape Plan","Quick Slash","Noxious Fumes+1","Corpse Explosion","PiercingWail"],"relics":["Ring of the Serpent","NeowsBlessing","Gremlin Horn","StrikeDummy","Letter Opener","Bag of Marbles","Bottled Tornado","Snake Skull"],"acts_visited":["Exordium","TheCity"],"potions_floor_usage":[12,13,19,22],"damage_taken":[{"damage":0,"enemies":"Cultist","floor":1,"turns":1},{"damage":0,"enemies":"2 Louse","floor":2,"turns":1},{"damage":0,"enemies":"3 Sentries","floor":6,"turns":1},{"damage":0,"enemies":"Small Slimes","floor":7,"turns":4},{"damage":3,"enemies":"Blue Slaver","floor":8,"turns":4},{"damage":6,"enemies":"Gremlin Nob","floor":12,"turns":3},{"damage":2,"enemies":"3 Sentries","floor":13,"turns":5},{"damage":15,"enemies":"The Guardian","floor":16,"turns":11},{"damage":0,"enemies":"Chosen","floor":18,"turns":5},{"damage":22,"enemies":"2 Thieves","floor":19,"turns":2},{"damage":33,"enemies":"Centurion and Healer","floor":22,"turns":4}],"seed_played":"-7351007748390012544","potions_obtained":[{"floor":2,"key":"SteroidPotion"},{"floor":6,"key":"CunningPotion"},{"floor":7,"key":"Fire Potion"},{"floor":12,"key":"Explosive Potion"},{"floor":19,"key":"SteroidPotion"}],"is_trial":false,"path_per_floor":["M","M","$","?","?","E","M","M","T","R","$","E","?","T","R","B",null,"M","M","?","$","M"],"character_chosen":"THE_SILENT","items_purchased":["Dagger Throw","Snake Skull"],"campfire_rested":0,"item_purchase_floors":[3,21],"current_hp_per_floor":[59,59,59,52,52,52,52,49,49,49,49,43,41,41,41,26,56,56,34,28,28,0,0],"gold":63,"neow_bonus":"THREE_ENEMY_KILL","is_daily":false,"chose_seed":false,"campfire_upgraded":2,"win_rate":0.0,"timestamp":1608470307,"path_taken":["M","M","$","?","?","E","?","M","T","R","?","E","?","?","R","BOSS","M","M","?","?","?"],"items_purchased_type":["Card","Relic"],"build_version":"2020-12-13","purchased_purges":2,"victory":false,"max_hp_per_floor":[66,66,66,66,66,66,66,66,66,66,66,66,66,66,66,66,66,66,66,66,66,66,66],"card_choices":[{"not_picked":["Blade Dance","Leg Sweep"],"picked":"Slice","floor":1},{"not_picked":["Slice","Skewer"],"picked":"Deflect","floor":2},{"not_picked":["Choke","Sucker Punch"],"picked":"Dagger Throw","floor":6},{"not_picked":["Masterful Stab","Calculated Gamble"],"picked":"Escape Plan","floor":7},{"not_picked":["Dodge and Roll","After Image"],"picked":"Quick Slash","floor":8},{"not_picked":["Caltrops","Dodge and Roll"],"picked":"Noxious Fumes","floor":12},{"not_picked":["Grand Finale","Burst"],"picked":"Corpse Explosion","floor":16},{"not_picked":["Slice","Concentrate"],"picked":"PiercingWail","floor":18},{"not_picked":["Blade Dance","Heel Hook","Poisoned Stab"],"picked":"SKIP","floor":19}],"player_experience":844977,"relics_obtained":[{"floor":6,"key":"Gremlin Horn"},{"floor":9,"key":"StrikeDummy"},{"floor":12,"key":"Letter Opener"},{"floor":13,"key":"Bag of Marbles"},{"floor":14,"key":"Bottled Tornado"}],"event_choices":[{"cards_removed":["Strike_G"],"damage_healed":0,"gold_gain":0,"player_choice":"Card Removal","damage_taken":7,"max_hp_gain":0,"max_hp_loss":0,"event_name":"Golden Wing","floor":4,"gold_loss":0},{"damage_healed":0,"gold_gain":50,"player_choice":"Pray","damage_taken":0,"max_hp_gain":0,"max_hp_loss":0,"event_name":"Golden Shrine","floor":5,"gold_loss":0},{"damage_healed":0,"gold_gain":0,"player_choice":"Searched \u00271\u0027 times","damage_taken":0,"max_hp_gain":0,"max_hp_loss":0,"event_name":"Dead Adventurer","floor":13,"gold_loss":0},{"damage_healed":0,"gold_gain":0,"player_choice":"","damage_taken":6,"max_hp_gain":0,"max_hp_loss":0,"event_name":"Knowing Skull","floor":20,"potions_obtained":[],"gold_loss":0,"cards_obtained":[]}],"is_beta":false,"boss_relics":[{"not_picked":["Tiny House","SacredBark"],"picked":"Ring of the Serpent"}],"items_purged_floors":[3,11],"is_endless":false,"potions_floor_spawned":[2,6,7,12,19],"killed_by":"Centurion and Healer","ascension_level":17}}