{"host":"f14d6hm2349s9jse","time":1608495245,"event":{"mods":["2.2 Compatiblity","BaseMod","Minty Spire (QoL Compilation)","StSLib","The Marked"],"gold_per_floor":[112,112,133,152,6,6,19,39,39,54,92,92,112,135,135,135,135],"floor_reached":16,"playtime":544,"items_purged":[],"score":106,"play_id":"653354e9-9f9d-455c-8a33-aed9d524ee4a","local_time":"20201220151405","is_ascension_mode":false,"campfire_choices":[{"data":"theMarked:ComboAttacks","floor":12,"key":"SMITH"},{"data":"theMarked:BanishingWave","floor":15,"key":"SMITH"}],"circlet_count":0,"master_deck":["theMarked:Strike","theMarked:Strike","theMarked:Strike","theMarked:Strike","theMarked:Strike","theMarked:Defend","theMarked:Defend","theMarked:Defend","theMarked:Defend","theMarked:SoldierOfQuellstein","theMarked:ResourceFulStrike","theMarked:ChainLightning","theMarked:Indomitable","theMarked:ComboAttacks+1","theMarked:KeepCalmAndFightOn","theMarked:WardOff","theMarked:MaelstromOfLightning","theMarked:ReduceFriction","theMarked:RogueSparks","theMarked:BanishingWave+1"],"relics":["Coffee Dripper","Golden Idol","Mercury Hourglass","StrikeDummy"],"acts_visited":["Exordium"],"potions_floor_usage":[14],"damage_taken":[{"damage":6,"enemies":"Jaw Worm","floor":1,"turns":3},{"damage":0,"enemies":"2 Louse","floor":3,"turns":2},{"damage":0,"enemies":"Cultist","floor":4,"turns":3},{"damage":19,"enemies":"Blue Slaver","floor":7,"turns":3},{"damage":0,"enemies":"2 Fungi Beasts","floor":8,"turns":2},{"damage":6,"enemies":"3 Louse","floor":10,"turns":2},{"damage":29,"enemies":"Gremlin Nob","floor":11,"turns":4},{"damage":2,"enemies":"Blue Slaver","floor":13,"turns":3},{"damage":0,"enemies":"Looter","floor":14,"turns":2},{"damage":0,"enemies":"Hexaghost","floor":16,"turns":2}],"seed_played":"-5672579243008048562","potions_obtained":[{"floor":7,"key":"Energy Potion"},{"floor":13,"key":"Fruit Juice"},{"floor":14,"key":"Ancient Potion"}],"is_trial":false,"path_per_floor":["M","?","M","M","$","?","M","M","T","M","E","R","M","M","R","B"],"character_chosen":"THE_DEFAULT","items_purchased":["theMarked:ComboAttacks","theMarked:KeepCalmAndFightOn"],"campfire_rested":0,"item_purchase_floors":[5,5],"current_hp_per_floor":[64,64,64,64,64,64,45,45,45,39,10,10,8,13,13,13,13],"gold":135,"neow_bonus":"BOSS_RELIC","is_daily":false,"chose_seed":false,"campfire_upgraded":2,"win_rate":0.0,"timestamp":1608495245,"path_taken":["M","?","M","M","$","?","M","?","T","M","E","R","M","M","R","BOSS"],"items_purchased_type":["Card","Card"],"build_version":"2020-12-13","purchased_purges":0,"victory":false,"max_hp_per_floor":[70,70,70,70,70,70,70,70,70,70,70,70,70,75,75,75,75],"card_choices":[{"not_picked":["theMarked:RepellingDischarge","theMarked:Improvise"],"picked":"theMarked:ResourceFulStrike","floor":1},{"not_picked":["theMarked:HeightenedSenses","theMarked:Improvise"],"picked":"theMarked:ChainLightning","floor":3},{"not_picked":["theMarked:Overcharge","theMarked:RepellingDischarge"],"picked":"theMarked:Indomitable","floor":4},{"not_picked":["theMarked:ElectricStrings","theMarked:HeightenedSenses"],"picked":"theMarked:WardOff","floor":7},{"not_picked":["theMarked:Improvise","theMarked:TurnInvisible"],"picked":"theMarked:MaelstromOfLightning","floor":8},{"not_picked":["theMarked:SelfDefenseTraining","theMarked:Frustration"],"picked":"theMarked:ReduceFriction","floor":10},{"not_picked":["theMarked:EnhanceMovement","theMarked:WardOff"],"picked":"theMarked:RogueSparks","floor":11},{"not_picked":["theMarked:SwordAndMagic","theMarked:ResourceFulStrike","theMarked:ElectricStrings"],"picked":"SKIP","floor":13},{"not_picked":["theMarked:ChainLightning","theMarked:Frustration"],"picked":"theMarked:BanishingWave","floor":14}],"player_experience":2468628,"relics_obtained":[{"floor":9,"key":"Mercury Hourglass"},{"floor":11,"key":"StrikeDummy"}],"event_choices":[{"damage_healed":0,"gold_gain":0,"player_choice":"Take Wound","damage_taken":0,"relics_obtained":["Golden Idol"],"max_hp_gain":0,"max_hp_loss":0,"event_name":"Golden Idol","floor":2,"gold_loss":0,"cards_obtained":["Injury"]},{"cards_removed":["Injury"],"damage_healed":0,"gold_gain":0,"player_choice":"Purged","damage_taken":0,"max_hp_gain":0,"max_hp_loss":0,"event_name":"Purifier","floor":6,"gold_loss":0}],"is_beta":false,"boss_relics":[],"items_purged_floors":[],"is_endless":false,"potions_floor_spawned":[7,13,14],"killed_by":"Hexaghost","ascension_level":0}}