{"host":"y9jgkjnf95sujozk","time":1608470816,"event":{"mods":["2.2 Compatiblity","AchievementEnabler","BaseMod","Block Reminder","Colored Map","Colored Powertips","Downfall","Friendly Minions","GifTheSpireLib","Hermit","Highlight Path","MarisaÅiñ∂âJÅ@ñÇóùçπÅj","Minty Spire (QoL Compilation)","Random Character Button","Rare Cards Sparkle","Replay The Spire","StSLib","SuperFastMode","The Animator","The Bug Knight","The Cursed","The Servant 0.9.4"],"gold_per_floor":[118,134,38,56,70,70,70,70],"floor_reached":7,"playtime":189,"items_purged":[],"score":43,"play_id":"ce6f6858-936f-425d-93a2-d09dbb909fcf","local_time":"20201220142656","is_ascension_mode":false,"campfire_choices":[{"floor":6,"key":"REST"}],"circlet_count":0,"master_deck":["animator:Strike_GATE","animator:Defend_GATE","animator:Strike","animator:Strike","animator:Strike","animator:Defend","animator:Defend","animator:Defend","animator:TukaLunaMarceau","animator:Kuribayashi","animator:Alexander","animator:Illya","animator:MamizouFutatsuiwa","animator:Darkness","animator:Rider"],"relics":["animator:LivingPicture","animator:TheMissingPiece","animator:PurgingStone","NeowsBlessing"],"acts_visited":["Exordium"],"potions_floor_usage":[7],"damage_taken":[{"damage":0.0,"enemies":"Cultist","floor":1.0,"turns":1.0},{"damage":0.0,"enemies":"Small Slimes","floor":2.0,"turns":1.0},{"damage":0.0,"enemies":"Jaw Worm","floor":4.0,"turns":1.0},{"damage":27.0,"enemies":"3 Louse","floor":5.0,"turns":3.0},{"damage":67,"enemies":"Lagavulin","floor":7,"turns":12}],"seed_played":"-3802542125206358936","potions_obtained":[{"floor":4.0,"key":"EssenceOfSteel"}],"is_trial":false,"path_per_floor":["M","M","$","M","M","R","E"],"character_chosen":"THE_ANIMATOR","items_purchased":["animator:MamizouFutatsuiwa"],"campfire_rested":1,"item_purchase_floors":[3],"current_hp_per_floor":[66,66,66,66,39,58,0,0],"gold":70,"neow_bonus":"THREE_ENEMY_KILL","is_daily":false,"chose_seed":false,"campfire_upgraded":0,"win_rate":0.0,"timestamp":1608470816,"path_taken":["M","M","$","M","?","R","E"],"items_purchased_type":["Card"],"build_version":"2020-12-13","purchased_purges":0,"victory":false,"max_hp_per_floor":[66,66,66,66,66,66,66,66],"card_choices":[{"not_picked":["animator:SayakaMiki","animator:Raven"],"picked":"animator:Alexander","floor":1.0},{"not_picked":["animator:Shion","animator:DolaSchwi"],"picked":"animator:Illya","floor":2.0},{"not_picked":["animator:Sloth","animator:Father"],"picked":"animator:Darkness","floor":4.0},{"not_picked":["animator:RinTohsaka","animator:Alexander"],"picked":"animator:Rider","floor":5}],"player_experience":114673,"relics_obtained":[],"event_choices":[],"is_beta":false,"boss_relics":[],"items_purged_floors":[],"is_endless":false,"potions_floor_spawned":[4],"killed_by":"Lagavulin","ascension_level":0}}