{"host":"30jsp143e4v19aze","time":1608499148,"event":{"mods":["BaseMod","Colored Map","Colored Powertips","Curses Come First","DeckTracker","Highlight Path","Minty Spire (QoL Compilation)","Quick Restart","Relic Stats","StSLib"],"gold_per_floor":[111,123,49,59,59,59,93,93,93,107,117,117,4,19,19,93,93,113,133,164,3,3,3,3,3,3,19,19,35,85,98,98,174,174,192,208,218,265,265,265,298,298,371,351,136,163,180,210,210,210,210,210,210,11,39,39],"floor_reached":57,"playtime":15872,"items_purged":[],"score":2780,"play_id":"732cf412-ded1-4365-94b0-9f97f3061514","local_time":"20201220221908","is_ascension_mode":true,"campfire_choices":[{"data":"Pommel Strike","floor":6,"key":"SMITH"},{"data":"Strike_R","floor":8,"key":"PURGE"},{"data":"Battle Trance","floor":12,"key":"SMITH"},{"data":"Strike_R","floor":15,"key":"PURGE"},{"data":"Fiend Fire","floor":23,"key":"SMITH"},{"data":"Strike_R","floor":25,"key":"PURGE"},{"data":"Strike_R","floor":28,"key":"PURGE"},{"data":"Limit Break","floor":32,"key":"SMITH"},{"data":"Defend_R","floor":40,"key":"PURGE"},{"data":"Double Tap","floor":42,"key":"SMITH"},{"floor":49,"key":"RECALL"},{"data":"True Grit","floor":53,"key":"SMITH"}],"circlet_count":0,"master_deck":["AscendersBane","Defend_R","Defend_R","Defend_R","Bash","Reaper","Pommel Strike+1","Shrug It Off","Spot Weakness","Dropkick","Feel No Pain","Battle Trance+1","Thunderclap","Fiend Fire+1","Dropkick","Sword Boomerang+1","Feed","Warcry+1","Limit Break+1","Double Tap+1","Rage+1","True Grit+1","Evolve+1","Fiend Fire","Feel No Pain"],"relics":["Burning Blood","Peace Pipe","Matryoshka","Runic Pyramid","Red Mask","Nilry\u0027s Codex","Meat on the Bone","Shuriken","Coffee Dripper","Champion Belt","Vajra","Akabeko","OrangePellets","Girya","Bag of Marbles","Medical Kit","Charon\u0027s Ashes"],"acts_visited":["Exordium","TheCity","TheBeyond","TheEnding"],"potions_floor_usage":[7,7,16,16,20,27,33,36,46,50,56],"damage_taken":[{"damage":23,"enemies":"Jaw Worm","floor":1,"turns":7},{"damage":1,"enemies":"Cultist","floor":2,"turns":3},{"damage":7,"enemies":"Small Slimes","floor":4,"turns":3},{"damage":17,"enemies":"Lagavulin","floor":7,"turns":7},{"damage":4,"enemies":"2 Fungi Beasts","floor":10,"turns":4},{"damage":15,"enemies":"3 Louse","floor":11,"turns":4},{"damage":4,"enemies":"Looter","floor":14,"turns":3},{"damage":30,"enemies":"Slime Boss","floor":16,"turns":9},{"damage":3,"enemies":"Shell Parasite","floor":18,"turns":2},{"damage":1,"enemies":"Spheric Guardian","floor":19,"turns":3},{"damage":15,"enemies":"Masked Bandits","floor":20,"turns":3},{"damage":4,"enemies":"Centurion and Healer","floor":27,"turns":6},{"damage":58,"enemies":"3 Cultists","floor":29,"turns":5},{"damage":6,"enemies":"Cultist and Chosen","floor":31,"turns":4},{"damage":6,"enemies":"Collector","floor":33,"turns":3},{"damage":9,"enemies":"Orb Walker","floor":35,"turns":2},{"damage":7,"enemies":"3 Darklings","floor":36,"turns":4},{"damage":39,"enemies":"4 Shapes","floor":37,"turns":7},{"damage":27,"enemies":"2 Orb Walkers","floor":38,"turns":4},{"damage":8,"enemies":"Nemesis","floor":41,"turns":5},{"damage":22,"enemies":"Reptomancer","floor":46,"turns":4},{"damage":42,"enemies":"Maw","floor":47,"turns":5},{"damage":32,"enemies":"Giant Head","floor":48,"turns":6},{"damage":18,"enemies":"Awakened One","floor":50,"turns":6},{"damage":55,"enemies":"Donu and Deca","floor":51,"turns":7},{"damage":44,"enemies":"Shield and Spear","floor":55,"turns":5},{"damage":51,"enemies":"The Heart","floor":56,"turns":9}],"seed_played":"1285614852158108335","potions_obtained":[{"floor":2,"key":"ColorlessPotion"},{"floor":4,"key":"FearPotion"},{"floor":11,"key":"BlessingOfTheForge"},{"floor":16,"key":"Block Potion"},{"floor":19,"key":"SteroidPotion"},{"floor":20,"key":"Fire Potion"},{"floor":31,"key":"Dexterity Potion"},{"floor":35,"key":"SteroidPotion"},{"floor":37,"key":"BlessingOfTheForge"},{"floor":44,"key":"Block Potion"},{"floor":46,"key":"Explosive Potion"},{"floor":47,"key":"Ancient Potion"}],"is_trial":false,"path_per_floor":["M","M","$","M","?","R","E","R","T","M","M","R","$","M","R","B",null,"M","M","?","$","?","R","?","R","T","M","R","M","?","M","R","B",null,"M","M","M","?","?","R","E","R","T","?","$","E","M","E","R","B","B",null,"R","$","E","B",null],"character_chosen":"IRONCLAD","items_purchased":["Spot Weakness","Fruit Juice","Feed","True Grit","OrangePellets","Medical Kit","Feel No Pain"],"campfire_rested":0,"item_purchase_floors":[3,13,21,45,45,54,54],"current_hp_per_floor":[33,38,38,45,45,45,37,37,37,53,65,65,65,75,75,66,77,80,80,71,71,50,50,27,27,27,52,52,47,47,55,55,55,82,91,93,99,78,73,73,95,95,95,95,95,90,112,86,86,103,118,118,118,118,80,47],"gold":39,"neow_bonus":"THREE_RARE_CARDS","is_daily":false,"chose_seed":false,"campfire_upgraded":6,"win_rate":0.0,"timestamp":1608499148,"path_taken":["M","M","$","M","?","R","E","R","T","?","?","R","$","M","R","BOSS","M","M","?","$","?","R","?","R","T","M","R","M","?","M","R","BOSS","M","M","M","?","?","R","E","R","T","?","$","E","?","E","R","BOSS","BOSS","R","$","E","BOSS"],"items_purchased_type":["Card","Potion","Card","Card","Relic","Relic","Card"],"build_version":"2020-12-13","purchased_purges":0,"victory":true,"max_hp_per_floor":[75,75,75,75,75,75,75,75,75,75,75,75,75,75,75,80,80,80,80,80,80,80,80,85,85,85,88,88,91,91,91,91,91,91,94,97,103,103,103,103,106,106,106,106,106,109,112,112,112,115,118,118,118,118,118,118],"relic_stats":{"Peace Pipe":5,"OrangePellets":[5],"counters":[27,130],"Shuriken":[77],"Charon\u0027s Ashes":[54],"Champion Belt":[36],"Medical Kit":[6],"obtain_stats":[{"Girya":46,"Nilry\u0027s Codex":22,"Vajra":41,"Charon\u0027s Ashes":55,"Medical Kit":54,"Burning Blood":0,"Akabeko":43,"Peace Pipe":7,"OrangePellets":45,"Matryoshka":9,"Shuriken":26,"Red Mask":20,"Coffee Dripper":34,"Bag of Marbles":48,"Champion Belt":38,"Runic Pyramid":17,"Meat on the Bone":26},{"Girya":21,"Nilry\u0027s Codex":11,"Vajra":20,"Charon\u0027s Ashes":26,"Medical Kit":25,"Burning Blood":0,"Akabeko":20,"Peace Pipe":4,"OrangePellets":20,"Matryoshka":4,"Shuriken":11,"Red Mask":11,"Coffee Dripper":15,"Bag of Marbles":23,"Champion Belt":19,"Runic Pyramid":8,"Meat on the Bone":11},{"Girya":92,"Nilry\u0027s Codex":48,"Vajra":88,"Charon\u0027s Ashes":121,"Medical Kit":116,"Burning Blood":0,"Akabeko":88,"Peace Pipe":20,"OrangePellets":88,"Matryoshka":20,"Shuriken":48,"Red Mask":48,"Coffee Dripper":66,"Bag of Marbles":103,"Champion Belt":83,"Runic Pyramid":40,"Meat on the Bone":48}],"Burning Blood":143,"Meat on the Bone":24},"card_choices":[{"not_picked":["Demon Form","Berserk"],"picked":"Reaper","floor":0},{"not_picked":["Pummel","Twin Strike"],"picked":"Pommel Strike","floor":1},{"not_picked":["Twin Strike","Anger"],"picked":"Shrug It Off","floor":2},{"not_picked":["Armaments","Thunderclap"],"picked":"Dropkick","floor":4},{"not_picked":["Intimidate","Blood for Blood"],"picked":"Feel No Pain","floor":7},{"not_picked":["Headbutt","Pommel Strike","Intimidate"],"picked":"SKIP","floor":10},{"not_picked":["Sever Soul","Warcry"],"picked":"Battle Trance","floor":11},{"not_picked":["Cleave","Metallicize"],"picked":"Thunderclap","floor":14},{"not_picked":["Brutality","Feed"],"picked":"Fiend Fire","floor":16},{"not_picked":["Twin Strike+1","Pommel Strike","Heavy Blade"],"picked":"SKIP","floor":18},{"not_picked":["Dark Embrace","Cleave"],"picked":"Dropkick","floor":19},{"not_picked":["Iron Wave","Anger+1"],"picked":"Sword Boomerang+1","floor":20},{"not_picked":["Inflame","Heavy Blade"],"picked":"Warcry+1","floor":27},{"not_picked":["Clash+1","Armaments","Searing Blow"],"picked":"SKIP","floor":29},{"not_picked":["Blood for Blood","Wild Strike"],"picked":"Limit Break","floor":31},{"not_picked":["Immolate","Bludgeon"],"picked":"Double Tap","floor":33},{"not_picked":["Twin Strike","Armaments"],"picked":"Rage+1","floor":35},{"not_picked":["Blood for Blood","Twin Strike","Bloodletting"],"picked":"SKIP","floor":36},{"not_picked":["Anger+1","Inflame+1","Havoc"],"picked":"SKIP","floor":37},{"not_picked":["Brutality","Anger+1","Dropkick"],"picked":"SKIP","floor":41},{"not_picked":["Sever Soul+1","Headbutt","Havoc"],"picked":"SKIP","floor":46},{"not_picked":["Battle Trance","Iron Wave+1"],"picked":"Evolve+1","floor":47},{"not_picked":["Battle Trance","Body Slam"],"picked":"Fiend Fire","floor":48},{"not_picked":["Sword Boomerang","Perfected Strike","Uppercut"],"picked":"SKIP","floor":55}],"player_experience":2980425,"relics_obtained":[{"floor":7,"key":"Peace Pipe"},{"floor":9,"key":"Matryoshka"},{"floor":20,"key":"Red Mask"},{"floor":22,"key":"Nilry\u0027s Codex"},{"floor":26,"key":"Meat on the Bone"},{"floor":26,"key":"Shuriken"},{"floor":38,"key":"Champion Belt"},{"floor":41,"key":"Vajra"},{"floor":43,"key":"Akabeko"},{"floor":46,"key":"Girya"},{"floor":48,"key":"Bag of Marbles"},{"floor":55,"key":"Charon\u0027s Ashes"}],"event_choices":[{"cards_removed":["Strike_R"],"damage_healed":0,"gold_gain":0,"player_choice":"Purged","damage_taken":0,"max_hp_gain":0,"max_hp_loss":0,"event_name":"Purifier","floor":5,"gold_loss":0},{"damage_healed":0,"gold_gain":0,"player_choice":"Fought Bandits","damage_taken":0,"max_hp_gain":0,"max_hp_loss":0,"event_name":"Masked Bandits","floor":20,"gold_loss":0},{"damage_healed":0,"gold_gain":0,"player_choice":"Obtained Book","damage_taken":21,"max_hp_gain":0,"max_hp_loss":0,"event_name":"Cursed Tome","floor":22,"gold_loss":0},{"damage_healed":0,"gold_gain":0,"player_choice":"Shed Blood","damage_taken":28,"max_hp_gain":5,"max_hp_loss":0,"event_name":"Forgotten Altar","floor":24,"gold_loss":0},{"damage_healed":0,"gold_gain":50,"player_choice":"Stole From Cult","damage_taken":0,"max_hp_gain":0,"max_hp_loss":0,"event_name":"Nest","floor":30,"gold_loss":0},{"damage_healed":0,"gold_gain":0,"player_choice":"Fight","damage_taken":0,"max_hp_gain":0,"max_hp_loss":0,"event_name":"Mysterious Sphere","floor":38,"gold_loss":0},{"damage_healed":0,"gold_gain":0,"player_choice":"Memory 2","damage_taken":5,"max_hp_gain":0,"max_hp_loss":0,"event_name":"SensoryStone","floor":39,"gold_loss":0},{"damage_healed":0,"gold_gain":0,"player_choice":"Bought 1 Potion","damage_taken":0,"max_hp_gain":0,"max_hp_loss":0,"event_name":"The Woman in Blue","floor":44,"gold_loss":0}],"is_beta":false,"boss_relics":[{"not_picked":["Pandora\u0027s Box","SacredBark"],"picked":"Runic Pyramid"},{"not_picked":["Calling Bell","Runic Dome"],"picked":"Coffee Dripper"}],"items_purged_floors":[],"is_endless":false,"potions_floor_spawned":[2,4,11,16,19,20,31,35,37,46,47],"ascension_level":20}}