{"host":"o7j6aatxjwpw1421","time":1608452117,"event":{"mods":["2.2 Compatiblity","BaseMod","Colored Map","DeckTracker","Highlight Path","Keyboard Shortcuts","Minty Spire (QoL Compilation)","Permanent Neow","Quick Restart","StSLib","SuperFastMode","everything is the same but u backflip on backflip"],"gold_per_floor":[213,70,145,145,162,162,195,195,195,195,206,217,236,117,117,218,218,235,253,253,271,271,271,48,48,48,48,60,72,105,116,116,212,212,229,245,245,255,274,300,317,317,317,317,317,11,28,45,45,45,45],"floor_reached":50,"playtime":2082,"items_purged":["Decay","Strike_R"],"score":654,"play_id":"5b4eed71-6595-42d8-9392-3ea248049c63","local_time":"20201220171517","is_ascension_mode":true,"campfire_choices":[{"data":"Searing Blow","floor":6.0,"key":"SMITH"},{"data":"Searing Blow+1","floor":8.0,"key":"SMITH"},{"data":"Searing Blow+2","floor":10.0,"key":"SMITH"},{"data":"Armaments","floor":15.0,"key":"SMITH"},{"data":"Searing Blow+3","floor":23.0,"key":"SMITH"},{"data":"Searing Blow+4","floor":25.0,"key":"SMITH"},{"data":"Searing Blow+5","floor":27.0,"key":"SMITH"},{"data":"Searing Blow+6","floor":32.0,"key":"SMITH"},{"data":"Searing Blow+7","floor":42.0,"key":"SMITH"},{"data":"Searing Blow+8","floor":45.0,"key":"SMITH"},{"data":"Searing Blow+9","floor":49.0,"key":"SMITH"}],"circlet_count":0,"master_deck":["Strike_R","Strike_R","Strike_R","Strike_R","Defend_R","Defend_R","Defend_R","Defend_R","Bash","Perfected Strike","Impervious","Searing Blow+10","Battle Trance","Perfected Strike","Inflame","Limit Break","Armaments+1","Seeing Red","Double Tap","Seeing Red+1","Perfected Strike+1","Shrug It Off","Armaments+1"],"relics":["Burning Blood","Bag of Preparation","MealTicket","Question Card","Busted Crown","Centennial Puzzle","Bottled Tornado","Juzu Bracelet","Runic Cube","Kunai","Blue Candle","Sling"],"acts_visited":["Exordium","TheCity","TheBeyond"],"potions_floor_usage":[],"damage_taken":[{"damage":2.0,"enemies":"2 Louse","floor":1.0,"turns":3.0},{"damage":1.0,"enemies":"Cultist","floor":5.0,"turns":3.0},{"damage":40.0,"enemies":"Lagavulin","floor":7.0,"turns":5.0},{"damage":0.0,"enemies":"Small Slimes","floor":11.0,"turns":2.0},{"damage":5.0,"enemies":"Gremlin Gang","floor":12.0,"turns":6.0},{"damage":17.0,"enemies":"Exordium Thugs","floor":13.0,"turns":3.0},{"damage":50.0,"enemies":"Hexaghost","floor":16.0,"turns":9.0},{"damage":0.0,"enemies":"Chosen","floor":18.0,"turns":3.0},{"damage":0.0,"enemies":"Spheric Guardian","floor":19.0,"turns":3.0},{"damage":22.0,"enemies":"Chosen and Byrds","floor":21.0,"turns":6.0},{"damage":6.0,"enemies":"Centurion and Healer","floor":28.0,"turns":4.0},{"damage":0.0,"enemies":"3 Cultists","floor":29.0,"turns":4.0},{"damage":44.0,"enemies":"Slavers","floor":30.0,"turns":7.0},{"damage":10.0,"enemies":"Shelled Parasite and Fungi","floor":31.0,"turns":3.0},{"damage":16.0,"enemies":"Automaton","floor":33.0,"turns":6.0},{"damage":0.0,"enemies":"3 Darklings","floor":35.0,"turns":3.0},{"damage":22.0,"enemies":"3 Shapes","floor":36.0,"turns":2.0},{"damage":0.0,"enemies":"Jaw Worm Horde","floor":38.0,"turns":4.0},{"damage":1.0,"enemies":"Sphere and 2 Shapes","floor":39.0,"turns":4.0},{"damage":28.0,"enemies":"Nemesis","floor":40.0,"turns":5.0},{"damage":19.0,"enemies":"3 Darklings","floor":41.0,"turns":7.0},{"damage":0.0,"enemies":"Transient","floor":44.0,"turns":1.0},{"damage":0.0,"enemies":"Jaw Worm Horde","floor":47.0,"turns":2.0},{"damage":30.0,"enemies":"Writhing Mass","floor":48.0,"turns":2.0},{"damage":40,"enemies":"Time Eater","floor":50,"turns":5}],"seed_played":"-3190228232077550091","potions_obtained":[{"floor":5.0,"key":"DuplicationPotion"},{"floor":13.0,"key":"FearPotion"},{"floor":16.0,"key":"SmokeBomb"},{"floor":18.0,"key":"LiquidBronze"},{"floor":28.0,"key":"BloodPotion"},{"floor":33.0,"key":"AttackPotion"},{"floor":35.0,"key":"ColorlessPotion"},{"floor":36.0,"key":"Regen Potion"},{"floor":40.0,"key":"DuplicationPotion"}],"is_trial":false,"path_per_floor":["M","$","?","?","M","R","E","R","T","R","M","M","M","$","R","B",null,"M","M","?","M","?","R","$","R","T","R","M","M","E","M","R","B",null,"M","M","?","M","M","E","M","R","T","M","R","$","M","M","R","B"],"character_chosen":"IRONCLAD","items_purchased":["Bag of Preparation","Armaments","Seeing Red","Centennial Puzzle","Sling","AttackPotion"],"campfire_rested":0,"item_purchase_floors":[2,14,14,24,46,46],"current_hp_per_floor":[80,80,69,69,74,74,40,40,40,40,46,47,36,51,51,7,62,68,74,59,43,43,43,58,58,58,58,58,64,26,22,22,29,71,77,61,61,67,72,50,52,52,52,58,58,73,79,55,55,15,15],"gold":45,"neow_bonus":"HUNDRED_GOLD","is_daily":false,"chose_seed":false,"campfire_upgraded":11,"win_rate":0.0,"timestamp":1608452117,"path_taken":["M","$","?","?","M","R","E","R","T","R","M","?","M","?","R","BOSS","M","M","?","M","?","R","$","R","T","R","M","?","E","M","R","BOSS","M","M","?","M","M","E","M","R","T","M","R","$","M","M","R","BOSS"],"items_purchased_type":["Relic","Card","Card","Relic","Relic","Potion"],"build_version":"2020-12-13","purchased_purges":2,"victory":false,"max_hp_per_floor":[80,80,80,80,80,80,80,80,80,80,80,80,80,80,80,80,80,80,80,85,85,85,85,85,85,85,85,85,85,85,85,85,85,85,85,85,85,85,85,85,85,85,85,85,85,85,85,85,85,85,85],"card_choices":[{"not_picked":["Thunderclap","Metallicize"],"picked":"Perfected Strike","floor":1.0},{"not_picked":["Armaments","Infernal Blade"],"picked":"Searing Blow","floor":5.0},{"not_picked":["Searing Blow","Iron Wave"],"picked":"Battle Trance","floor":7.0},{"not_picked":["Blood for Blood","Clothesline","Pommel Strike"],"picked":"Perfected Strike","floor":11.0},{"not_picked":["Hemokinesis","Whirlwind","Combust"],"picked":"Inflame","floor":12.0},{"not_picked":["Infernal Blade","Iron Wave","Heavy Blade"],"picked":"Limit Break","floor":13.0},{"not_picked":["Immolate","Exhume","Bludgeon"],"picked":"Double Tap","floor":16.0},{"not_picked":["Sword Boomerang","Warcry"],"picked":"SKIP","floor":18.0},{"not_picked":["Iron Wave","Entrench"],"picked":"SKIP","floor":19.0},{"not_picked":["Sentinel+1"],"picked":"Seeing Red+1","floor":21.0},{"not_picked":["Heavy Blade+1","Fire Breathing+1"],"picked":"SKIP","floor":28.0},{"not_picked":["Clothesline+1","Clash"],"picked":"SKIP","floor":29.0},{"not_picked":["Immolate","Spot Weakness"],"picked":"SKIP","floor":30.0},{"not_picked":["Immolate","Spot Weakness"],"picked":"SKIP","floor":30.0},{"not_picked":["Heavy Blade"],"picked":"Perfected Strike+1","floor":31.0},{"not_picked":["Reckless Charge+1","Flex+1"],"picked":"SKIP","floor":35.0},{"not_picked":["Clash","Spot Weakness+1"],"picked":"SKIP","floor":36.0},{"not_picked":["Thunderclap+1","Twin Strike+1"],"picked":"SKIP","floor":38.0},{"not_picked":["Infernal Blade"],"picked":"Shrug It Off","floor":39.0},{"not_picked":["Searing Blow"],"picked":"Armaments+1","floor":40.0},{"not_picked":["Anger","Body Slam"],"picked":"SKIP","floor":41.0},{"not_picked":["Iron Wave+1","Heavy Blade"],"picked":"SKIP","floor":47.0},{"not_picked":["Dropkick","Spot Weakness"],"picked":"SKIP","floor":48.0}],"player_experience":275316,"relics_obtained":[{"floor":7.0,"key":"MealTicket"},{"floor":9.0,"key":"Question Card"},{"floor":26.0,"key":"Bottled Tornado"},{"floor":30.0,"key":"Juzu Bracelet"},{"floor":40.0,"key":"Kunai"},{"floor":43.0,"key":"Blue Candle"}],"event_choices":[{"damage_healed":0.0,"max_hp_gain":0.0,"max_hp_loss":0.0,"gold_gain":75.0,"event_name":"World of Goop","player_choice":"Gather Gold","floor":3.0,"gold_loss":0.0,"damage_taken":11.0},{"damage_healed":0.0,"max_hp_gain":0.0,"max_hp_loss":0.0,"gold_gain":0.0,"event_name":"Match and Keep!","player_choice":"1 cards matched","floor":4.0,"gold_loss":0.0,"damage_taken":0.0,"cards_obtained":["Impervious"]},{"damage_healed":0.0,"max_hp_gain":5.0,"max_hp_loss":0.0,"gold_gain":0.0,"event_name":"Forgotten Altar","player_choice":"Shed Blood","floor":20.0,"gold_loss":0.0,"damage_taken":20.0},{"damage_healed":0.0,"max_hp_gain":0.0,"max_hp_loss":0.0,"gold_gain":0.0,"event_name":"Wheel of Change","player_choice":"Cursed","floor":22.0,"gold_loss":0.0,"damage_taken":0.0,"cards_obtained":["Decay"]},{"damage_healed":0.0,"max_hp_gain":0.0,"max_hp_loss":0.0,"gold_gain":0.0,"event_name":"SensoryStone","player_choice":"Memory 1","floor":37.0,"gold_loss":0.0,"damage_taken":0.0}],"is_beta":false,"boss_relics":[{"not_picked":["Tiny House","Runic Dome"],"picked":"Busted Crown"},{"not_picked":["SlaversCollar","Coffee Dripper"],"picked":"Runic Cube"}],"items_purged_floors":[24,46],"is_endless":false,"potions_floor_spawned":[5,13,16,18,28,33,35,36,40,44],"killed_by":"Time Eater","ascension_level":5}}