{"host":"ecaj4hn004xnnrw9","time":1608428941,"event":{"mods":["AchievementEnabler","BaseMod","Hermit","Minty Spire (QoL Compilation)","Quick Restart","Replay The Spire","StSLib","The Cursed"],"gold_per_floor":[111,128,128,53,72,107,107,107,107,107,165,165,165],"floor_reached":12,"playtime":686,"items_purged":["ReplayTheSpireMod:Uncanny Aura"],"score":87,"play_id":"edfc4c0a-703f-48df-918a-d4a59f6bd333","local_time":"20201220014901","is_ascension_mode":true,"campfire_choices":[{"data":"Dagger Spray","floor":7,"key":"SMITH"}],"circlet_count":0,"master_deck":["Strike_G","Strike_G","Strike_G","Strike_G","Defend_G","Defend_G","Defend_G","Defend_G","Defend_G","Survivor","Neutralize","Dagger Spray+1","ReplayTheSpireMod:Speed Training","Neutralize","Dagger Spray","Poisoned Stab","Blade Dance"],"relics":["Sozu","Shovel","Thread and Needle","Replay:Rubber Ducky"],"acts_visited":["Exordium"],"potions_floor_usage":[],"damage_taken":[{"damage":0,"enemies":"2 Louse","floor":1,"turns":3},{"damage":5,"enemies":"Cultist","floor":2,"turns":4},{"damage":0,"enemies":"Small Slimes","floor":5,"turns":4},{"damage":50,"enemies":"Gremlin Nob","floor":6,"turns":6},{"damage":9,"enemies":"Gremlin Nob","floor":11,"turns":5},{"damage":11,"enemies":"Lagavulin","floor":12,"turns":2}],"seed_played":"2036997453637228227","potions_obtained":[],"is_trial":false,"path_per_floor":["M","M","?","$","M","E","R","?","T","?","?","E"],"character_chosen":"THE_SILENT","items_purchased":[],"campfire_rested":0,"item_purchase_floors":[],"current_hp_per_floor":[70,65,65,65,65,15,15,15,15,15,6,0,0],"gold":165,"neow_bonus":"BOSS_RELIC","is_daily":false,"chose_seed":false,"campfire_upgraded":1,"win_rate":0.0,"timestamp":1608428941,"path_taken":["M","M","?","$","?","E","R","?","T","?","?","E"],"items_purchased_type":[],"build_version":"2020-12-13","purchased_purges":1,"victory":false,"max_hp_per_floor":[70,70,70,70,70,70,70,70,70,70,70,70,70],"card_choices":[{"not_picked":["Cloak And Dagger","Backflip"],"picked":"Dagger Spray","floor":1},{"not_picked":["Calculated Gamble","Acrobatics"],"picked":"ReplayTheSpireMod:Speed Training","floor":2},{"not_picked":["Toxin Wave","Deadly Poison"],"picked":"Dagger Spray","floor":5},{"not_picked":["ReplayTheSpireMod:Speed Training","Sneak Up"],"picked":"Poisoned Stab","floor":6},{"not_picked":["ReplayTheSpireMod:Shiv Toss","Dagger Spray"],"picked":"Blade Dance","floor":11}],"player_experience":181331,"relics_obtained":[{"floor":6,"key":"Shovel"},{"floor":9,"key":"Thread and Needle"}],"event_choices":[{"damage_healed":0,"gold_gain":0,"player_choice":"2 cards matched","damage_taken":0,"max_hp_gain":0,"max_hp_loss":0,"event_name":"Match and Keep!","floor":3,"gold_loss":0,"cards_obtained":["ReplayTheSpireMod:Uncanny Aura","Neutralize"]},{"damage_healed":0,"gold_gain":0,"player_choice":"Ignored","damage_taken":0,"max_hp_gain":0,"max_hp_loss":0,"event_name":"Liars Game","floor":10,"gold_loss":0},{"damage_healed":0,"gold_gain":0,"player_choice":"Searched \u00272\u0027 times","damage_taken":0,"relics_obtained":["Replay:Rubber Ducky"],"max_hp_gain":0,"max_hp_loss":0,"event_name":"Dead Adventurer","floor":11,"gold_loss":0}],"is_beta":false,"boss_relics":[],"items_purged_floors":[4],"is_endless":false,"potions_floor_spawned":[2,5],"killed_by":"Lagavulin","ascension_level":3}}