{"host":"gk9qdtkqd8dwfeg2","time":1608447082,"event":{"mods":["Aspiration","BaseMod","Minty Spire (QoL Compilation)","Quick Restart","Replay The Spire","Shop Mod","StSLib","TestMod","Waifu the Spire"],"gold_per_floor":[118,137,137,137,150,150,181,198,246,279,279,308,320,3,3,78,78,78,78],"floor_reached":18,"playtime":611,"items_purged":["Strike_R"],"score":410,"play_id":"a0e8938a-0f14-4dd3-b2ed-956f09072cff","local_time":"20201220145122","is_ascension_mode":true,"campfire_choices":[{"data":"Abandon","floor":11.0,"key":"SMITH"},{"data":"Dark Embrace","floor":15,"key":"SMITH"},{"data":"Fire Breathing","floor":15,"key":"SMITH"}],"circlet_count":0,"master_deck":["AscendersBane","Strike_R","Strike_R","Defend_R","Defend_R","Defend_R","Bash","ReplayTheSpireMod:Limb From Limb","Fire Breathing+1","Masterful Stab","Backflip","Heel Hook","Abandon+1","Power Through","Dark Embrace+1","Impervious","Berserk"],"relics":["Burning Blood","testmod-TestBox","testmod-RealStoneCalender","NeowsBlessing","Torii","Boot","Replay:Rubber Ducky","Bottled Tornado","Replay:Arrowhead","MerchantsRug","aspiration:RitualDagger"],"acts_visited":["Exordium","TheCity"],"potions_floor_usage":[18],"damage_taken":[{"damage":0.0,"enemies":"2 Louse","floor":1.0,"turns":1.0},{"damage":0.0,"enemies":"Cultist","floor":2.0,"turns":1.0},{"damage":0.0,"enemies":"Jaw Worm","floor":5.0,"turns":1.0},{"damage":20.0,"enemies":"Lagavulin","floor":7.0,"turns":5.0},{"damage":7.0,"enemies":"Looter","floor":8.0,"turns":3.0},{"damage":0.0,"enemies":"Replay:BlueRogue","floor":10.0,"turns":5.0},{"damage":18.0,"enemies":"Gremlin Nob","floor":12.0,"turns":4.0},{"damage":9.0,"enemies":"2 Fungi Beasts","floor":13.0,"turns":3.0},{"damage":1,"enemies":"Hexaghost","floor":16,"turns":6},{"damage":37,"enemies":"Shell Parasite","floor":18,"turns":5}],"seed_played":"261583913921120157","potions_obtained":[{"floor":1.0,"key":"Strength Potion"},{"floor":4.0,"key":"SkillPotion"},{"floor":7.0,"key":"SteroidPotion"},{"floor":10.0,"key":"BlessingOfTheForge"},{"floor":13.0,"key":"SkillPotion"}],"is_trial":false,"path_per_floor":["M","M","?","?","M","?","E","M","T","E","R","E","M","$","R","B",null,"M"],"character_chosen":"IRONCLAD","items_purchased":["MerchantsRug","Impervious"],"campfire_rested":0,"item_purchase_floors":[14,14],"current_hp_per_floor":[74,75,75,75,75,75,61,60,60,66,66,54,51,51,51,56,70,33,33],"gold":78,"neow_bonus":"THREE_ENEMY_KILL","is_daily":false,"chose_seed":false,"campfire_upgraded":3,"win_rate":0.0,"timestamp":1608447082,"path_taken":["M","M","?","?","?","?","E","?","T","E","R","E","M","$","R","BOSS","M"],"items_purchased_type":["Relic","Card"],"build_version":"2020-12-13","purchased_purges":1,"victory":false,"max_hp_per_floor":[75,75,75,75,75,75,75,75,75,75,75,75,75,75,75,75,75,75,75],"card_choices":[{"not_picked":["Rage","Wild Strike"],"picked":"ReplayTheSpireMod:Limb From Limb","floor":1.0},{"not_picked":["Anger","Twin Strike"],"picked":"Fire Breathing","floor":2.0},{"not_picked":["Headbutt","Anger"],"picked":"Abandon","floor":5.0},{"not_picked":["Spot Weakness","Combust"],"picked":"Power Through","floor":7.0},{"not_picked":["ReplayTheSpireMod:Stacked","Dual Wield"],"picked":"Dark Embrace","floor":8.0},{"not_picked":["Life Link","True Grit","Cleave"],"picked":"SKIP","floor":10.0},{"not_picked":["Disarm","Havoc","Run Through"],"picked":"SKIP","floor":12.0},{"not_picked":["Run Through","Clash","Thunderclap"],"picked":"SKIP","floor":13.0},{"not_picked":["Fiend Fire","Demonic Infusion"],"picked":"Berserk","floor":16}],"player_experience":1008569,"relics_obtained":[{"floor":7.0,"key":"Boot"},{"floor":9.0,"key":"Replay:Rubber Ducky"},{"floor":10.0,"key":"Bottled Tornado"},{"floor":12.0,"key":"Replay:Arrowhead"}],"event_choices":[{"damage_healed":0.0,"max_hp_gain":0.0,"max_hp_loss":0.0,"gold_gain":0.0,"event_name":"Lab","player_choice":"Got Potions","floor":4.0,"gold_loss":0.0,"damage_taken":0.0},{"damage_healed":0.0,"max_hp_gain":0.0,"max_hp_loss":0.0,"gold_gain":0.0,"event_name":"WeMeetAgain","player_choice":"Gave Potion","floor":6.0,"gold_loss":0.0,"damage_taken":0.0,"relics_obtained":["Torii"]}],"is_beta":false,"boss_relics":[{"not_picked":["testmod-BatchProcessingSystem","Painkiller Herb"],"picked":"aspiration:RitualDagger"}],"items_purged_floors":[14],"is_endless":false,"potions_floor_spawned":[1,5,7,10,13],"killed_by":"Shell Parasite","ascension_level":20}}