{"host":"nolo0osttpwefhwj","time":1608422623,"event":{"mods":["AchievementEnabler","BaseMod","Bestiary","Colored Powertips","Minty Spire (QoL Compilation)","Permanent Neow","Quick Restart","Relic Stats"],"gold_per_floor":[209,209,19,39,55,88,88,120,120,120,137,147,173,188,188,265,265,284,297,297,297,297,297,314,347,401,401,429,446,475,56,56,130,130,140,155,170,188,204,230,242,270,270,270,34,61,410,390,390,390,390,390,38,68,68],"floor_reached":56,"playtime":4877,"items_purged":["Strike_B+1"],"score":2143,"play_id":"8f10a3f5-e6d2-4cb1-b928-197f48a28d03","local_time":"20201220010343","is_ascension_mode":true,"campfire_choices":[{"data":"Sunder","floor":7.0,"key":"SMITH"},{"data":"Loop","floor":10.0,"key":"SMITH"},{"data":"Sunder","floor":15.0,"key":"SMITH"},{"data":"Multi-Cast","floor":23.0,"key":"SMITH"},{"data":"Seek","floor":27.0,"key":"SMITH"},{"data":"Coolheaded","floor":32.0,"key":"SMITH"},{"data":"Fission","floor":44.0,"key":"SMITH"},{"floor":49.0,"key":"RECALL"},{"data":"Metamorphosis","floor":52,"key":"SMITH"}],"circlet_count":0,"master_deck":["AscendersBane","Strike_B+1","Strike_B+1","Strike_B+1","Defend_B+1","Defend_B+1","Defend_B+1","Defend_B+1","Dualcast+1","Loop+1","Sunder+1","Chill","Self Repair","BootSequence+1","Sunder+1","Hologram","Darkness","Multi-Cast+1","Static Discharge+1","Recycle+1","Hologram+1","Seek+1","Turbo+1","Rainbow","FTL","Coolheaded+1","Fission+1","Glacier","Self Repair+1","Scrape","Compile Driver+1","Compile Driver","Metamorphosis+1","Meteor Strike+1","Coolheaded+1","Compile Driver+1"],"relics":["Cracked Core","OrangePellets","HornCleat","Eternal Feather","Pantograph","Bag of Marbles","Coffee Dripper","Bottled Lightning","PreservedInsect","War Paint","Kunai","Snecko Eye","Pen Nib","Juzu Bracelet","Vajra","Ornamental Fan","Old Coin","Calipers","Whetstone"],"acts_visited":["Exordium","TheCity","TheBeyond","TheEnding"],"potions_floor_usage":[55,55],"damage_taken":[{"damage":2.0,"enemies":"Jaw Worm","floor":1.0,"turns":3.0},{"damage":0.0,"enemies":"Cultist","floor":4.0,"turns":3.0},{"damage":0.0,"enemies":"2 Louse","floor":5.0,"turns":2.0},{"damage":16.0,"enemies":"Lagavulin","floor":6.0,"turns":7.0},{"damage":7.0,"enemies":"3 Sentries","floor":8.0,"turns":4.0},{"damage":0.0,"enemies":"Exordium Wildlife","floor":11.0,"turns":3.0},{"damage":6.0,"enemies":"Large Slime","floor":12.0,"turns":6.0},{"damage":29.0,"enemies":"Gremlin Nob","floor":13.0,"turns":5.0},{"damage":0.0,"enemies":"Exordium Thugs","floor":14.0,"turns":3.0},{"damage":28.0,"enemies":"Hexaghost","floor":16.0,"turns":10.0},{"damage":4.0,"enemies":"Shell Parasite","floor":18.0,"turns":3.0},{"damage":5.0,"enemies":"3 Byrds","floor":19.0,"turns":2.0},{"damage":9.0,"enemies":"Centurion and Healer","floor":24.0,"turns":5.0},{"damage":22.0,"enemies":"Slavers","floor":25.0,"turns":4.0},{"damage":8.0,"enemies":"Gremlin Leader","floor":28.0,"turns":5.0},{"damage":6.0,"enemies":"Sentry and Sphere","floor":29.0,"turns":6.0},{"damage":0.0,"enemies":"Book of Stabbing","floor":30.0,"turns":2.0},{"damage":0.0,"enemies":"Automaton","floor":33.0,"turns":6.0},{"damage":0.0,"enemies":"3 Shapes","floor":35.0,"turns":3.0},{"damage":0.0,"enemies":"Orb Walker","floor":36.0,"turns":1.0},{"damage":0.0,"enemies":"Spire Growth","floor":37.0,"turns":4.0},{"damage":11.0,"enemies":"Maw","floor":38.0,"turns":5.0},{"damage":0.0,"enemies":"Writhing Mass","floor":39.0,"turns":3.0},{"damage":18.0,"enemies":"Reptomancer","floor":40.0,"turns":6.0},{"damage":0.0,"enemies":"Spire Growth","floor":41.0,"turns":4.0},{"damage":0.0,"enemies":"Giant Head","floor":42.0,"turns":5.0},{"damage":19.0,"enemies":"Nemesis","floor":46.0,"turns":7.0},{"damage":26.0,"enemies":"2 Orb Walkers","floor":47.0,"turns":4.0},{"damage":22,"enemies":"Donu and Deca","floor":50,"turns":8},{"damage":28,"enemies":"Shield and Spear","floor":54,"turns":5},{"damage":20,"enemies":"The Heart","floor":55,"turns":6}],"seed_played":"-8184569811962283257","potions_obtained":[{"floor":2.0,"key":"Explosive Potion"},{"floor":2.0,"key":"Regen Potion"},{"floor":8.0,"key":"EssenceOfSteel"},{"floor":11.0,"key":"SteroidPotion"},{"floor":13.0,"key":"FocusPotion"},{"floor":16.0,"key":"EssenceOfDarkness"},{"floor":25.0,"key":"Weak Potion"},{"floor":29.0,"key":"DuplicationPotion"},{"floor":33.0,"key":"SteroidPotion"},{"floor":40.0,"key":"DuplicationPotion"},{"floor":42.0,"key":"PotionOfCapacity"},{"floor":48.0,"key":"PotionOfCapacity"}],"is_trial":false,"path_per_floor":["M","?","$","M","M","E","R","E","T","R","M","M","E","M","R","B",null,"M","M","?","?","?","R","M","E","T","R","E","M","E","$","R","B",null,"M","M","M","M","M","E","M","E","T","R","$","E","?","?","R","B",null,"R","$","E","B",null],"character_chosen":"DEFECT","items_purchased":["OrangePellets","Sunder","Kunai","FTL","Coolheaded","Compile Driver","Metamorphosis","Calipers","Compile Driver"],"campfire_rested":0,"item_purchase_floors":[3,3,31,31,31,45,45,53,53],"current_hp_per_floor":[66,66,66,66,66,62,62,62,62,71,75,75,46,46,55,54,70,73,68,68,68,68,75,73,58,58,70,69,70,70,70,75,75,75,75,75,75,75,75,74,75,75,75,75,75,73,64,64,75,70,74,75,75,64,72],"gold":68,"neow_bonus":"HUNDRED_GOLD","is_daily":false,"chose_seed":false,"campfire_upgraded":8,"win_rate":0.0,"timestamp":1608422623,"path_taken":["M","?","$","M","?","E","R","E","T","R","M","M","E","?","R","BOSS","M","M","?","?","?","R","?","E","T","R","E","M","E","$","R","BOSS","M","M","?","M","M","E","M","E","T","R","$","E","?","?","R","BOSS","R","$","E","BOSS"],"items_purchased_type":["Relic","Card","Relic","Card","Card","Card","Card","Relic","Card"],"build_version":"2020-12-13","purchased_purges":1,"victory":true,"max_hp_per_floor":[75,75,75,75,75,75,75,75,75,75,75,75,75,75,75,75,75,75,75,75,75,75,75,75,75,75,75,75,75,75,75,75,75,75,75,75,75,75,75,75,75,75,75,75,75,75,75,75,75,75,75,75,75,75,75],"relic_stats":{"counters":[31,139],"Eternal Feather":54,"PreservedInsect":361,"Pen Nib":[13],"Juzu Bracelet":1,"Whetstone":["Compile Driver","Meteor Strike"],"War Paint":["BootSequence","Dualcast"],"OrangePellets":[19],"Ornamental Fan":[104],"Pantograph":31,"Snecko Eye":[46,38,39,40],"Kunai":[38],"obtain_stats":[{"Calipers":53,"Vajra":43,"Eternal Feather":8,"PreservedInsect":28,"Pen Nib":40,"Juzu Bracelet":42,"Whetstone":54,"War Paint":30,"Old Coin":47,"OrangePellets":3,"HornCleat":6,"Ornamental Fan":46,"Pantograph":9,"Snecko Eye":34,"Bag of Marbles":13,"Coffee Dripper":17,"Bottled Lightning":25,"Kunai":31,"Cracked Core":0},{"Calipers":29,"Vajra":26,"Eternal Feather":5,"PreservedInsect":15,"Pen Nib":24,"Juzu Bracelet":26,"Whetstone":30,"War Paint":17,"Old Coin":28,"OrangePellets":1,"HornCleat":4,"Ornamental Fan":27,"Pantograph":5,"Snecko Eye":18,"Bag of Marbles":8,"Coffee Dripper":10,"Bottled Lightning":14,"Kunai":17,"Cracked Core":0},{"Calipers":128,"Vajra":109,"Eternal Feather":19,"PreservedInsect":65,"Pen Nib":100,"Juzu Bracelet":109,"Whetstone":133,"War Paint":72,"Old Coin":120,"OrangePellets":3,"HornCleat":15,"Ornamental Fan":116,"Pantograph":19,"Snecko Eye":78,"Bag of Marbles":33,"Coffee Dripper":46,"Bottled Lightning":60,"Kunai":72,"Cracked Core":0}]},"card_choices":[{"not_picked":["Hologram","Chaos"],"picked":"Loop","floor":1.0},{"not_picked":["Leap","Streamline","Scrape"],"picked":"SKIP","floor":4.0},{"not_picked":["Barrage","Force Field"],"picked":"Chill","floor":5.0},{"not_picked":["Steam Power","Auto Shields"],"picked":"Self Repair","floor":6.0},{"not_picked":["Sweeping Beam","Cold Snap"],"picked":"BootSequence","floor":8.0},{"not_picked":["Hello World","Cold Snap","Steam Power"],"picked":"SKIP","floor":11.0},{"not_picked":["Redo","Self Repair"],"picked":"Sunder","floor":12.0},{"not_picked":["Sweeping Beam","Thunder Strike"],"picked":"Hologram","floor":13.0},{"not_picked":["Capacitor","Stack"],"picked":"Darkness","floor":14.0},{"not_picked":["Seek","Amplify"],"picked":"Multi-Cast","floor":16.0},{"not_picked":["Rebound","Compile Driver"],"picked":"Static Discharge+1","floor":18.0},{"not_picked":["Melter","Compile Driver"],"picked":"Recycle+1","floor":19.0},{"not_picked":["Steam","Coolheaded"],"picked":"Hologram+1","floor":24.0},{"not_picked":["Stack","Streamline"],"picked":"Seek","floor":25.0},{"not_picked":["Stack","Gash"],"picked":"Turbo+1","floor":28.0},{"not_picked":["Beam Cell","Conserve Battery","Turbo"],"picked":"SKIP","floor":29.0},{"not_picked":["Hello World","Cold Snap"],"picked":"Rainbow","floor":30.0},{"not_picked":["Thunder Strike","Rainbow"],"picked":"Fission","floor":33.0},{"not_picked":["Leap","Steam Power"],"picked":"Glacier","floor":35.0},{"not_picked":["Chaos","Reprogram","Streamline"],"picked":"SKIP","floor":36.0},{"not_picked":["Reprogram","Beam Cell"],"picked":"Self Repair+1","floor":37.0},{"not_picked":["Hologram","Go for the Eyes","Consume"],"picked":"SKIP","floor":38.0},{"not_picked":["Chill+1","Rainbow"],"picked":"Scrape","floor":39.0},{"not_picked":["Scrape","Redo"],"picked":"Compile Driver+1","floor":40.0},{"not_picked":["Redo","Cold Snap","Barrage+1"],"picked":"SKIP","floor":41.0},{"not_picked":["Fusion","Auto Shields","Stack"],"picked":"SKIP","floor":42.0},{"not_picked":["Stack","Redo"],"picked":"Meteor Strike","floor":46.0},{"not_picked":["Conserve Battery","Hologram"],"picked":"Coolheaded+1","floor":47.0},{"not_picked":["Hello World","Turbo","Coolheaded"],"picked":"SKIP","floor":54}],"player_experience":199076,"relics_obtained":[{"floor":6.0,"key":"HornCleat"},{"floor":8.0,"key":"Eternal Feather"},{"floor":9.0,"key":"Pantograph"},{"floor":13.0,"key":"Bag of Marbles"},{"floor":25.0,"key":"Bottled Lightning"},{"floor":28.0,"key":"PreservedInsect"},{"floor":30.0,"key":"War Paint"},{"floor":40.0,"key":"Pen Nib"},{"floor":42.0,"key":"Juzu Bracelet"},{"floor":43.0,"key":"Vajra"},{"floor":46.0,"key":"Ornamental Fan"},{"floor":47.0,"key":"Old Coin"},{"floor":54,"key":"Whetstone"}],"event_choices":[{"damage_healed":0.0,"max_hp_gain":0.0,"max_hp_loss":0.0,"gold_gain":0.0,"event_name":"Lab","player_choice":"Got Potions","floor":2.0,"gold_loss":0.0,"damage_taken":0.0},{"damage_healed":0.0,"max_hp_gain":0.0,"max_hp_loss":0.0,"gold_gain":0.0,"event_name":"Back to Basics","player_choice":"Simplicity","floor":20.0,"gold_loss":0.0,"damage_taken":0.0,"cards_upgraded":["Strike_B","Strike_B","Strike_B","Strike_B","Defend_B","Defend_B","Defend_B","Defend_B"]},{"damage_healed":0.0,"max_hp_gain":0.0,"max_hp_loss":0.0,"gold_gain":0.0,"event_name":"Vampires","player_choice":"Ignored","floor":21.0,"gold_loss":0.0,"damage_taken":0.0},{"cards_removed":["Zap"],"damage_healed":0.0,"max_hp_gain":0.0,"max_hp_loss":0.0,"gold_gain":0.0,"event_name":"Bonfire Elementals","player_choice":"Offered Basic","floor":22.0,"gold_loss":0.0,"damage_taken":0.0},{"damage_healed":0.0,"max_hp_gain":0.0,"max_hp_loss":0.0,"gold_gain":0.0,"event_name":"Mysterious Sphere","player_choice":"Fight","floor":47.0,"gold_loss":0.0,"damage_taken":0.0},{"damage_healed":0.0,"max_hp_gain":0.0,"max_hp_loss":0.0,"gold_gain":0.0,"event_name":"The Woman in Blue","player_choice":"Bought 1 Potion","floor":48.0,"gold_loss":0.0,"damage_taken":0.0}],"is_beta":false,"boss_relics":[{"not_picked":["Sozu","SlaversCollar"],"picked":"Coffee Dripper"},{"not_picked":["Black Star","FrozenCore"],"picked":"Snecko Eye"}],"items_purged_floors":[31],"is_endless":false,"potions_floor_spawned":[5,8,11,13,16,19,25,29,33,38,39,40,42,54],"ascension_level":13}}