{"host":"7pe9xwx78c6nlay8","time":1608488995,"event":{"mods":["BaseMod","Minty Spire (QoL Compilation)"],"gold_per_floor":[116,291,301,301,316,316,347,357,380,398,418,418,193,225,225,327,327,346,363,15,15,15],"floor_reached":21,"playtime":756,"items_purged":["Doubt"],"score":335,"play_id":"db647910-a8eb-48d2-989c-9ab0bd7ccdac","local_time":"20201221022955","is_ascension_mode":true,"campfire_choices":[{"data":"Mayhem","floor":6,"key":"SMITH"},{"floor":12,"key":"REST"},{"data":"WaveOfTheHand","floor":15,"key":"SMITH"}],"circlet_count":0,"master_deck":["AscendersBane","Strike_P","Strike_P","Strike_P","Strike_P","Defend_P","Defend_P","Defend_P+1","Defend_P","Eruption","Vigilance","Mayhem+1","JustLucky","ReachHeaven","WaveOfTheHand+1","JustLucky","Wallop","Weave","DeusExMachina+1","ThirdEye"],"relics":["PureWater","Omamori","Nunchaku","Happy Flower","Lantern","Vajra","Runic Pyramid","Strange Spoon","War Paint"],"acts_visited":["Exordium","TheCity"],"potions_floor_usage":[7,8,14,14,19],"damage_taken":[{"damage":4,"enemies":"Jaw Worm","floor":1,"turns":6},{"damage":0,"enemies":"2 Louse","floor":3,"turns":2},{"damage":4,"enemies":"Cultist","floor":5,"turns":6},{"damage":5,"enemies":"Lagavulin","floor":7,"turns":6},{"damage":0,"enemies":"Exordium Wildlife","floor":8,"turns":2},{"damage":13,"enemies":"Looter","floor":10,"turns":4},{"damage":4,"enemies":"Blue Slaver","floor":11,"turns":5},{"damage":0,"enemies":"3 Sentries","floor":14,"turns":5},{"damage":31,"enemies":"Hexaghost","floor":16,"turns":6},{"damage":44,"enemies":"3 Byrds","floor":18,"turns":6},{"damage":3,"enemies":"Shell Parasite","floor":19,"turns":4},{"damage":0,"enemies":"Centurion and Healer","floor":21,"turns":1}],"seed_played":"-5075950519883482578","potions_obtained":[{"floor":3,"key":"Explosive Potion"},{"floor":5,"key":"Weak Potion"},{"floor":7,"key":"BlessingOfTheForge"},{"floor":10,"key":"LiquidBronze"},{"floor":16,"key":"EssenceOfSteel"},{"floor":19,"key":"BlessingOfTheForge"}],"is_trial":false,"path_per_floor":["M","?","M","?","M","R","E","M","T","M","M","R","$","E","R","B",null,"M","M","$","M"],"character_chosen":"WATCHER","items_purchased":["Lantern","Strange Spoon","ThirdEye","War Paint"],"campfire_rested":1,"item_purchase_floors":[13,20,20,20],"current_hp_per_floor":[61,61,61,58,54,54,49,49,49,36,32,51,51,51,51,20,54,10,7,7,7,7],"gold":15,"neow_bonus":"RANDOM_COLORLESS_2","is_daily":false,"chose_seed":false,"campfire_upgraded":2,"win_rate":0.0,"timestamp":1608488995,"path_taken":["M","?","M","?","?","R","E","M","T","M","M","R","$","E","R","BOSS","M","M","$","M"],"items_purchased_type":["Relic","Relic","Card","Relic"],"build_version":"2020-12-13","purchased_purges":1,"victory":false,"max_hp_per_floor":[65,65,65,65,65,65,65,65,65,65,65,65,65,65,65,65,65,65,65,65,65,65],"card_choices":[{"not_picked":["Panache","Chrysalis"],"picked":"Mayhem","floor":0},{"not_picked":["Prostrate","FollowUp"],"picked":"JustLucky","floor":1},{"not_picked":["EmptyFist","Consecrate","CrushJoints"],"picked":"SKIP","floor":3},{"not_picked":["InnerPeace","FlurryOfBlows"],"picked":"ReachHeaven","floor":5},{"not_picked":["Halt","FollowUp"],"picked":"WaveOfTheHand","floor":7},{"not_picked":["BowlingBash","Sanctity"],"picked":"JustLucky","floor":8},{"not_picked":["EmptyFist","Consecrate"],"picked":"Wallop","floor":10},{"not_picked":["Sanctity","Vault","ForeignInfluence"],"picked":"SKIP","floor":11},{"not_picked":["SandsOfTime","FlyingSleeves"],"picked":"Weave","floor":14},{"not_picked":["Blasphemy","Wish"],"picked":"DeusExMachina","floor":16},{"not_picked":["Evaluate","Indignation+1","BowlingBash+1"],"picked":"SKIP","floor":18},{"not_picked":["Pray+1","Adaptation+1","Protect"],"picked":"SKIP","floor":19}],"player_experience":1543095,"relics_obtained":[{"floor":7,"key":"Nunchaku"},{"floor":9,"key":"Happy Flower"},{"floor":14,"key":"Vajra"}],"event_choices":[{"damage_healed":0,"gold_gain":175,"player_choice":"AGREE","damage_taken":0,"max_hp_gain":0,"max_hp_loss":0,"event_name":"Liars Game","floor":2,"gold_loss":0,"cards_obtained":["Doubt"]},{"damage_healed":0,"gold_gain":0,"player_choice":"Success","damage_taken":3,"relics_obtained":["Omamori"],"max_hp_gain":0,"max_hp_loss":0,"event_name":"Scrap Ooze","floor":4,"gold_loss":0}],"is_beta":false,"boss_relics":[{"not_picked":["Fusion Hammer","Busted Crown"],"picked":"Runic Pyramid"}],"items_purged_floors":[13],"is_endless":false,"potions_floor_spawned":[3,5,7,10,16,19],"killed_by":"Centurion and Healer","ascension_level":11}}