{"host":"e1pm3b7xpcm97e5w","time":1608433242,"event":{"mods":["BaseMod","Better Skull","Googly Eyes","Minty Spire (QoL Compilation)","Relic Stats","Shop Mod","Spicy Shops","StSLib"],"gold_per_floor":[112,37,37,30,42,68,78,93,93,122,122,132,132,148,148,148,148],"floor_reached":16,"playtime":349,"items_purged":[],"score":240,"play_id":"89ac7987-3c76-4c35-837f-d0ea2f7cb57d","local_time":"20201219220042","is_ascension_mode":true,"campfire_choices":[{"data":"Feed","floor":13,"key":"SMITH"},{"floor":15,"key":"DIG"}],"circlet_count":0,"master_deck":["AscendersBane","Strike_R","Strike_R","Strike_R","Strike_R+1","Defend_R","Defend_R+1","Defend_R","Defend_R","Bash","Sword Boomerang","Inflame","Uppercut","Immolate","True Grit","Feed+1"],"relics":["Burning Blood","NeowsBlessing","Frozen Egg 2","Peace Pipe","Shovel","Magic Flower"],"acts_visited":["Exordium"],"potions_floor_usage":[10,16],"damage_taken":[{"damage":0,"enemies":"2 Louse","floor":1,"turns":1},{"damage":0,"enemies":"Small Slimes","floor":5,"turns":1},{"damage":0,"enemies":"3 Sentries","floor":6,"turns":1},{"damage":1,"enemies":"Cultist","floor":7,"turns":3},{"damage":12,"enemies":"2 Fungi Beasts","floor":8,"turns":3},{"damage":16,"enemies":"Gremlin Nob","floor":10,"turns":4},{"damage":0,"enemies":"Large Slime","floor":12,"turns":5},{"damage":11,"enemies":"Blue Slaver","floor":14,"turns":6},{"damage":49,"enemies":"Slime Boss","floor":16,"turns":5}],"seed_played":"6153502971446398903","potions_obtained":[{"floor":8,"key":"PowerPotion"},{"floor":12,"key":"SkillPotion"},{"floor":14,"key":"Energy Potion"}],"is_trial":false,"path_per_floor":["M","?","?","$","M","E","M","M","T","E","?","M","R","M","R","B"],"character_chosen":"IRONCLAD","items_purchased":["Inflame"],"campfire_rested":0,"item_purchase_floors":[4],"current_hp_per_floor":[74,74,74,74,75,75,75,69,69,59,36,42,42,41,41,0,0],"gold":148,"neow_bonus":"THREE_ENEMY_KILL","is_daily":false,"chose_seed":false,"campfire_upgraded":1,"win_rate":0.0,"timestamp":1608433242,"path_taken":["M","?","?","$","?","E","M","M","T","E","?","M","R","M","R","BOSS"],"items_purchased_type":["Card"],"build_version":"2020-12-13","purchased_purges":0,"victory":false,"max_hp_per_floor":[75,75,75,75,75,75,75,75,75,75,75,75,75,79,79,79,79],"relic_stats":{"Peace Pipe":0,"Shovel":1,"counters":[9,29],"Magic Flower":[0],"obtain_stats":[{"Peace Pipe":9,"Shovel":10,"NeowsBlessing":0,"Magic Flower":15,"Frozen Egg 2":6,"Burning Blood":0},{"Peace Pipe":5,"Shovel":6,"NeowsBlessing":0,"Magic Flower":8,"Frozen Egg 2":3,"Burning Blood":0},{"Peace Pipe":9,"Shovel":13,"NeowsBlessing":0,"Magic Flower":24,"Frozen Egg 2":3,"Burning Blood":0}],"Burning Blood":32},"card_choices":[{"not_picked":["Clash","Sentinel"],"picked":"Sword Boomerang","floor":1},{"not_picked":["Anger","Perfected Strike"],"picked":"Uppercut","floor":5},{"not_picked":["Ghostly Armor","Fire Breathing+1"],"picked":"Immolate","floor":6},{"not_picked":["Clash","Flex"],"picked":"True Grit","floor":7},{"not_picked":["Anger","Evolve+1","Rampage"],"picked":"SKIP","floor":8},{"not_picked":["Rage","Armaments"],"picked":"Feed","floor":10},{"not_picked":["Pommel Strike","True Grit","Warcry"],"picked":"SKIP","floor":12},{"not_picked":["Hemokinesis","Anger","Rupture+1"],"picked":"SKIP","floor":14}],"player_experience":420150,"relics_obtained":[{"floor":6,"key":"Frozen Egg 2"},{"floor":9,"key":"Peace Pipe"},{"floor":10,"key":"Shovel"},{"floor":15,"key":"Magic Flower"}],"event_choices":[{"cards_removed":["Strike_R"],"damage_healed":0,"gold_gain":0,"player_choice":"Card Removal","damage_taken":0,"max_hp_gain":0,"max_hp_loss":0,"event_name":"The Cleric","floor":2,"gold_loss":75},{"damage_healed":0,"gold_gain":0,"player_choice":"0 cards matched","damage_taken":0,"max_hp_gain":0,"max_hp_loss":0,"event_name":"Match and Keep!","floor":3,"gold_loss":0,"cards_obtained":[]},{"damage_healed":0,"gold_gain":0,"player_choice":"Entered Light","damage_taken":23,"max_hp_gain":0,"max_hp_loss":0,"event_name":"Shining Light","floor":11,"gold_loss":0,"cards_upgraded":["Defend_R","Strike_R"]}],"is_beta":false,"boss_relics":[],"items_purged_floors":[],"is_endless":false,"potions_floor_spawned":[8,12,14],"killed_by":"Slime Boss","ascension_level":15}}