{"host":"y0wkltgt9g64tmdy","time":1608445296,"event":{"mods":["BaseMod","Marisa（F雨　魔理沙）","Minty Spire (QoL Compilation)","Replay The Spire","Shop Mod","StSLib","The Bug Knight","The Gatherer","Waifu the Spire","[地精首领爬塔]The Maniac"],"gold_per_floor":[115,290,306,306,306,339,349,349,398,420,459,119,119,134,134,237,237,295,235,235,46,61,61,76,76,76,87,0,0,21,33,33,61,61],"floor_reached":33,"playtime":1037,"items_purged":[],"score":296,"play_id":"9ede1ec8-44b9-4086-9e0b-2469bf4037f6","local_time":"20201220142136","is_ascension_mode":true,"campfire_choices":[{"floor":8,"key":"REST"},{"floor":13,"key":"REST"},{"floor":15,"key":"REST"},{"floor":23,"key":"REST"},{"data":"MysteriousBeam","floor":25,"key":"SMITH"},{"floor":32,"key":"REST"}],"circlet_count":0,"master_deck":["Strike_MRS","Strike_MRS","Strike_MRS","Defend_MRS","Defend_MRS","Defend_MRS","Defend_MRS","MasterSpark","UpSweep","AsteroidBelt","WitchLeyline","6A","Robbery","Orbital","RefractionSpark","ShootingEcho","EscapeVelocity","LuminesStrike","StarBarrage","MysteriousBeam+1","AsteroidBelt","GrandCross+1","OortCloud","DC+1","MysteriousBeam"],"relics":["MiniHakkero","NeowsBlessing","Omamori","Replay:Baseball","Replay:Rubber Ducky","Garlic","TungstenRod","Runic Pyramid","Simple Rune","MagicBroom"],"acts_visited":["Exordium","TheCity"],"potions_floor_usage":[16,18,33],"damage_taken":[{"damage":0,"enemies":"Jaw Worm","floor":1,"turns":1},{"damage":0,"enemies":"2 Louse","floor":3,"turns":1},{"damage":0,"enemies":"Lagavulin","floor":6,"turns":1},{"damage":0,"enemies":"Cultist","floor":7,"turns":3},{"damage":20,"enemies":"Lots of Slimes","floor":10,"turns":4},{"damage":19,"enemies":"3 Sentries","floor":11,"turns":10},{"damage":3,"enemies":"3 Louse","floor":14,"turns":4},{"damage":23,"enemies":"Slime Boss","floor":16,"turns":11},{"damage":20,"enemies":"Chosen","floor":18,"turns":5},{"damage":12,"enemies":"Shell Parasite","floor":22,"turns":5},{"damage":5,"enemies":"Snake Plant","floor":24,"turns":4},{"damage":24,"enemies":"Sentry and Sphere","floor":27,"turns":4},{"damage":12,"enemies":"3 Cultists","floor":30,"turns":6},{"damage":4,"enemies":"Centurion and Healer","floor":31,"turns":5},{"damage":49,"enemies":"Collector","floor":33,"turns":4}],"seed_played":"-5229720934730734025","potions_obtained":[{"floor":1,"key":"Elixir"},{"floor":7,"key":"SpeedPotion"},{"floor":27,"key":"Fire Potion"},{"floor":30,"key":"FearPotion"}],"is_trial":false,"path_per_floor":["M","?","M","?","?","E","M","R","T","M","E","$","R","M","R","B",null,"M","?","?","$","M","R","M","R","T","M","?","?","M","M","R","B"],"character_chosen":"MARISA","items_purchased":["BottledSpark","TungstenRod","Simple Rune","MysteriousBeam"],"campfire_rested":5,"item_purchase_floors":[12,12,21,21],"current_hp_per_floor":[75,75,75,75,57,57,57,75,75,55,36,36,58,55,75,52,75,55,55,55,55,43,65,60,60,60,36,36,36,24,20,42,0,0],"gold":61,"neow_bonus":"THREE_ENEMY_KILL","is_daily":false,"chose_seed":false,"campfire_upgraded":1,"win_rate":0.0,"timestamp":1608445296,"path_taken":["M","?","M","?","?","E","M","R","T","M","E","?","R","?","R","BOSS","M","?","?","$","M","R","?","R","T","?","?","?","M","M","R","BOSS"],"items_purchased_type":["Potion","Relic","Relic","Card"],"build_version":"2020-12-13","purchased_purges":0,"victory":false,"max_hp_per_floor":[75,75,75,75,75,75,75,75,75,75,75,75,75,75,75,75,75,75,75,75,75,75,75,75,75,75,75,75,75,75,75,75,75,75],"card_choices":[{"not_picked":["OpenUniverse","ChargingUp"],"picked":"AsteroidBelt","floor":1},{"not_picked":["Acceleration","NonDirectionalLaser"],"picked":"WitchLeyline","floor":3},{"not_picked":["WitchLeyline","UnstableBomb"],"picked":"6A","floor":6},{"not_picked":["SporeBomb","NonDirectionalLaser"],"picked":"Robbery","floor":7},{"not_picked":["AlicesGift","UnstableBomb"],"picked":"Orbital","floor":10},{"not_picked":["MagicChant","BlazingStar"],"picked":"RefractionSpark","floor":11},{"not_picked":["IllusionStar","MagicChant"],"picked":"ShootingEcho","floor":14},{"not_picked":["SuperNova","SatelliteIllusion"],"picked":"EscapeVelocity","floor":16},{"not_picked":["IllusionStar","WitchLeyline+1"],"picked":"LuminesStrike","floor":18},{"not_picked":["IllusionStar","WitchLeyline"],"picked":"AsteroidBelt","floor":22},{"not_picked":["UnstableBomb+1","IllusionStar"],"picked":"GrandCross+1","floor":24},{"not_picked":["DoubleSpark","SuperPerseids"],"picked":"OortCloud","floor":27},{"not_picked":["6A","ShootingEcho"],"picked":"DC+1","floor":30},{"not_picked":["PowerUp","GrandCross"],"picked":"MysteriousBeam","floor":31}],"player_experience":88378,"relics_obtained":[{"floor":6,"key":"Replay:Baseball"},{"floor":9,"key":"Replay:Rubber Ducky"},{"floor":11,"key":"Garlic"},{"floor":26,"key":"MagicBroom"}],"event_choices":[{"damage_healed":0,"gold_gain":175,"player_choice":"AGREE","damage_taken":0,"max_hp_gain":0,"max_hp_loss":0,"event_name":"Liars Game","floor":2,"gold_loss":0,"cards_obtained":["Doubt"]},{"cards_removed":["Doubt"],"damage_healed":0,"gold_gain":0,"player_choice":"Forget","damage_taken":0,"max_hp_gain":0,"max_hp_loss":0,"event_name":"Living Wall","floor":4,"gold_loss":0},{"damage_healed":0,"gold_gain":0,"player_choice":"Success","damage_taken":18,"relics_obtained":["Omamori"],"max_hp_gain":0,"max_hp_loss":0,"event_name":"Scrap Ooze","floor":5,"gold_loss":0},{"damage_healed":0,"gold_gain":0,"cards_transformed":["Strike_MRS"],"player_choice":"Transformed","damage_taken":0,"max_hp_gain":0,"max_hp_loss":0,"event_name":"Transmorgrifier","floor":20,"gold_loss":0,"cards_obtained":["StarBarrage"]},{"damage_healed":0,"gold_gain":0,"player_choice":"Paid Fearfully","damage_taken":0,"max_hp_gain":0,"max_hp_loss":0,"event_name":"Masked Bandits","floor":28,"gold_loss":87},{"damage_healed":0,"gold_gain":0,"player_choice":"Upgraded","damage_taken":0,"max_hp_gain":0,"max_hp_loss":0,"event_name":"Upgrade Shrine","floor":29,"gold_loss":0,"cards_upgraded":["Strike_MRS"]}],"is_beta":false,"boss_relics":[{"not_picked":["Replay:Ancient Bell","Sozu"],"picked":"Runic Pyramid"}],"items_purged_floors":[],"is_endless":false,"potions_floor_spawned":[1,7,14,27,30],"killed_by":"Collector","ascension_level":1}}