{"host":"s9dep4x43c14s74h","time":1608492851,"event":{"mods":["BaseMod","Downfall","Gremlin Mod","Hermit","HololiveMod","Jorbs\u0027s Wanderer Trilogy","Lobotomy","Marisa????????","Minty Spire (QoL Compilation)","Replay The Spire","StSLib","The Animator","The Bug Knight","The Construct","The Cursed","The Necromancer","The Runesmith","The Servant 0.9.4"],"gold_per_floor":[99,117,142,142,168,188,188,288,306,306,19,33,53,20,35,132,132,132,146,146,71,88,104,104,104,104,129,145,171,184,284,302,321,338,439,439,439,497,511,523,523,673,673,690,707,733,290,308,320,320,331,331,331],"floor_reached":52,"playtime":6383,"items_purged":["Slimebound:Strike_Slimebound"],"score":748,"play_id":"18594f17-1a91-45e7-b0f8-c5ab01f924aa","local_time":"20201220223411","is_ascension_mode":true,"campfire_choices":[{"data":"Slimebound:Split","floor":10.0,"key":"SMITH"},{"floor":18.0,"key":"DIG"},{"data":"Slimebound:Overexert","floor":37,"key":"SMITH"},{"data":"Slimebound:SelfFormingGoo","floor":37,"key":"SMITH"}],"circlet_count":0,"master_deck":["Slimebound:Tackle","Slimebound:Defend_Slimebound","Slimebound:Defend_Slimebound","Slimebound:Defend_Slimebound","Slimebound:Defend_Slimebound","Slimebound:Split","Slimebound:CorrosiveSpit","Slimebound:SamplingLick","Slimebound:Replication","Slimebound:Overexert+1","Slimebound:SplitLeeching","Slimebound:CheckThePlaybook+1","Slimebound:Nibble","Slimebound:SplitLeeching","Slimebound:Icky","Slimebound:Split+1","expansioncontent:Sear","Slimebound:SplitLeeching","Slimebound:LeechingTouch","Slimebound:Nibble","Slimebound:SelfFormingGoo+1","Slimebound:SplitAcid","Slimebound:ProtectTheBoss","Slimebound:Schlurp","Slimebound:RejuvenatingLick","Slimebound:ForwardTackle+1","Slimebound:LivingWall","Slimebound:LeechLife","Slimebound:ViciousTackle+1","Pain","Slimebound:SamplingLick","Slimebound:GoopSpray","Slimebound:ComboTackle+1","Slimebound:Chomp+1","Pot Of Greed","Pot Of Greed","Pot Of Greed","Slimebound:FormOfPuddle","Slimebound:Schlurp","Pot Of Greed","Slimebound:SplitBruiser+1","Slimebound:Dissolve","Slimebound:ViciousTackle+1","Slimebound:WasteNot+1","Slimebound:Prepare+1","Slimebound:SplitAcid","Slimebound:TongueLash","Slimebound:Gluttony+1","Slimebound:CheckThePlaybook","Slimebound:LivingWall","Slimebound:FlameTackle","Slimebound:DisruptingSlam+1","Pot Of Greed","Replay:SS_hec_1"],"relics":["Slimebound:AbsorbEndCombatUpgraded","Pear","Iron Hammer","Bottled Lightning","Replay:WaspNest","downfall:GremlinSack","Vajra","Hololive_LightStick","Slimebound:SelfDamagePreventRelic","Replay:Grab Bag","Sozu","Replay:Bronze Core","Empty Cage","Replay:Bottled Steam","WarpedTongs","Replay:Arrowhead","Darkstone Periapt","Grinning Jar","Pantograph","Singing Bowl","Omamori","Guide Book"],"acts_visited":["Exordium","TheCity","TheBeyond"],"potions_floor_usage":[],"damage_taken":[{"damage":15.0,"enemies":"2 Louse","floor":2.0,"turns":3.0},{"damage":36.0,"enemies":"Gremlin Nob","floor":3.0,"turns":4.0},{"damage":28.0,"enemies":"Lagavulin","floor":5.0,"turns":5.0},{"damage":9.0,"enemies":"Small Slimes","floor":6.0,"turns":3.0},{"damage":32.0,"enemies":"Small Slimes","floor":8.0,"turns":3.0},{"damage":19.0,"enemies":"Cultist","floor":9.0,"turns":2.0},{"damage":34.0,"enemies":"downfall:FleeingMerchant","floor":11.0,"turns":4.0},{"damage":19.0,"enemies":"3 Louse","floor":12.0,"turns":2.0},{"damage":20.0,"enemies":"Lots of Slimes","floor":13.0,"turns":1.0},{"damage":34.0,"enemies":"downfall:FleeingMerchant","floor":14.0,"turns":3.0},{"damage":3.0,"enemies":"Blue Slaver","floor":15.0,"turns":2.0},{"damage":10.0,"enemies":"downfall:Watcher","floor":16.0,"turns":4.0},{"damage":28.0,"enemies":"Spheric Guardian","floor":19.0,"turns":4.0},{"damage":33,"enemies":"Centurion and Healer","floor":22,"turns":7},{"damage":42,"enemies":"Snake Plant","floor":23,"turns":2},{"damage":45,"enemies":"HollowMod:Nosk","floor":27,"turns":5},{"damage":28,"enemies":"Sentry and Sphere","floor":28,"turns":4},{"damage":37,"enemies":"Replay:Snechameleon","floor":29,"turns":2},{"damage":3,"enemies":"Centurion and Healer","floor":30,"turns":4},{"damage":27,"enemies":"Shelled Parasite and Fungi","floor":32,"turns":3},{"damage":9,"enemies":"Snecko","floor":33,"turns":2},{"damage":16,"enemies":"Chosen and Byrds","floor":34,"turns":4},{"damage":89,"enemies":"downfall:Ironclad","floor":35,"turns":6},{"damage":45,"enemies":"3 Darklings","floor":39,"turns":3},{"damage":23,"enemies":"3 Shapes","floor":40,"turns":3},{"damage":55,"enemies":"Maw","floor":44,"turns":6},{"damage":35,"enemies":"Spire Growth","floor":45,"turns":4},{"damage":58,"enemies":"Nemesis","floor":46,"turns":8},{"damage":31,"enemies":"Sphere and 2 Shapes","floor":48,"turns":5},{"damage":46,"enemies":"Spire Growth","floor":49,"turns":4},{"damage":42,"enemies":"Sphere and 2 Shapes","floor":51,"turns":6},{"damage":123,"enemies":"downfall:Silent","floor":52,"turns":5}],"seed_played":"-2210808228156638070","potions_obtained":[{"floor":1.0,"key":"Toxic Potion"},{"floor":3.0,"key":"Cursed Concoction"},{"floor":8.0,"key":"Explosive Potion"},{"floor":9.0,"key":"LiquidBronze"},{"floor":13.0,"key":"SkillPotion"}],"is_trial":false,"path_per_floor":["R","M","E","?","E","M","T","?","M","R","$","M","M","$","M","B",null,"R","M","?","$","M","M","T","PTL","PTL","E","M","E","M","?","M","M","M","B",null,"R","?","M","M","?","?","T","M","M","E","$","M","M","?","M","B"],"character_chosen":"SLIMEBOUND","items_purchased":["Slimebound:SelfFormingGoo","Vajra","Slimebound:SplitAcid","Hololive_LightStick","Slimebound:SelfDamagePreventRelic","Slimebound:ForwardTackle+1","Slimebound:LivingWall","Slimebound:FlameTackle","Omamori","Guide Book"],"campfire_rested":0,"item_purchase_floors":[11,11,11,14,14,14,47,47,47,47],"current_hp_per_floor":[66,63,52,45,41,44,44,28,33,33,31,28,32,34,45,63,76,76,63,63,63,76,54,54,54,54,71,59,52,76,76,64,68,76,32,76,76,57,44,53,53,53,53,56,63,74,74,57,41,41,33,0,0],"gold":331,"neow_bonus":"TEN_PERCENT_HP_BONUS","is_daily":false,"chose_seed":false,"campfire_upgraded":3,"win_rate":0.0,"timestamp":1608492851,"path_taken":["R","M","E","?","E","M","T","?","?","R","$","M","M","$","M","BOSS","R","M","?","$","M","M","T","PTL","PTL","E","M","E","?","?","M","M","M","BOSS","R","?","M","M","?","?","T","?","M","E","$","M","M","?","M","BOSS"],"items_purchased_type":["Card","Relic","Card","Relic","Relic","Card","Card","Card","Relic","Relic"],"build_version":"2020-12-13","purchased_purges":1,"victory":false,"max_hp_per_floor":[66,66,76,76,76,76,76,76,76,76,76,76,76,76,76,76,76,76,76,76,76,76,76,76,76,76,76,76,76,76,76,76,76,76,76,76,76,76,76,76,76,76,76,76,76,78,78,78,80,80,82,82,82],"card_choices":[{"not_picked":["Slimebound:PressTheAttack","Slimebound:Schlurp"],"picked":"Slimebound:SamplingLick","floor":2.0},{"not_picked":["Slimebound:SplitBruiser","Slimebound:RollThrough"],"picked":"Slimebound:Replication","floor":3.0},{"not_picked":["Slimebound:HauntingLick","Slimebound:LeechingTouch"],"picked":"Slimebound:Overexert","floor":5.0},{"not_picked":["Slimebound:FlameTackle","Slimebound:SlimeSpikes"],"picked":"Slimebound:SplitLeeching","floor":6.0},{"not_picked":["Slimebound:SlimeSpikes","Slimebound:RollThrough"],"picked":"Slimebound:SplitLeeching","floor":8.0},{"not_picked":["Slimebound:ComboTackle","Slimebound:SplitAcid"],"picked":"Slimebound:LeechingTouch","floor":9.0},{"not_picked":["Slimebound:ItLooksTasty","Slimebound:HungryTackle"],"picked":"Slimebound:Nibble","floor":11.0},{"not_picked":["Slimebound:TongueLash","Slimebound:Replication"],"picked":"Slimebound:ProtectTheBoss","floor":12.0},{"not_picked":["Slimebound:FlameTackle","Slimebound:RollThrough"],"picked":"Slimebound:Schlurp","floor":13.0},{"not_picked":["Slimebound:BestDefense","Slimebound:LeechingTouch"],"picked":"Slimebound:RejuvenatingLick","floor":14.0},{"not_picked":["Slimebound:LeechingTouch","Slimebound:Recycling"],"picked":"Slimebound:LivingWall","floor":15.0},{"not_picked":["Slimebound:RallyTheTroops","Slimebound:SlimeSlap"],"picked":"Slimebound:LeechLife","floor":16.0},{"not_picked":["Slimebound:LeechingTouch","Slimebound:Replication"],"picked":"Slimebound:ViciousTackle+1","floor":19.0},{"not_picked":["Slimebound:LeechEnergy+1","Slimebound:SplitAcid+1"],"picked":"Slimebound:SamplingLick","floor":22},{"not_picked":["Slimebound:PressTheAttack","Slimebound:GrowthPunch+1"],"picked":"Slimebound:GoopSpray","floor":23},{"not_picked":["Slimebound:LeechingTouch","Slimebound:LeechLife"],"picked":"Slimebound:ComboTackle+1","floor":27},{"not_picked":["Slimebound:RollThrough","Slimebound:LeechingTouch"],"picked":"Slimebound:Chomp+1","floor":28},{"not_picked":["Slimebound:GoopSpray","Slimebound:ItLooksTasty"],"picked":"Slimebound:FormOfPuddle","floor":29},{"not_picked":["Slimebound:Grow","Slimebound:LivingWall+1"],"picked":"Slimebound:Schlurp","floor":30},{"not_picked":["Slimebound:GoopSpray","Slimebound:HauntingLick"],"picked":"Slimebound:SplitBruiser+1","floor":32},{"not_picked":["Slimebound:SlimeSpikes","Slimebound:LeechEnergy"],"picked":"Slimebound:Dissolve","floor":33},{"not_picked":["Slimebound:PressTheAttack+1","Slimebound:DisruptingSlam+1"],"picked":"Slimebound:ViciousTackle+1","floor":34},{"not_picked":["Slimebound:OneTwoCombo","Slimebound:RallyTheTroops"],"picked":"Slimebound:WasteNot","floor":35},{"not_picked":["Slimebound:LivingWall+1","Slimebound:RollThrough+1"],"picked":"Slimebound:Prepare+1","floor":38},{"not_picked":["Slimebound:SlimeSpikes+1","Slimebound:GoopSpray"],"picked":"Slimebound:SplitAcid","floor":39},{"not_picked":["Slimebound:SplitMire","Slimebound:Schlurp"],"picked":"Slimebound:TongueLash","floor":40},{"not_picked":["Slimebound:SamplingLick+1","Slimebound:FlameTackle+1"],"picked":"Slimebound:Gluttony+1","floor":44},{"not_picked":["Slimebound:HauntingLick+1","Slimebound:SlimeTap+1"],"picked":"Slimebound:CheckThePlaybook","floor":45},{"not_picked":["Slimebound:FinishingTackle+1","Slimebound:LeechEnergy","Slimebound:SplitLeeching"],"picked":"Singing Bowl","floor":46},{"not_picked":["Slimebound:PressTheAttack","Slimebound:FinishingTackle+1"],"picked":"Slimebound:DisruptingSlam+1","floor":48},{"not_picked":["Slimebound:Chomp+1","Slimebound:FinishingTackle","Slimebound:SlimeTap"],"picked":"Singing Bowl","floor":49},{"not_picked":["expansioncontent:DonusPower","expansioncontent:PolyBeam"],"picked":"Replay:SS_hec_1","floor":50},{"not_picked":["Slimebound:SlimeSpikes","Slimebound:HungryTackle+1","Slimebound:ItLooksTasty+1"],"picked":"Singing Bowl","floor":51}],"player_experience":783784,"relics_obtained":[{"floor":3.0,"key":"Pear"},{"floor":5.0,"key":"Bottled Lightning"},{"floor":7.0,"key":"Replay:WaspNest"},{"floor":8.0,"key":"downfall:GremlinSack"},{"floor":18.0,"key":"Replay:Bottled Steam"},{"floor":24,"key":"Replay:Arrowhead"},{"floor":27,"key":"Darkstone Periapt"},{"floor":29,"key":"Grinning Jar"},{"floor":38,"key":"ReplayTheSpireMod:TigerMarble"},{"floor":43,"key":"Pantograph"},{"floor":46,"key":"Singing Bowl"}],"event_choices":[{"damage_healed":0.0,"max_hp_gain":0.0,"max_hp_loss":0.0,"gold_gain":0.0,"event_name":"Scrap Ooze","player_choice":"Success","floor":4.0,"gold_loss":0.0,"damage_taken":7.0,"relics_obtained":["Iron Hammer"]},{"damage_healed":0.0,"max_hp_gain":0.0,"max_hp_loss":0.0,"gold_gain":0.0,"event_name":"Accursed Blacksmith","player_choice":"Rummage","floor":20.0,"gold_loss":0.0,"damage_taken":0.0,"relics_obtained":["WarpedTongs"],"cards_obtained":["Pain"]}],"is_beta":false,"boss_relics":[{"not_picked":["Ectoplasm","Replay:Wanted Poster"],"picked":"Replay:Grab Bag"},{"not_picked":["Fusion Hammer","SlaversCollar"],"picked":"Sozu"},{"not_picked":["Cursed Key","Busted Crown"],"picked":"Replay:Bronze Core"},{"not_picked":["Replay:Drink Me","Snecko Eye"],"picked":"Slimebound:AbsorbEndCombatUpgraded"},{"not_picked":["Ring of Chaos","Hololive_ChaosS"],"picked":"Empty Cage"},{"not_picked":["Runesmith:UraniumAnvil","ReplayTheSpireMod:DimensionalGlitch","Hololive_TopUpMoneyS"]}],"items_purged_floors":[21],"is_endless":false,"potions_floor_spawned":[3,8,9,13,23,27,29,32,35,39,49,51],"killed_by":"downfall:Silent","ascension_level":3}}