{"host":"sst22apzgpn07t8v","time":1608467328,"event":{"mods":["Act Like it!","BaseMod","Downfall","Hallownest","HololiveMod","KinomotoSakuraMod(ñÿîVñ{?)","Lobotomy","LobotomyExtend","Minty Spire (QoL Compilation)","Quick Restart","Replay The Spire","Shop Mod","StSLib","The Cursed","The Hayseed","[IsaacMod]à»éTêÎìÉ"],"gold_per_floor":[113,88,88,108,108,108,55,65,88,42,42,42,42,57,57,57,57,160,160,180,180,180,196,45,45,45],"floor_reached":25,"playtime":945,"items_purged":[],"score":212,"play_id":"de2a58ff-df04-450a-a3c1-33f97baa774f","local_time":"20201220202848","is_ascension_mode":false,"campfire_choices":[{"floor":6,"key":"REST"},{"floor":15,"key":"REST"},{"data":"ClowCardTheShot","floor":17,"key":"SMITH"}],"circlet_count":0,"master_deck":["SakuraCardTheSword+","ClowCardTheSword","ClowCardTheSword","ClowCardTheSword+1","ClowCardTheShield","ClowCardTheShield","ClowCardTheShield","ClowCardTheShield+1","SpellCardSeal","SpellCardRelease","ClowCardTheDream","ClowCardTheSand","ClowCardTheGlow","ClowCardTheArrow","ClowCardTheFirey","ClowCardThePower","ClowCardTheShot+1","ClowCardTheDream","ClowCardTheDream","ClowCardTheMirror","Metamorphosis","Discovery","expansioncontent:StudyTheSpire"],"relics":["KSMOD_SealedBook","KSMOD_SealedWand","HushsDoor","GuppysHead","Mango","RedMistMask","Replay:Baseball","TungstenRod","Ornamental Fan","Honey Jar","ReplayFunnel","LetterFromLob","ReplayTheSpireMod:ShopPack"],"acts_visited":["Exordium","TheCity"],"potions_floor_usage":[20],"damage_taken":[{"damage":1,"enemies":"2 Louse","floor":1,"turns":2},{"damage":0,"enemies":"Small Slimes","floor":4,"turns":2},{"damage":3,"enemies":"Jaw Worm","floor":8,"turns":2},{"damage":9,"enemies":"Exordium Wildlife","floor":14,"turns":3},{"damage":13,"enemies":"Slime Boss","floor":18,"turns":7},{"damage":10,"enemies":"Shell Parasite","floor":20,"turns":3},{"damage":0,"enemies":"3 Byrds","floor":23,"turns":2},{"damage":0,"enemies":"Slavers","floor":25,"turns":1}],"seed_played":"-7828992362893368737","potions_obtained":[{"floor":8,"key":"Dexterity Potion"},{"floor":14,"key":"Adrenaline Potion"}],"is_trial":false,"path_per_floor":["M","$","?","M","?","R","$","M","T","$","T","PTL","PTL","M","R","?","R","B",null,"M","$","?","M","$","E"],"character_chosen":"KINOMOTOSAKURA","items_purchased":["ClowCardTheSand","ClowCardTheArrow","ClowCardThePower","ReplayTheSpireMod:ShopPack","ClowCardTheMirror"],"campfire_rested":2,"item_purchase_floors":[2,7,10,24,24],"current_hp_per_floor":[62,62,45,45,45,70,70,67,67,67,67,67,67,58,83,81,81,68,84,74,74,59,59,59,59,59],"gold":45,"neow_bonus":"ONE_RARE_RELIC","is_daily":false,"chose_seed":false,"campfire_upgraded":1,"win_rate":0.0,"timestamp":1608467328,"path_taken":["M","$","?","M","?","R","?","?","T","$","?","PTL","PTL","M","R","?","R","BOSS","M","$","?","?","?","E"],"items_purchased_type":["Card","Card","Card","Relic","Card"],"build_version":"2020-12-13","purchased_purges":0,"victory":false,"max_hp_per_floor":[84,84,84,84,84,84,84,84,84,84,84,84,84,84,84,84,84,84,84,84,84,89,89,89,89,89],"card_choices":[{"not_picked":["ClowCardThePower","ClowCardTheGlow"],"picked":"ClowCardTheDream","floor":1},{"not_picked":["ClowCardTheLoop","ClowCardTheWindy"],"picked":"ClowCardTheGlow","floor":4},{"not_picked":["ClowCardTheLibra","Bomb"],"picked":"ClowCardTheFirey","floor":8},{"not_picked":["ClowCardTheFirey","ClowCardTheLittle"],"picked":"ClowCardTheShot","floor":14},{"not_picked":["ClowCardTheReturn","ClowCardTheLight"],"picked":"ClowCardTheCreate","floor":18},{"not_picked":["ClowCardTheIllusion","ClowCardTheSleep","ClowCardTheCloud"],"picked":"ClowCardTheDream","floor":20},{"not_picked":["ClowCardTheWood","ClowCardTheLibra","ClowCardTheMist"],"picked":"ClowCardTheDream","floor":23},{"not_picked":["Battery","Midas Touch","Secret Weapon"],"picked":"Metamorphosis","floor":24},{"not_picked":["Mind Blast","Swift Strike","expansioncontent:FaceSlap"],"picked":"Discovery","floor":24},{"not_picked":["Replay:SS_forest_5","Replay:Bootleg Shield Generator","DoctorFetus"],"picked":"expansioncontent:StudyTheSpire","floor":24}],"player_experience":194235,"relics_obtained":[{"floor":1,"key":"RedMistMask"},{"floor":9,"key":"Replay:Baseball"},{"floor":11,"key":"TungstenRod"},{"floor":20,"key":"ReplayFunnel"},{"floor":20,"key":"LetterFromLob"}],"event_choices":[{"damage_healed":0,"gold_gain":0,"player_choice":"Entered Light","damage_taken":17,"max_hp_gain":0,"max_hp_loss":0,"event_name":"Shining Light","floor":3,"gold_loss":0,"cards_upgraded":["ClowCardTheSword","ClowCardTheShield"]},{"damage_healed":0,"gold_gain":0,"player_choice":"Leave","damage_taken":0,"max_hp_gain":0,"max_hp_loss":0,"event_name":"The Cleric","floor":5,"gold_loss":0},{"damage_healed":0,"gold_gain":0,"player_choice":"Success","damage_taken":3,"relics_obtained":["Ornamental Fan"],"max_hp_gain":0,"max_hp_loss":0,"event_name":"Scrap Ooze","floor":16,"gold_loss":0},{"damage_healed":0,"gold_gain":0,"player_choice":"Shed Blood","damage_taken":21,"max_hp_gain":5,"max_hp_loss":0,"event_name":"Forgotten Altar","floor":22,"gold_loss":0}],"is_beta":false,"boss_relics":[{"not_picked":["ReplayTheSpireMod:DimensionalGlitch","Velvet Choker"],"picked":"Honey Jar"},{"not_picked":[]}],"items_purged_floors":[],"is_endless":false,"potions_floor_spawned":[8,14],"killed_by":"Slavers","ascension_level":0}}