{"host":"97bfbul5vt0mksxl","time":1608506887,"event":{"mods":["BaseMod","Colored Powertips","Highlight Path","Infinite Spire","Minty Spire (QoL Compilation)","Replay The Spire","Shop Mod","StSLib","SuperFastMode"],"gold_per_floor":[110,123,123,123,141,169,183,214,214,275,275,275,275,309,309,309,309],"floor_reached":16,"playtime":680,"items_purged":[],"score":118,"play_id":"e965dc8d-5000-4a19-a75a-8d6dad61db4b","local_time":"20201220202807","is_ascension_mode":false,"campfire_choices":[{"floor":11,"key":"REST"},{"floor":15,"key":"REST"}],"circlet_count":0,"master_deck":["Strike_P","Strike_P","Strike_P","Strike_P","Defend_P","Defend_P","Defend_P","Eruption","Vigilance","Replay:ManipulateFuture","Prostrate","Consecrate","JustLucky","FlyingSleeves","DevaForm+1","Prostrate","Weave"],"relics":["PureWater","Happy Flower","Lizard Tail","Thread and Needle","infinitespire:FocusingShard","Replay:Ringing Soul","Quantum Egg"],"acts_visited":["Exordium"],"potions_floor_usage":[6,10],"damage_taken":[{"damage":2,"enemies":"Cultist","floor":1,"turns":3},{"damage":0,"enemies":"Jaw Worm","floor":2,"turns":4},{"damage":0,"enemies":"Small Slimes","floor":5,"turns":2},{"damage":30,"enemies":"Gremlin Nob","floor":6,"turns":5},{"damage":0,"enemies":"Looter","floor":7,"turns":2},{"damage":27,"enemies":"3 Sentries","floor":8,"turns":9},{"damage":14,"enemies":"Gremlin Nob","floor":10,"turns":5},{"damage":17,"enemies":"Lagavulin","floor":14,"turns":8},{"damage":82,"enemies":"Slime Boss","floor":16,"turns":11}],"seed_played":"-4871271443668796449","potions_obtained":[{"floor":2,"key":"FearPotion"},{"floor":8,"key":"Strength Potion"}],"is_trial":false,"path_per_floor":["M","M","$","?","M","E","M","E","T","?","R","?","T","E","R","B"],"character_chosen":"WATCHER","items_purchased":[],"campfire_rested":2,"item_purchase_floors":[],"current_hp_per_floor":[77,77,77,77,77,47,47,20,20,6,29,29,29,15,39,0,0],"gold":309,"neow_bonus":"TEN_PERCENT_HP_BONUS","is_daily":false,"chose_seed":false,"campfire_upgraded":0,"win_rate":0.0,"timestamp":1608506887,"path_taken":["M","M","$","?","M","E","?","E","T","?","R","?","?","E","R","BOSS"],"items_purchased_type":[],"build_version":"2020-12-13","purchased_purges":0,"victory":false,"max_hp_per_floor":[79,79,79,79,79,79,79,79,79,79,79,79,79,82,82,82,82],"card_choices":[{"not_picked":["SashWhip","ThirdEye"],"picked":"Replay:ManipulateFuture","floor":1},{"not_picked":["ClearTheMind","Halt"],"picked":"Prostrate","floor":2},{"not_picked":["SashWhip","WaveOfTheHand"],"picked":"Consecrate","floor":5},{"not_picked":["FollowUp","SashWhip"],"picked":"JustLucky","floor":6},{"not_picked":["Conclude","ThirdEye"],"picked":"FlyingSleeves","floor":7},{"not_picked":["InnerPeace","ClearTheMind"],"picked":"DevaForm","floor":8},{"not_picked":["CutThroughFate","FollowUp"],"picked":"Prostrate","floor":10},{"not_picked":["Pray","Replay:BluntJabs"],"picked":"Weave","floor":14}],"player_experience":154427,"relics_obtained":[{"floor":6,"key":"Happy Flower"},{"floor":8,"key":"Lizard Tail"},{"floor":9,"key":"Thread and Needle"},{"floor":13,"key":"Replay:Ringing Soul"},{"floor":14,"key":"Quantum Egg"}],"event_choices":[{"cards_removed":["Defend_P"],"damage_healed":0,"gold_gain":0,"player_choice":"Purged","damage_taken":0,"max_hp_gain":0,"max_hp_loss":0,"event_name":"Purifier","floor":4,"gold_loss":0},{"damage_healed":0,"gold_gain":0,"player_choice":"Searched \u00272\u0027 times","damage_taken":0,"relics_obtained":["infinitespire:FocusingShard"],"max_hp_gain":0,"max_hp_loss":0,"event_name":"Dead Adventurer","floor":10,"gold_loss":0},{"damage_healed":0,"gold_gain":0,"player_choice":"Grow","damage_taken":0,"max_hp_gain":0,"max_hp_loss":0,"event_name":"Living Wall","floor":12,"gold_loss":0,"cards_upgraded":["DevaForm"]}],"is_beta":false,"boss_relics":[],"items_purged_floors":[],"is_endless":false,"potions_floor_spawned":[2,8],"killed_by":"Slime Boss","ascension_level":0}}