{"host":"dfkuodafa8pjwif8","time":1608437989,"event":{"mods":["AchievementEnabler","Aspiration","Bard","BaseMod","Beaked The Cultist","Better Altar","Better Match","Better Note","Better Sensory Stone","Better Skull","Better Third Choice","BetterRewards","CCEM","Clawfect","Colored Map","Conspire","Downfall","GifTheSpireLib","Googly Eyes","Halation","Hermit","Highlight Path","Hubris","Hunter ??","Infinite Spire","Jedi Mod","Jorbs\u0027s Wanderer Trilogy","Mad Scientist","Marisa????????","Mimic Mod","Minty Spire (QoL Compilation)","Permanent Neow","Replay The Spire","Shade Mod","Shop Mod","Spicy Shops","StSLib","Stuff the Spire","The Administrix","The Blackbeard","The Bug Knight","The Construct","The Cursed","The Disciple","The Gatherer","The Hierophant","The IronCluck","The Jungle","The Mystic","The Necromancer","The Problem Sleuth","The Runesmith","The Servant 0.9.4","The Spell Scribe","The Witch","Unceasing Turn Reminder","[IsaacMod]????","everything is the same but u backflip on backflip","slay the spire mod where everything is the same but ironclad has a cowboy hat"],"gold_per_floor":[99,111,152,152,188,188,212,255,255,255,180,242,285,318,318,356,418,591,591,516,589,708,708],"floor_reached":22,"playtime":2499,"items_purged":["Regret"],"score":221,"play_id":"4677b8d0-f61d-4f9f-bb69-f57004a55a83","local_time":"20201219231949","is_ascension_mode":false,"campfire_choices":[{"floor":1,"key":"RECALL"},{"data":"Pot Of Greed","floor":11,"key":"SMITH"},{"data":"Slimebound:Split","floor":20,"key":"SMITH"}],"circlet_count":0,"master_deck":["Slimebound:Tackle+1","Slimebound:Split+1","Slimebound:CorrosiveSpit","Slimebound:Equalize+1","Slimebound:ProtectTheBoss","Slimebound:SplitAcid","expansioncontent:Sear","Pot Of Greed+1","Pot Of Greed","Slimebound:SelfFormingGoo","Slimebound:MegaLick","Slimebound:GoopSpray","Slimebound:RejuvenatingLick","Slimebound:Overexert","Slimebound:MinionMaster","Slimebound:ItLooksTasty","Slimebound:SplitLeeching","Slimebound:SplitAcid","Slimebound:SplitBruiser","Slimebound:Repurpose","Slimebound:SlimeSlap","Slimebound:FormOfPuddle","Pot Of Greed","Slimebound:SlimeTap","Slimebound:RejuvenatingLick"],"relics":["Slimebound:AbsorbEndCombat","HushsDoor","SalivaCoin","Ornamental Fan","Grinning Jar","downfall:HeartBlessingRed","hubris:SphereOfDissonance","Pandora\u0027s Box","downfall:HeartBlessingGreen"],"acts_visited":["Exordium","Exordium"],"potions_floor_usage":[3,3,3,12,18,18,18],"damage_taken":[{"damage":11,"enemies":"Small Slimes","floor":2,"turns":4},{"damage":4,"enemies":"Lagavulin","floor":3,"turns":2},{"damage":10,"enemies":"2 Louse","floor":5,"turns":4},{"damage":20,"enemies":"Jaw Worm","floor":8,"turns":4},{"damage":30,"enemies":"3 Sentries","floor":12,"turns":4},{"damage":19,"enemies":"2 Fungi Beasts","floor":13,"turns":3},{"damage":10,"enemies":"conspire:2 RoseBushes","floor":14,"turns":3},{"damage":12,"enemies":"Blue Slaver","floor":16,"turns":3},{"damage":18,"enemies":"Large Slime","floor":17,"turns":6},{"damage":52,"enemies":"downfall:Watcher","floor":18,"turns":7},{"damage":44,"enemies":"Shell Parasite","floor":21,"turns":4},{"damage":86,"enemies":"Nightmare","floor":22,"turns":7}],"seed_played":"-8093351070964557759","potions_obtained":[{"floor":0,"key":"SteroidPotion"},{"floor":0,"key":"AttackPotion"},{"floor":0,"key":"Reflective Coating"},{"floor":5,"key":"Explosive Potion"},{"floor":12,"key":"LiquidBronze"},{"floor":16,"key":"ColorlessPotion"},{"floor":17,"key":"ColorlessPotion"}],"is_trial":false,"path_per_floor":["R","M","E","?","M","?","T","M","PTL","PTL","R","E","M","M","?","M","M","B",null,"R","M","NM"],"character_chosen":"SLIMEBOUND","items_purchased":["Slimebound:SlimeTap"],"campfire_rested":0,"item_purchase_floors":[19],"current_hp_per_floor":[60,59,59,59,58,58,58,54,54,54,54,32,25,35,35,35,39,17,52,52,34,0,0],"gold":708,"neow_bonus":"THREE_SMALL_POTIONS","is_daily":false,"chose_seed":false,"campfire_upgraded":2,"win_rate":0.0,"timestamp":1608437989,"path_taken":["R","M","E","?","M","?","T","M","PTL","PTL","R","E","M","?","?","M","M","BOSS","R","M","NM"],"items_purchased_type":["Card"],"build_version":"2020-12-13","purchased_purges":1,"victory":false,"max_hp_per_floor":[60,60,60,60,60,60,60,60,60,60,60,60,60,60,60,60,60,60,52,52,52,52,52],"card_choices":[{"not_picked":[],"picked":"Bomb","floor":0},{"not_picked":["Slimebound:SlimeTap","Slimebound:PressTheAttack"],"picked":"Slimebound:Equalize","floor":0},{"not_picked":["Slimebound:SplitMire","Slimebound:DisruptingSlam"],"picked":"Bomb","floor":2},{"not_picked":["Slimebound:Grow","Slimebound:LeechEnergy"],"picked":"Slimebound:ProtectTheBoss","floor":3},{"not_picked":["Slimebound:SplitBruiser","Slimebound:SplitLeeching"],"picked":"Slimebound:SplitAcid","floor":5},{"not_picked":["expansioncontent:DarkVoid","expansioncontent:CaCaw"],"picked":"expansioncontent:Sear","floor":6},{"not_picked":["Slimebound:ViciousTackle","Slimebound:TongueLash"],"picked":"Bomb","floor":8},{"not_picked":["Slimebound:MegaLick","Slimebound:BestDefense"],"picked":"Slimebound:SelfFormingGoo","floor":12},{"not_picked":["Slimebound:FlameTackle","Bomb"],"picked":"Slimebound:MegaLick","floor":13},{"not_picked":["Slimebound:ComboTackle","Slimebound:FinishingTackle"],"picked":"Slimebound:GoopSpray","floor":14},{"not_picked":["Slimebound:Grow","Slimebound:SlimeBarrage"],"picked":"Slimebound:RejuvenatingLick","floor":16},{"not_picked":["Slimebound:LeechEnergy","Slimebound:GrowthPunch"],"picked":"Slimebound:Overexert","floor":17},{"not_picked":["Slimebound:Teamwork","Slimebound:CheckThePlaybook"],"picked":"Slimebound:MinionMaster","floor":18},{"not_picked":["Slimebound:GoopTackle+1","Slimebound:DivideAndConquer"],"picked":"Slimebound:RejuvenatingLick","floor":21}],"player_experience":240346,"relics_obtained":[{"floor":3,"key":"Ornamental Fan"},{"floor":7,"key":"Grinning Jar"},{"floor":12,"key":"hubris:SphereOfDissonance"}],"event_choices":[{"damage_healed":0,"gold_gain":1,"player_choice":"1","damage_taken":0,"max_hp_gain":0,"max_hp_loss":0,"event_name":"betterStone:BetterStone","floor":6,"gold_loss":0},{"damage_healed":0,"gold_gain":0,"player_choice":"Agree","damage_taken":0,"max_hp_gain":0,"max_hp_loss":0,"event_name":"conspire:LoneGhost","floor":15,"gold_loss":0}],"is_beta":false,"boss_relics":[{"not_picked":["conspire:SpecialSausage","StuffTheSpire:ModemDavis"],"picked":"Pandora\u0027s Box"},{"not_picked":[]}],"items_purged_floors":[19],"is_endless":false,"potions_floor_spawned":[2,5,12,16,17],"killed_by":"Nightmare","ascension_level":0}}