{"host":"rihxvzvzrfpivboj","time":1608505250,"event":{"mods":["Act Like it!","BaseMod","Better Third Choice","Block Reminder","Colored Map","Colored Powertips","Duelist Mod","Gensokyo","GifTheSpireLib","Googly Eyes","Keyboard Shortcuts","KomeijiMod","Minty Spire (QoL Compilation)","Quick Restart","Relic Sorter","StSLib","The Jungle","The Runesmith","Unceasing Turn Reminder","Waifu the Spire"],"gold_per_floor":[136,154,169,180,192,220,220,71,124,124,139,159,189,205,205,303,303,320,338,35,50,50,50,50],"floor_reached":23,"playtime":2935,"items_purged":[],"score":226,"play_id":"c37cb24d-39b3-476b-93c8-9dce44f44e7c","local_time":"20201221000050","is_ascension_mode":true,"campfire_choices":[{"data":"theDuelist:SwordsConcealing","floor":7.0,"key":"SMITH"},{"floor":15,"key":"REST"}],"circlet_count":0,"master_deck":["theDuelist:Biofalcon","theDuelist:Deskbot004","theDuelist:Deskbot004","theDuelist:Deskbot005","theDuelist:Deskbot005","theDuelist:GreenGadget","theDuelist:ScrapBeast","Madness","theDuelist:CemetaryBomb","theDuelist:KamionTimelord","theDuelist:SwordsConcealing+1","theDuelist:ZONE","theDuelist:KamionTimelord","theDuelist:StatueAnguishPattern","theDuelist:Oilman","theDuelist:ChaosAncientGearGiant","theDuelist:Sangan","theDuelist:RainbowMagician+1","theDuelist:Hinotama+1"],"relics":["theDuelist:MillenniumPuzzle","theDuelist:CardPoolRelic","theDuelist:CardPoolBasicRelic","theDuelist:BoosterPackPoolRelic","theDuelist:CardPoolAddRelic","theDuelist:CardPoolMinusRelic","theDuelist:CardPoolSaveRelic","theDuelist:CardPoolOptionsRelic","Ancient Tea Set","theDuelist:ZoneToken","theDuelist:RouletteWheel","Letter Opener","Pandora\u0027s Box","ClockworkSouvenir","theDuelist:MachineOrb"],"acts_visited":["Exordium","TheCity"],"potions_floor_usage":[16,19,19,21],"damage_taken":[{"damage":7.0,"enemies":"Gensokyo:Gryphon","floor":1.0,"turns":4.0},{"damage":1.0,"enemies":"Gensokyo:2_Kodama","floor":2.0,"turns":4.0},{"damage":2.0,"enemies":"Gensokyo:Python","floor":3.0,"turns":3.0},{"damage":6.0,"enemies":"Gensokyo:VengefulSpirit","floor":4.0,"turns":6.0},{"damage":10.0,"enemies":"Gensokyo:3_Kodama","floor":5.0,"turns":5.0},{"damage":11.0,"enemies":"Gensokyo:Aya","floor":6.0,"turns":7.0},{"damage":8.0,"enemies":"Gensokyo:Kitsune","floor":11.0,"turns":4.0},{"damage":13,"enemies":"Gensokyo:VengefulSpirit","floor":12,"turns":2},{"damage":10,"enemies":"Gensokyo:Mamizou","floor":13,"turns":9},{"damage":0,"enemies":"Gensokyo:2_Rabbits","floor":14,"turns":3},{"damage":6,"enemies":"Gensokyo:Reimu","floor":16,"turns":7},{"damage":8,"enemies":"Chosen","floor":18,"turns":6},{"damage":43,"enemies":"Spheric Guardian","floor":19,"turns":6},{"damage":18,"enemies":"Snake Plant","floor":21,"turns":2},{"damage":28,"enemies":"Slavers","floor":23,"turns":1}],"seed_played":"8594720973383285461","potions_obtained":[{"floor":3.0,"key":"theDuelist:BombBottle"},{"floor":5.0,"key":"AttackPotion"},{"floor":11.0,"key":"theDuelist:BigOrbBottle"},{"floor":18,"key":"AttackPotion"},{"floor":19,"key":"Ancient Potion"}],"is_trial":false,"path_per_floor":["M","M","M","M","M","E","R","$","T","?","M","M","E","M","R","B",null,"M","M","$","M","?","E"],"character_chosen":"THE_DUELIST","items_purchased":["theDuelist:ZoneToken","ClockworkSouvenir","theDuelist:MachineOrb"],"campfire_rested":1,"item_purchase_floors":[8,20,20],"current_hp_per_floor":[81,80,78,72,62,51,51,51,51,51,43,30,20,20,46,40,88,80,37,37,19,19,0,0],"gold":50,"neow_bonus":"TEN_PERCENT_HP_BONUS","is_daily":false,"chose_seed":false,"campfire_upgraded":1,"win_rate":0.0,"timestamp":1608505250,"path_taken":["M","M","M","M","M","E","R","$","T","?","M","M","E","M","R","BOSS","M","M","$","M","?","E"],"items_purchased_type":["Relic","Relic","Relic"],"build_version":"2020-12-13","purchased_purges":0,"victory":false,"max_hp_per_floor":[88,88,88,88,88,88,88,88,88,88,88,88,88,88,88,88,88,88,88,88,88,88,88,88],"card_choices":[{"not_picked":["theDuelist:UnderworldCannon","theDuelist:BlackPendant","theDuelist:OjamaDuo","theDuelist:GiantTrunade"],"picked":"theDuelist:ScrapBeast","floor":1.0},{"not_picked":["theDuelist:BlackOrbCard","theDuelist:FireOrbCard","theDuelist:GlitchOrbCard","theDuelist:SummonerOrbCard"],"picked":"theDuelist:WhiteOrbCard","floor":2.0},{"not_picked":["theDuelist:QuillboltHedgehog","theDuelist:PortableBatteryPack","theDuelist:BigKoala","theDuelist:DigitalBug"],"picked":"theDuelist:CemetaryBomb","floor":3.0},{"not_picked":["theDuelist:IrisEarthMother","theDuelist:RainbowMagician","theDuelist:RainbowNeos","theDuelist:HappyLover"],"picked":"theDuelist:KamionTimelord","floor":4.0},{"not_picked":["theDuelist:Hinotama","theDuelist:OnslaughtFireKings","theDuelist:FluteKuriboh","theDuelist:VoidExpansion"],"picked":"theDuelist:DoubleTool","floor":5.0},{"not_picked":["theDuelist:SwordsBurning","theDuelist:TurretWarrior","theDuelist:MachineKingPrototype","theDuelist:Deskbot007"],"picked":"theDuelist:SwordsConcealing","floor":6.0},{"not_picked":["theDuelist:NeoMagic","theDuelist:GenexAllyBirdman","theDuelist:AncientElf","theDuelist:WhiteMagicalHat","theDuelist:CosmicHorrorGangiel"],"picked":"SKIP","floor":11.0},{"not_picked":["theDuelist:AltarTribute","theDuelist:FairyBox","theDuelist:PowerWall","theDuelist:TokenVacuum","theDuelist:ScrapIronScarecrow"],"picked":"SKIP","floor":12},{"not_picked":["theDuelist:ExodiaNecross","theDuelist:LegendaryExodia","theDuelist:ExodiaRL","theDuelist:ExodiaRA","theDuelist:ExodiaLA"],"picked":"SKIP","floor":13},{"not_picked":["theDuelist:BadReaction","theDuelist:OutriggerExtension","theDuelist:MetalholdMovingBlockade"],"picked":"theDuelist:ZONE","floor":14},{"not_picked":["theDuelist:RainbowDarkDragon","theDuelist:RainbowMagician","theDuelist:RainbowNeos","theDuelist:Eva"],"picked":"theDuelist:KamionTimelord","floor":16},{"not_picked":["theDuelist:RainbowDarkDragon","theDuelist:IrisEarthMother","theDuelist:KamionTimelord","theDuelist:Eva"],"picked":"theDuelist:RainbowMagician+1","floor":18},{"not_picked":["theDuelist:CombinationAttack","theDuelist:PowerKaishin+1","theDuelist:EgoBoost","theDuelist:SpellShatteringArrow"],"picked":"theDuelist:Hinotama+1","floor":19},{"not_picked":["theDuelist:CombinationAttack","theDuelist:BigFire","theDuelist:CyberArchfiend","theDuelist:CannonSoldier","theDuelist:UnderworldCannon"],"picked":"SKIP","floor":21}],"player_experience":964330,"relics_obtained":[{"floor":6.0,"key":"Ancient Tea Set"},{"floor":9.0,"key":"theDuelist:RouletteWheel"},{"floor":13,"key":"Letter Opener"}],"event_choices":[{"cards_removed":["theDuelist:DoubleTool"],"damage_healed":0,"gold_gain":0,"player_choice":"Elegance","damage_taken":0,"max_hp_gain":0,"max_hp_loss":0,"event_name":"betterThird:BetterWriting","floor":22,"gold_loss":0}],"is_beta":false,"boss_relics":[{"not_picked":["Tiny House","Ectoplasm"],"picked":"Pandora\u0027s Box"}],"items_purged_floors":[],"is_endless":false,"potions_floor_spawned":[3,5,11,13,18,19],"killed_by":"Slavers","ascension_level":2}}