{"host":"2lo6hma6kymb0g9i","time":1608440675,"event":{"mods":["BaseMod","Colored Map","DeckTracker","Minty Spire (QoL Compilation)"],"gold_per_floor":[116,116,130,146,161,161,189,208,231,231,250,263,17,44,44,123,123,143,43,0,0,16,16,51,61,109,121,132,57,71,88,88,88,88],"floor_reached":33,"playtime":2498,"items_purged":["Strike_G","Strike_G"],"score":599,"play_id":"0817cb02-3ff4-45b8-85a8-3796e697329c","local_time":"20201220140435","is_ascension_mode":true,"campfire_choices":[{"data":"Terror","floor":6.0,"key":"SMITH"},{"data":"Neutralize","floor":15.0,"key":"SMITH"},{"data":"Night Terror","floor":23,"key":"SMITH"},{"data":"Bouncing Flask","floor":32,"key":"SMITH"}],"circlet_count":0,"master_deck":["AscendersBane","Defend_G","Defend_G","Defend_G","Survivor","Neutralize+1","Blur","Footwork","Prepared","Flechettes","Terror+1","Quick Slash","Tactician","Backstab","Predator","Night Terror+1","Reflex","Dodge and Roll+1","Bouncing Flask+1","Infinite Blades","Well Laid Plans"],"relics":["Ring of the Snake","The Specimen","Thread and Needle","Bronze Scales","Lantern","Bag of Marbles","Busted Crown","Pear","Smiling Mask"],"acts_visited":["Exordium","TheCity"],"potions_floor_usage":[24,30,31,33],"damage_taken":[{"damage":1.0,"enemies":"Cultist","floor":1.0,"turns":5.0},{"damage":7.0,"enemies":"Small Slimes","floor":3.0,"turns":6.0},{"damage":0.0,"enemies":"Jaw Worm","floor":4.0,"turns":8.0},{"damage":5.0,"enemies":"Blue Slaver","floor":5.0,"turns":5.0},{"damage":6.0,"enemies":"Lagavulin","floor":7.0,"turns":7.0},{"damage":0.0,"enemies":"Gremlin Gang","floor":8.0,"turns":6.0},{"damage":0.0,"enemies":"Looter","floor":11.0,"turns":3.0},{"damage":2.0,"enemies":"Exordium Thugs","floor":12.0,"turns":4.0},{"damage":11.0,"enemies":"Gremlin Nob","floor":14.0,"turns":4.0},{"damage":0.0,"enemies":"Hexaghost","floor":16.0,"turns":10.0},{"damage":3,"enemies":"Spheric Guardian","floor":18,"turns":4},{"damage":0,"enemies":"Chosen","floor":22,"turns":4},{"damage":8,"enemies":"Slavers","floor":24,"turns":8},{"damage":0,"enemies":"Centurion and Healer","floor":25,"turns":7},{"damage":2,"enemies":"Chosen and Byrds","floor":27,"turns":6},{"damage":0,"enemies":"Snake Plant","floor":28,"turns":3},{"damage":0,"enemies":"3 Cultists","floor":30,"turns":5},{"damage":0,"enemies":"Centurion and Healer","floor":31,"turns":4},{"damage":60,"enemies":"Automaton","floor":33,"turns":10}],"seed_played":"-4876213324213692106","potions_obtained":[{"floor":1.0,"key":"ColorlessPotion"},{"floor":5.0,"key":"CunningPotion"},{"floor":7.0,"key":"Weak Potion"},{"floor":8.0,"key":"Poison Potion"},{"floor":12.0,"key":"SkillPotion"},{"floor":16,"key":"SkillPotion"},{"floor":18,"key":"AttackPotion"},{"floor":27,"key":"SkillPotion"},{"floor":30,"key":"Poison Potion"},{"floor":31,"key":"Ancient Potion"}],"is_trial":false,"path_per_floor":["M","T","M","M","M","R","E","M","T","?","M","M","$","E","R","B",null,"M","$","?","?","M","R","E","M","T","M","M","?","M","M","R","B"],"character_chosen":"THE_SILENT","items_purchased":["Lantern"],"campfire_rested":0,"item_purchase_floors":[13],"current_hp_per_floor":[58,58,51,51,46,46,40,40,40,33,33,31,31,20,20,20,55,52,52,52,52,52,52,54,54,54,52,52,52,52,52,52,0,0],"gold":88,"neow_bonus":"TRANSFORM_CARD","is_daily":false,"chose_seed":false,"campfire_upgraded":4,"win_rate":0.0,"timestamp":1608440675,"path_taken":["M","?","M","M","M","R","E","M","T","?","M","M","$","E","R","BOSS","BOSS","M","$","?","?","?","R","E","M","T","M","M","?","M","M","R","BOSS"],"items_purchased_type":["Relic"],"build_version":"2020-12-13","purchased_purges":2,"victory":false,"max_hp_per_floor":[66,66,66,66,66,66,66,66,66,66,66,66,66,66,66,66,66,66,66,66,66,66,66,76,76,76,76,76,76,76,76,76,76,76],"card_choices":[{"not_picked":["Outmaneuver","Acrobatics"],"picked":"Footwork","floor":1.0},{"not_picked":["Leg Sweep","Finisher"],"picked":"Prepared","floor":3.0},{"not_picked":["Dodge and Roll","Escape Plan"],"picked":"Flechettes","floor":4.0},{"not_picked":["Deflect","Escape Plan"],"picked":"Terror","floor":5.0},{"not_picked":["Catalyst","Poisoned Stab"],"picked":"Quick Slash","floor":7.0},{"not_picked":["PiercingWail","Prepared"],"picked":"Tactician","floor":8.0},{"not_picked":["Sucker Punch","Escape Plan"],"picked":"Backstab","floor":11.0},{"not_picked":["Skewer","Bane","Terror"],"picked":"SKIP","floor":12.0},{"not_picked":["Dash","Dagger Spray"],"picked":"Predator","floor":14.0},{"not_picked":["Phantasmal Killer","After Image"],"picked":"Night Terror","floor":16},{"not_picked":["Finisher"],"picked":"SKIP","floor":18},{"not_picked":[],"picked":"Reflex","floor":22},{"not_picked":["Backflip"],"picked":"SKIP","floor":24},{"not_picked":["Dodge and Roll"],"picked":"SKIP","floor":25},{"not_picked":["Outmaneuver"],"picked":"SKIP","floor":27},{"not_picked":[],"picked":"Dodge and Roll+1","floor":28},{"not_picked":[],"picked":"Well Laid Plans","floor":30},{"not_picked":["Flying Knee"],"picked":"SKIP","floor":31}],"player_experience":837856,"relics_obtained":[{"floor":2.0,"key":"The Specimen"},{"floor":7.0,"key":"Thread and Needle"},{"floor":9.0,"key":"Bronze Scales"},{"floor":14.0,"key":"Bag of Marbles"},{"floor":24,"key":"Pear"},{"floor":26,"key":"Smiling Mask"}],"event_choices":[{"cards_removed":["Strike_G"],"damage_healed":0.0,"max_hp_gain":0.0,"max_hp_loss":0.0,"gold_gain":0.0,"event_name":"Golden Wing","player_choice":"Card Removal","floor":10.0,"gold_loss":0.0,"damage_taken":7.0},{"damage_healed":0,"gold_gain":0,"player_choice":"Paid Fearfully","damage_taken":0,"max_hp_gain":0,"max_hp_loss":0,"event_name":"Masked Bandits","floor":20,"gold_loss":43},{"cards_removed":["Strike_G"],"damage_healed":0,"gold_gain":0,"player_choice":"Purged","damage_taken":0,"max_hp_gain":0,"max_hp_loss":0,"event_name":"Purifier","floor":21,"gold_loss":0},{"damage_healed":0,"gold_gain":0,"cards_transformed":["Defend_G","Defend_G"],"player_choice":"Transformed Cards","damage_taken":0,"max_hp_gain":0,"max_hp_loss":0,"event_name":"Designer","floor":29,"gold_loss":75,"cards_obtained":["Bouncing Flask","Infinite Blades"]}],"is_beta":false,"boss_relics":[{"not_picked":["Tiny House","Pandora\u0027s Box"],"picked":"Busted Crown"}],"items_purged_floors":[13,19],"is_endless":false,"potions_floor_spawned":[1,5,7,8,12,16,18,27,30,31],"killed_by":"Automaton","ascension_level":16}}