{"host":"kpyoctgc7jne3jiy","time":1608426888,"event":{"mods":["AchievementEnabler","BaseMod","Minty Spire (QoL Compilation)"],"gold_per_floor":[114,129,129,129,148,148,103,103,128,128,89,127,127,146,146,271,271,290,309,309,328,328,366,366,385,385,17,17,17,36,36,36,161,161,180,199,49,49,49,49,87,106,131,96,96,96,115,134,134,134],"floor_reached":51,"playtime":2457,"items_purged":[],"score":793,"play_id":"89086e8f-7bbd-4c5b-8bb0-429b4fe51257","local_time":"20201220021448","daily_mods":["Specialized","Flight","Terminal"],"is_ascension_mode":false,"campfire_choices":[{"data":"Neutralize","floor":6,"key":"SMITH"},{"data":"Dodge and Roll","floor":8,"key":"SMITH"},{"data":"Backflip","floor":10,"key":"SMITH"},{"data":"Well Laid Plans","floor":13,"key":"SMITH"},{"floor":15,"key":"REST"},{"data":"Crippling Poison","floor":24,"key":"SMITH"},{"data":"Malaise","floor":28,"key":"SMITH"},{"data":"Caltrops","floor":29,"key":"SMITH"},{"data":"Survivor","floor":32,"key":"SMITH"},{"floor":40,"key":"REST"},{"data":"Defend_G","floor":46,"key":"SMITH"},{"floor":49,"key":"REST"}],"circlet_count":0,"master_deck":["Strike_G","Strike_G","Strike_G","Strike_G","Defend_G","Defend_G","Defend_G","Defend_G","Defend_G+1","Survivor+1","Neutralize+1","Choke","Choke","Choke","Choke","Choke","Dodge and Roll+1","Expertise","Sucker Punch","Backflip+1","Caltrops+1","Well Laid Plans+1","Dagger Spray","Malaise+1","CurseOfTheBell","Poisoned Stab+1","Poisoned Stab+1","Outmaneuver+1","Crippling Poison+1","PiercingWail+1","Escape Plan+1","Crippling Poison+1","Good Instincts+1","Venomology+1","Deadly Poison+1","Burst+1","Leg Sweep+1","Catalyst+1","Noxious Fumes+1","Madness+1","Madness+1"],"relics":["Ring of the Snake","Golden Idol","Ancient Tea Set","Potion Belt","Bronze Scales","Calling Bell","Blood Vial","Singing Bowl","FossilizedHelix","Toxic Egg 2","Matryoshka","Lee\u0027s Waffle","Strawberry","SlaversCollar","Regal Pillow","Frozen Egg 2","Happy Flower","PreservedInsect"],"acts_visited":["Exordium","TheCity","TheBeyond"],"potions_floor_usage":[16,21,33,35,41,41,41,41,42,42,48,50],"damage_taken":[{"damage":0,"enemies":"Small Slimes","floor":1,"turns":3},{"damage":0,"enemies":"2 Louse","floor":2,"turns":2},{"damage":0,"enemies":"Jaw Worm","floor":5,"turns":3},{"damage":0,"enemies":"Gremlin Nob","floor":12,"turns":3},{"damage":4,"enemies":"Gremlin Gang","floor":14,"turns":4},{"damage":5,"enemies":"The Guardian","floor":16,"turns":14},{"damage":7,"enemies":"Spheric Guardian","floor":18,"turns":7},{"damage":0,"enemies":"Shell Parasite","floor":19,"turns":7},{"damage":1,"enemies":"Snake Plant","floor":21,"turns":5},{"damage":2,"enemies":"Book of Stabbing","floor":23,"turns":7},{"damage":4,"enemies":"Centurion and Healer","floor":25,"turns":7},{"damage":0,"enemies":"Snecko","floor":30,"turns":5},{"damage":46,"enemies":"Automaton","floor":33,"turns":13},{"damage":15,"enemies":"3 Darklings","floor":35,"turns":5},{"damage":7,"enemies":"Orb Walker","floor":36,"turns":5},{"damage":15,"enemies":"Nemesis","floor":41,"turns":7},{"damage":0,"enemies":"Sphere and 2 Shapes","floor":42,"turns":6},{"damage":26,"enemies":"Transient","floor":47,"turns":5},{"damage":0,"enemies":"4 Shapes","floor":48,"turns":6},{"damage":10,"enemies":"Time Eater","floor":50,"turns":12}],"seed_played":"4005297234989847306","potions_obtained":[{"floor":1,"key":"Energy Potion"},{"floor":5,"key":"BlessingOfTheForge"},{"floor":23,"key":"Weak Potion"},{"floor":25,"key":"Weak Potion"},{"floor":30,"key":"ColorlessPotion"},{"floor":36,"key":"LiquidMemories"},{"floor":42,"key":"Strength Potion"}],"is_trial":false,"path_per_floor":["M","M","?","?","M","R","$","R","T","R","$","E","R","M","R","B",null,"M","M","?","M","?","E","R","M","T","$","R","R","M","?","R","B",null,"M","M","$","?","$","R","E","M","T","$","?","R","M","M","R","B",null],"character_chosen":"THE_SILENT","items_purchased":["Backflip","Caltrops","Lee\u0027s Waffle","Escape Plan+1","Strawberry","Regal Pillow","Noxious Fumes+1"],"campfire_rested":3,"item_purchase_floors":[7,11,27,27,27,37,44],"current_hp_per_floor":[68,67,51,39,39,39,39,39,39,39,39,39,39,35,51,46,52,45,49,49,50,49,49,49,45,45,60,59,58,57,56,55,9,53,38,35,35,35,35,49,34,36,36,36,30,30,8,12,40,32],"gold":134,"neow_bonus":"","is_daily":true,"chose_seed":false,"campfire_upgraded":9,"win_rate":0.0,"timestamp":1608426888,"path_taken":["M","M","?","?","?","R","$","R","T","R","$","E","R","?","R","BOSS","M","M","?","?","?","E","R","M","T","$","R","R","M","?","R","BOSS","M","?","?","?","$","R","E","?","T","$","?","R","M","M","R","BOSS"],"items_purchased_type":["Card","Card","Relic","Card","Relic","Relic","Card"],"build_version":"2020-12-13","purchased_purges":0,"victory":true,"max_hp_per_floor":[68,67,66,65,64,63,62,61,60,59,58,57,56,55,54,53,52,51,52,51,50,49,50,49,48,47,60,59,58,57,56,55,54,53,52,53,52,51,50,49,48,47,46,45,44,43,44,45,44,43],"card_choices":[{"not_picked":["Finisher","Setup"],"picked":"Dodge and Roll","floor":1},{"not_picked":["Concentrate","Dodge and Roll"],"picked":"Expertise","floor":2},{"not_picked":["Outmaneuver","Bane"],"picked":"Sucker Punch","floor":5},{"not_picked":["Bane","Quick Slash"],"picked":"Well Laid Plans","floor":12},{"not_picked":["Blur","Infinite Blades"],"picked":"Dagger Spray","floor":14},{"not_picked":["Venomology","Doppelganger"],"picked":"Malaise","floor":16},{"not_picked":["Bane+1","Prepared"],"picked":"Poisoned Stab+1","floor":18},{"not_picked":["Finisher","Deflect","Backflip"],"picked":"Singing Bowl","floor":19},{"not_picked":["Finisher","Well Laid Plans"],"picked":"Outmaneuver+1","floor":21},{"not_picked":["Dagger Spray+1","Infinite Blades","Sucker Punch"],"picked":"Singing Bowl","floor":23},{"not_picked":["Underhanded Strike","All Out Attack"],"picked":"PiercingWail+1","floor":25},{"not_picked":["Flying Knee+1","Slice"],"picked":"Crippling Poison+1","floor":30},{"not_picked":["Grand Finale","Phantasmal Killer+1"],"picked":"Venomology+1","floor":33},{"not_picked":["Dodge and Roll+1","Dagger Spray+1"],"picked":"Deadly Poison+1","floor":35},{"not_picked":["Dagger Spray+1","Quick Slash","Dagger Throw"],"picked":"Singing Bowl","floor":36},{"not_picked":["Dodge and Roll+1","Cloak And Dagger+1"],"picked":"Leg Sweep+1","floor":41},{"not_picked":["Infinite Blades+1","Acrobatics+1"],"picked":"Catalyst+1","floor":42},{"not_picked":["Underhanded Strike+1","Outmaneuver+1","Concentrate+1"],"picked":"Singing Bowl","floor":47},{"not_picked":["After Image+1","Eviscerate+1","All Out Attack"],"picked":"Singing Bowl","floor":48}],"player_experience":226466,"relics_obtained":[{"floor":9,"key":"Potion Belt"},{"floor":12,"key":"Bronze Scales"},{"floor":17,"key":"Blood Vial"},{"floor":17,"key":"Singing Bowl"},{"floor":17,"key":"FossilizedHelix"},{"floor":23,"key":"Toxic Egg 2"},{"floor":26,"key":"Matryoshka"},{"floor":41,"key":"Frozen Egg 2"},{"floor":43,"key":"Happy Flower"},{"floor":43,"key":"PreservedInsect"}],"event_choices":[{"damage_healed":0,"gold_gain":0,"player_choice":"Take Damage","damage_taken":16,"relics_obtained":["Golden Idol"],"max_hp_gain":0,"max_hp_loss":0,"event_name":"Golden Idol","floor":3,"gold_loss":0},{"damage_healed":0,"gold_gain":0,"player_choice":"Success","damage_taken":12,"relics_obtained":["Ancient Tea Set"],"max_hp_gain":0,"max_hp_loss":0,"event_name":"Scrap Ooze","floor":4,"gold_loss":0},{"damage_healed":0,"gold_gain":0,"player_choice":"Copied","damage_taken":0,"max_hp_gain":0,"max_hp_loss":0,"event_name":"Duplicator","floor":20,"gold_loss":0,"cards_obtained":["Poisoned Stab"]},{"damage_healed":0,"gold_gain":0,"player_choice":"Read","damage_taken":0,"max_hp_gain":0,"max_hp_loss":0,"event_name":"The Library","floor":22,"gold_loss":0,"cards_obtained":["Crippling Poison"]},{"damage_healed":0,"gold_gain":0,"player_choice":"1 cards matched","damage_taken":0,"max_hp_gain":0,"max_hp_loss":0,"event_name":"Match and Keep!","floor":31,"gold_loss":0,"cards_obtained":["Good Instincts"]},{"damage_healed":0,"gold_gain":0,"cards_transformed":["Strike_G"],"player_choice":"Transformed","damage_taken":0,"max_hp_gain":0,"max_hp_loss":0,"event_name":"Transmorgrifier","floor":38,"gold_loss":0,"cards_obtained":["Burst"]},{"damage_healed":0,"gold_gain":0,"player_choice":"Embrace Madness","damage_taken":6,"max_hp_gain":0,"max_hp_loss":0,"event_name":"Winding Halls","floor":45,"gold_loss":0,"cards_obtained":["Madness","Madness"]}],"is_beta":false,"boss_relics":[{"not_picked":["Coffee Dripper","Velvet Choker"],"picked":"Calling Bell"},{"not_picked":["Sozu","Busted Crown"],"picked":"SlaversCollar"}],"items_purged_floors":[],"is_endless":false,"potions_floor_spawned":[1,5,23,25,30,36,42],"ascension_level":0}}