{"host":"4id8injl4bo2b6ih","time":1608486685,"event":{"mods":["Act Like it!","BaseMod","Better Third Choice","Colored Map","Downfall","Friendly Minions","Highlight Path","Ironclad Rager","Minty Spire (QoL Compilation)","Robot Space Explorer","Shop Mod","Spicy Shops","StSLib","The Animator","The Necromancer","The Runesmith","The Spell Scribe"],"gold_per_floor":[226,240,254,286,286,322,322,373,397,397,440,440,465,500,500,628,628,654,669,70,70,70,70,104,104,104,122,185,185,185,204,204,320,320,339,355,355,366,380,411,411,444,470,483,501,552,566,509,509,509],"floor_reached":51,"playtime":6904,"items_purged":[],"score":794,"play_id":"8cab53f0-2dca-4a5e-830c-e98129087ed0","local_time":"20201220185125","is_ascension_mode":false,"campfire_choices":[{"floor":7.0,"key":"REST"},{"floor":10.0,"key":"REST"},{"floor":12.0,"key":"REST"},{"floor":15.0,"key":"REST"},{"data":"1","floor":23.0,"key":"LIFT"},{"data":"2","floor":25.0,"key":"LIFT"},{"floor":30.0,"key":"REST"},{"floor":32.0,"key":"REST"},{"data":"3","floor":41.0,"key":"LIFT"},{"data":"animator:Shalltear","floor":49,"key":"SMITH"}],"circlet_count":0,"master_deck":["animator:Defend_OwariNoSeraph","animator:Defend","animator:Defend","animator:Shinoa","animator:Mikaela","animator:KrulTepes","animator:Shigure","animator:Entoma+4","animator:HiiragiShinya","animator:Shalltear+1","animator:YunYun","animator:Mitsuba","animator:KrulTepes","animator:Shichika","animator:Biyorigo","animator:Ciel+1","animator:Verdia+1","animator:Shuna+1","animator:Emonzaemon","animator:Rena","Slimebound:Tackle+1","Slimebound:Tackle+1","animator:HiiragiShinya+1","animator:Darkness+1","animator:CrowleyEusford+1","animator:PandorasActor+1","animator:Hans","animator:Shigure","animator:Hans","animator:PandorasActor+1","animator:Benimaru+1","animator:Ain","animator:Sebas+1","Decay","animator:PandorasActor+1","animator:Guren+1","animator:NarberalGamma+1"],"relics":["animator:LivingPicture","animator:TheMissingPiece","Bloody Idol","Blood Vial","White Beast Statue","Blood Vial","Centennial Puzzle","animator:Buoy","Lizard Tail","Astrolabe","Thread and Needle","Girya","betterThird:NestCultRelic","Blood Vial","Toxic Egg 2","Bag of Marbles","Bronze Scales","Cursed Key","HornCleat","Blood Vial","Paper Crane","Regal Pillow","TungstenRod","Ornamental Fan"],"acts_visited":["Exordium","TheCity","TheBeyond"],"potions_floor_usage":[42,46,50,50],"damage_taken":[{"damage":3.0,"enemies":"Jaw Worm","floor":1.0,"turns":7.0},{"damage":1.0,"enemies":"2 Louse","floor":2.0,"turns":3.0},{"damage":2.0,"enemies":"Small Slimes","floor":3.0,"turns":3.0},{"damage":1.0,"enemies":"Looter","floor":4.0,"turns":3.0},{"damage":27.0,"enemies":"Lagavulin","floor":6.0,"turns":7.0},{"damage":28.0,"enemies":"3 Sentries","floor":8.0,"turns":9.0},{"damage":9.0,"enemies":"Gremlin Nob","floor":11.0,"turns":4.0},{"damage":11.0,"enemies":"Exordium Thugs","floor":13.0,"turns":5.0},{"damage":14.0,"enemies":"Exordium Wildlife","floor":14.0,"turns":4.0},{"damage":33.0,"enemies":"Hexaghost","floor":16.0,"turns":11.0},{"damage":4.0,"enemies":"Shell Parasite","floor":18.0,"turns":7.0},{"damage":38.0,"enemies":"Spheric Guardian","floor":19.0,"turns":8.0},{"damage":41.0,"enemies":"animator:HornedBat","floor":24.0,"turns":8.0},{"damage":34.0,"enemies":"Snake Plant","floor":27.0,"turns":5.0},{"damage":0.0,"enemies":"Book of Stabbing","floor":28.0,"turns":5.0},{"damage":23.0,"enemies":"Shelled Parasite and Fungi","floor":31.0,"turns":4.0},{"damage":11.0,"enemies":"Champ","floor":33.0,"turns":12.0},{"damage":5.0,"enemies":"Orb Walker","floor":35.0,"turns":4.0},{"damage":36.0,"enemies":"3 Darklings","floor":36.0,"turns":5.0},{"damage":6.0,"enemies":"Sphere and 2 Shapes","floor":38.0,"turns":5.0},{"damage":0.0,"enemies":"4 Shapes","floor":39.0,"turns":7.0},{"damage":2.0,"enemies":"Nemesis","floor":40.0,"turns":7.0},{"damage":54,"enemies":"Giant Head","floor":42,"turns":9},{"damage":24,"enemies":"Spire Growth","floor":44,"turns":7},{"damage":0,"enemies":"3 Darklings","floor":45,"turns":5},{"damage":6,"enemies":"2 Orb Walkers","floor":46,"turns":5},{"damage":0,"enemies":"Writhing Mass","floor":47,"turns":7},{"damage":41,"enemies":"Awakened One","floor":50,"turns":13}],"seed_played":"2648078960286537977","potions_obtained":[{"floor":4.0,"key":"Strength Potion"},{"floor":8.0,"key":"Fire Potion"},{"floor":11.0,"key":"FairyPotion"},{"floor":13.0,"key":"animator:FalseLifePotion"},{"floor":14.0,"key":"EssenceOfSteel"},{"floor":18.0,"key":"Dexterity Potion"},{"floor":24.0,"key":"sneckomod:MuddlingPotion"},{"floor":27.0,"key":"BlessingOfTheForge"},{"floor":28.0,"key":"animator:FalseLifePotion"},{"floor":31.0,"key":"ColorlessPotion"},{"floor":33.0,"key":"Energy Potion"},{"floor":42,"key":"SpeedPotion"},{"floor":44,"key":"Block Potion"},{"floor":45,"key":"Energy Potion"},{"floor":46,"key":"EssenceOfSteel"}],"is_trial":false,"path_per_floor":["M","M","M","M","?","E","R","E","T","R","E","R","M","M","R","B",null,"M","M","$","?","?","R","E","R","T","M","E","?","R","M","R","B",null,"M","M","?","M","M","E","R","E","T","M","M","?","M","?","R","B",null],"character_chosen":"THE_ANIMATOR","items_purchased":["Thread and Needle","Girya"],"campfire_rested":6,"item_purchase_floors":[20,20],"current_hp_per_floor":[63,63,61,60,44,17,37,11,11,31,27,47,40,32,53,25,71,67,33,33,33,33,33,35,35,35,8,14,14,35,23,44,49,72,72,41,41,46,57,68,68,25,30,19,32,43,56,56,56,25],"gold":509,"neow_bonus":"HUNDRED_GOLD","is_daily":false,"chose_seed":false,"campfire_upgraded":1,"win_rate":0.0,"timestamp":1608486685,"path_taken":["M","M","M","M","?","E","R","E","T","R","E","R","M","M","R","BOSS","BOSS","M","M","$","?","?","R","E","R","T","M","E","?","R","M","R","BOSS","M","M","?","M","M","E","R","E","T","M","?","?","M","?","R","BOSS"],"items_purchased_type":["Relic","Relic"],"build_version":"2020-12-13","purchased_purges":0,"victory":true,"max_hp_per_floor":[66,67,67,67,67,67,67,67,67,67,68,68,68,70,70,71,71,71,71,71,71,71,71,71,71,71,72,72,72,72,72,72,72,72,72,72,72,72,72,74,74,74,74,74,74,78,78,78,78,80],"card_choices":[{"not_picked":["animator:Benimaru","animator:Konayuki"],"picked":"animator:KrulTepes","floor":1.0},{"not_picked":["animator:Evileye","animator:Sebas"],"picked":"animator:Shigure","floor":2.0},{"not_picked":["animator:Kazuma","animator:UneriGinkaku"],"picked":"animator:Entoma","floor":3.0},{"not_picked":["animator:KrulTepes","animator:Mitsuba"],"picked":"animator:HiiragiShinya","floor":4.0},{"not_picked":["animator:PandorasActor","animator:GazelDwargon"],"picked":"animator:Shalltear","floor":6.0},{"not_picked":["animator:Shinoa","animator:Viivi"],"picked":"animator:YunYun","floor":8.0},{"not_picked":["animator:Hakurou","animator:Togame"],"picked":"animator:Mitsuba","floor":11.0},{"not_picked":["animator:Shinoa","animator:Mikaela"],"picked":"animator:KrulTepes","floor":13.0},{"not_picked":["animator:Viivi","animator:Chung"],"picked":"animator:Shichika","floor":14.0},{"not_picked":["animator:Elesis","animator:Ainz"],"picked":"animator:Biyorigo","floor":16.0},{"not_picked":["animator:PandorasActor","animator:UneriGinkaku"],"picked":"animator:Emonzaemon","floor":18.0},{"not_picked":["animator:ChaikaBohdan","animator:Kazuma+1"],"picked":"animator:Rena","floor":19.0},{"not_picked":["animator:CrowleyEusford","animator:Shinoa+1"],"picked":"animator:HiiragiShinya+1","floor":24.0},{"not_picked":["animator:AcuraAkari+1","animator:HiiragiShinya+1"],"picked":"animator:Darkness+1","floor":27.0},{"not_picked":["animator:Mitsurugi+1","animator:Nanami+1"],"picked":"animator:CrowleyEusford+1","floor":28.0},{"not_picked":["animator:Demiurge+1","animator:Mitsurugi"],"picked":"animator:PandorasActor+1","floor":31.0},{"not_picked":["animator:Eris+1","animator:Elesis"],"picked":"animator:Hans","floor":33.0},{"not_picked":["animator:Mikaela","animator:HiiragiShinya+1"],"picked":"animator:Shigure","floor":35.0},{"not_picked":["animator:Rena+1","animator:Yoichi+1"],"picked":"animator:Hans","floor":36.0},{"not_picked":["animator:Mitsuba+1","animator:Verdia+1"],"picked":"animator:PandorasActor+1","floor":38.0},{"not_picked":["animator:ChaikaBohdan+1","animator:UneriGinkaku+1"],"picked":"animator:Benimaru+1","floor":39.0},{"not_picked":["animator:Elsword","animator:Chung+1"],"picked":"animator:Ain","floor":40.0},{"not_picked":["animator:Ciel+1","animator:Raven+1"],"picked":"animator:Sebas+1","floor":42},{"not_picked":["animator:Elsword","animator:Raven"],"picked":"animator:PandorasActor+1","floor":44},{"not_picked":["animator:Mitsurugi+1","animator:ZankiKiguchi+1","animator:ChaikaBohdan+1"],"picked":"SKIP","floor":45},{"not_picked":["animator:Kazuma+1","animator:Ara+1"],"picked":"animator:Guren+1","floor":46},{"not_picked":["animator:Entoma","animator:Demiurge+1"],"picked":"animator:NarberalGamma+1","floor":47}],"player_experience":409176,"relics_obtained":[{"floor":6.0,"key":"Blood Vial"},{"floor":6.0,"key":"White Beast Statue"},{"floor":8.0,"key":"Blood Vial"},{"floor":8.0,"key":"Centennial Puzzle"},{"floor":9.0,"key":"animator:Buoy"},{"floor":11.0,"key":"Lizard Tail"},{"floor":24.0,"key":"Blood Vial"},{"floor":24.0,"key":"Toxic Egg 2"},{"floor":26.0,"key":"Bag of Marbles"},{"floor":28.0,"key":"Bronze Scales"},{"floor":40.0,"key":"HornCleat"},{"floor":42,"key":"Blood Vial"},{"floor":42,"key":"Paper Crane"},{"floor":43,"key":"Regal Pillow"},{"floor":46,"key":"TungstenRod"}],"event_choices":[{"damage_healed":0.0,"max_hp_gain":0.0,"max_hp_loss":0.0,"gold_gain":0.0,"event_name":"Golden Idol","player_choice":"Take Damage","floor":5.0,"gold_loss":0.0,"damage_taken":16.0,"relics_obtained":["Golden Idol"]},{"damage_healed":0.0,"max_hp_gain":0.0,"max_hp_loss":0.0,"gold_gain":0.0,"event_name":"betterThird:BetterNest","player_choice":"Madness","floor":22.0,"gold_loss":0.0,"damage_taken":0.0,"relics_obtained":["betterThird:NestCultRelic"]},{"damage_healed":0.0,"max_hp_gain":0.0,"max_hp_loss":0.0,"gold_gain":0.0,"event_name":"Forgotten Altar","player_choice":"Gave Idol","floor":29.0,"relics_lost":["Golden Idol"],"gold_loss":0.0,"damage_taken":0.0,"relics_obtained":["Bloody Idol"]},{"cards_removed":["Slimebound:Tackle"],"damage_healed":0.0,"max_hp_gain":0.0,"max_hp_loss":0.0,"gold_gain":0.0,"event_name":"Bonfire Elementals","player_choice":"Offered Basic","floor":37.0,"gold_loss":0.0,"damage_taken":0.0},{"damage_healed":0,"gold_gain":0,"player_choice":"Fight","damage_taken":0,"max_hp_gain":0,"max_hp_loss":0,"event_name":"Mysterious Sphere","floor":46,"gold_loss":0},{"damage_healed":0,"gold_gain":0,"player_choice":"Paid Gold","damage_taken":0,"relics_obtained":["Ornamental Fan"],"max_hp_gain":0,"max_hp_loss":0,"event_name":"WeMeetAgain","floor":48,"gold_loss":57}],"is_beta":false,"boss_relics":[{"not_picked":["SacredBark","animator:CursedBlade"],"picked":"Astrolabe"},{"not_picked":["Tiny House","Philosopher\u0027s Stone"],"picked":"Cursed Key"}],"items_purged_floors":[],"is_endless":false,"potions_floor_spawned":[4,8,11,13,14,16,18,19,24,27,28,31,33,35,36,38,39,40,42,44,45,46,47],"ascension_level":0}}