{"host":"q89ui3xtee35wkxq","time":1608455428,"event":{"mods":["Act Like it!","BaseMod","BetterRewards","Colored Map","Colored Powertips","Custom Start","Minty Spire (QoL Compilation)","Rare Cards Sparkle","Shop Mod","Swap Starting Deck Mod"],"gold_per_floor":[116,126,14,25,0,0,0,35,62,90,90,105,280,280,280],"floor_reached":14,"playtime":999,"items_purged":[],"score":197,"play_id":"51da7a95-0a11-4a55-911a-fd6f9d9e7354","local_time":"20201220121028","is_ascension_mode":true,"campfire_choices":[{"data":"Prepared","floor":6,"key":"SMITH"}],"circlet_count":0,"master_deck":["Predator","Flechettes","Flechettes","Flechettes","Escape Plan","Escape Plan","Escape Plan","Escape Plan","Setup","Leg Sweep","Terror","Prepared+1","Bandage Up","Footwork","Footwork+1","Doubt"],"relics":["Ring of the Snake","Juzu Bracelet","Blood Vial","Smiling Mask"],"acts_visited":["Exordium"],"potions_floor_usage":[5,10],"damage_taken":[{"damage":0,"enemies":"Jaw Worm","floor":1,"turns":1},{"damage":0,"enemies":"Small Slimes","floor":2,"turns":1},{"damage":0,"enemies":"2 Louse","floor":4,"turns":1},{"damage":0,"enemies":"Gremlin Nob","floor":8,"turns":2},{"damage":15,"enemies":"3 Sentries","floor":10,"turns":6},{"damage":6,"enemies":"Exordium Wildlife","floor":12,"turns":3},{"damage":89,"enemies":"Gremlin Nob","floor":14,"turns":4}],"seed_played":"1155194393114170480","potions_obtained":[{"floor":4,"key":"Fruit Juice"},{"floor":8,"key":"AttackPotion"}],"is_trial":false,"path_per_floor":["M","M","$","M","?","R","?","E","T","E","?","M","?","E"],"character_chosen":"THE_SILENT","items_purchased":["Prepared","Bandage Up"],"campfire_rested":0,"item_purchase_floors":[3,3],"current_hp_per_floor":[32,32,32,32,37,37,62,66,66,57,57,57,57,0,0],"gold":280,"neow_bonus":"","is_daily":false,"chose_seed":false,"campfire_upgraded":1,"win_rate":0.0,"timestamp":1608455428,"path_taken":["M","M","$","M","?","R","?","E","T","E","?","M","?","E"],"items_purchased_type":["Card","Card"],"build_version":"2020-12-13","purchased_purges":0,"victory":false,"max_hp_per_floor":[70,70,70,70,75,75,75,75,75,75,75,75,75,75,75],"card_choices":[{"not_picked":["Dagger Throw","Eviscerate","Heel Hook"],"picked":"SKIP","floor":1},{"not_picked":["Well Laid Plans","Deadly Poison"],"picked":"Terror","floor":2},{"not_picked":["Bane","Slice","Dodge and Roll"],"picked":"SKIP","floor":4},{"not_picked":["Dodge and Roll","Blade Dance"],"picked":"Footwork","floor":8},{"not_picked":["Dodge and Roll","Prepared"],"picked":"Footwork","floor":10},{"not_picked":["Outmaneuver","Flying Knee","Quick Slash"],"picked":"SKIP","floor":12},{"not_picked":["Outmaneuver","Flying Knee","Quick Slash"],"picked":"SKIP","floor":12}],"player_experience":489792,"relics_obtained":[{"floor":8,"key":"Juzu Bracelet"},{"floor":9,"key":"Blood Vial"},{"floor":10,"key":"Smiling Mask"}],"event_choices":[{"damage_healed":0,"gold_gain":0,"player_choice":"Left Gold","damage_taken":0,"max_hp_gain":0,"max_hp_loss":0,"event_name":"World of Goop","floor":5,"gold_loss":25},{"damage_healed":25,"gold_gain":0,"player_choice":"Banana","damage_taken":0,"max_hp_gain":0,"max_hp_loss":0,"event_name":"Big Fish","floor":7,"gold_loss":0},{"damage_healed":0,"gold_gain":0,"player_choice":"Grow","damage_taken":0,"max_hp_gain":0,"max_hp_loss":0,"event_name":"Living Wall","floor":11,"gold_loss":0,"cards_upgraded":["Footwork"]},{"damage_healed":0,"gold_gain":175,"player_choice":"AGREE","damage_taken":0,"max_hp_gain":0,"max_hp_loss":0,"event_name":"Liars Game","floor":13,"gold_loss":0,"cards_obtained":["Doubt"]}],"is_beta":false,"boss_relics":[],"items_purged_floors":[],"is_endless":false,"potions_floor_spawned":[4,8],"killed_by":"Gremlin Nob","ascension_level":8}}