{"host":"zerj8jnfx7q70f00","time":1608460938,"event":{"mods":["2.2 Compatiblity","AchievementEnabler","BaseMod","Minty Spire (QoL Compilation)","Permanent Neow","Quick Restart","SuperFastMode"],"gold_per_floor":[110,120,133,152,152,152,171,171,171,171,188,209,57,77,77,77,77],"floor_reached":16,"playtime":517,"items_purged":["Strike_B"],"score":99,"play_id":"45fe3a02-c01a-4210-a382-c0abcab4de43","local_time":"20201220194218","is_ascension_mode":true,"campfire_choices":[{"data":"Seek","floor":6.0,"key":"SMITH"},{"data":"Reprogram","floor":8.0,"key":"SMITH"},{"data":"Strike_B","floor":10.0,"key":"PURGE"},{"floor":15.0,"key":"REST"}],"circlet_count":0,"master_deck":["Strike_B","Defend_B","Defend_B","Defend_B","Zap","Dualcast","Gash","Reprogram+1","Undo","Seek+1","Sweeping Beam","Hologram","FTL","Hologram"],"relics":["Empty Cage","Peace Pipe","Odd Mushroom"],"acts_visited":["Exordium"],"potions_floor_usage":[],"damage_taken":[{"damage":8.0,"enemies":"2 Louse","floor":1.0,"turns":3.0},{"damage":7.0,"enemies":"Small Slimes","floor":2.0,"turns":5.0},{"damage":6.0,"enemies":"Jaw Worm","floor":3.0,"turns":5.0},{"damage":18.0,"enemies":"3 Louse","floor":4.0,"turns":5.0},{"damage":7.0,"enemies":"2 Fungi Beasts","floor":7.0,"turns":6.0},{"damage":3.0,"enemies":"Exordium Thugs","floor":11.0,"turns":5.0},{"damage":8.0,"enemies":"The Mushroom Lair","floor":12.0,"turns":4.0},{"damage":4.0,"enemies":"3 Louse","floor":14.0,"turns":3.0},{"damage":20,"enemies":"Slime Boss","floor":16,"turns":6}],"seed_played":"2504940195026512001","potions_obtained":[{"floor":2.0,"key":"Ancient Potion"},{"floor":11.0,"key":"ColorlessPotion"}],"is_trial":false,"path_per_floor":["M","M","M","M","?","R","M","R","T","R","M","?","$","M","R","B"],"character_chosen":"DEFECT","items_purchased":["FTL"],"campfire_rested":1,"item_purchase_floors":[13],"current_hp_per_floor":[67,60,54,36,36,36,29,29,29,29,26,18,18,14,36,16,16],"gold":77,"neow_bonus":"BOSS_RELIC","is_daily":false,"chose_seed":false,"campfire_upgraded":2,"win_rate":0.0,"timestamp":1608460938,"path_taken":["M","M","M","M","?","R","M","R","T","R","M","?","$","M","R","BOSS"],"items_purchased_type":["Card"],"build_version":"2020-12-13","purchased_purges":1,"victory":false,"max_hp_per_floor":[75,75,75,75,75,75,75,75,75,75,75,75,75,75,75,75,75],"card_choices":[{"not_picked":["Conserve Battery","Hologram"],"picked":"Gash","floor":1.0},{"not_picked":["Compile Driver","Stack"],"picked":"Reprogram","floor":2.0},{"not_picked":["Cold Snap","Steam"],"picked":"Undo","floor":3.0},{"not_picked":["Cold Snap","White Noise"],"picked":"Seek","floor":4.0},{"not_picked":["Leap","Lockon"],"picked":"Sweeping Beam","floor":7.0},{"not_picked":["Sweeping Beam","Steam"],"picked":"Hologram","floor":11.0},{"not_picked":["Conserve Battery","Coolheaded"],"picked":"Hologram","floor":14.0}],"player_experience":11341,"relics_obtained":[{"floor":9.0,"key":"Peace Pipe"},{"floor":12.0,"key":"Odd Mushroom"}],"event_choices":[{"damage_healed":0.0,"max_hp_gain":0.0,"max_hp_loss":0.0,"gold_gain":0.0,"event_name":"Liars Game","player_choice":"Ignored","floor":5.0,"gold_loss":0.0,"damage_taken":0.0},{"damage_healed":0.0,"max_hp_gain":0.0,"max_hp_loss":0.0,"gold_gain":0.0,"event_name":"Mushrooms","player_choice":"Fought Mushrooms","floor":12.0,"gold_loss":0.0,"damage_taken":0.0}],"is_beta":false,"boss_relics":[],"items_purged_floors":[13],"is_endless":false,"potions_floor_spawned":[2,11],"killed_by":"Slime Boss","ascension_level":1}}