{"host":"nsvh1q2jrp2m1ip1","time":1608445317,"event":{"mods":["BaseMod","Downfall","Googly Eyes","Hermit","Highlight Path","Minty Spire (QoL Compilation)","StSLib","The Bug Knight","The Cursed","The Hierophant","The Jungle"],"gold_per_floor":[119,119,146,172,172,213,213,244,296,323,351,390,413,413,413,524,524,497,525,625,653,546,546,593,593,618,189,218,218,260,291,291,399,399,428,442,442,41,61,96,96,103,103,103,103,132,150,196,196,196],"floor_reached":51,"playtime":5580,"items_purged":["hierophant:Strike_Hierophant","hierophant:LocustPlague"],"score":819,"play_id":"712ca463-c088-4cdf-8e32-80ad066044f9","local_time":"20201220012157","is_ascension_mode":false,"campfire_choices":[{"data":"hierophant:Kindle","floor":7,"key":"SMITH"},{"floor":15,"key":"REST"},{"floor":23,"key":"REST"},{"data":"hierophant:Glossolalia","floor":25,"key":"SMITH"},{"floor":29,"key":"REST"},{"floor":32,"key":"REST"},{"data":"hierophant:Determination","floor":41,"key":"SMITH"},{"data":"hierophant:ArchangelShield","floor":44,"key":"SMITH"},{"data":"hierophant:Invocation","floor":49,"key":"SMITH"}],"circlet_count":0,"master_deck":["hierophant:Punish+1","hierophant:ChurchCoffers+1","hierophant:Doubloon","hierophant:CoinFling+1","hierophant:RepressedViolence","hierophant:Kindle+1","hierophant:Glossolalia+1","hierophant:HammerAndAnvil","hierophant:Sermon","hierophant:HolyVerse","hierophant:Endure","hierophant:Kindle","hierophant:OrnateBuckler+1","hierophant:Invocation+1","hierophant:Zeal+1","hierophant:TollTheBells","hierophant:Determination+1","hierophant:PristineSoul","hierophant:Encroach","hierophant:Racketeering","hierophant:Chorus","hierophant:FlamingChariot","hierophant:DivineIntervention","hierophant:ArchangelShield+1","hierophant:Batter","hierophant:ThreeLashes+1","hierophant:Alms"],"relics":["hierophant:PropheticMaskRelic","NeowsBlessing","InkBottle","Orichalcum","Ancient Tea Set","Smiling Mask","SlaversCollar","PreservedInsect","Unceasing Top","Whetstone","Bronze Scales","Boot","Toy Ornithopter","Pandora\u0027s Box","ClockworkSouvenir","hierophant:DonationBoxRelic","Dream Catcher","Bag of Preparation"],"acts_visited":["Exordium","TheCity","TheBeyond"],"potions_floor_usage":[8,8,12,16,21,30,33,33,33,39,42,50,50],"damage_taken":[{"damage":0,"enemies":"Jaw Worm","floor":1,"turns":1},{"damage":0,"enemies":"2 Louse","floor":3,"turns":1},{"damage":0,"enemies":"Cultist","floor":4,"turns":3},{"damage":8,"enemies":"3 Sentries","floor":6,"turns":6},{"damage":0,"enemies":"Gremlin Nob","floor":8,"turns":2},{"damage":7,"enemies":"Exordium Thugs","floor":10,"turns":3},{"damage":2,"enemies":"Blue Slaver","floor":11,"turns":3},{"damage":9,"enemies":"3 Sentries","floor":12,"turns":2},{"damage":9,"enemies":"Large Slime","floor":13,"turns":3},{"damage":20,"enemies":"Slime Boss","floor":16,"turns":9},{"damage":19,"enemies":"2 Thieves","floor":18,"turns":4},{"damage":5,"enemies":"3 Byrds","floor":19,"turns":3},{"damage":28,"enemies":"Centurion and Healer","floor":21,"turns":5},{"damage":17,"enemies":"Slavers","floor":24,"turns":3},{"damage":0,"enemies":"Sentry and Sphere","floor":28,"turns":3},{"damage":0,"enemies":"Book of Stabbing","floor":30,"turns":3},{"damage":32,"enemies":"Snecko","floor":31,"turns":6},{"damage":56,"enemies":"Automaton","floor":33,"turns":7},{"damage":0,"enemies":"3 Shapes","floor":35,"turns":2},{"damage":22,"enemies":"3 Darklings","floor":36,"turns":4},{"damage":24,"enemies":"Writhing Mass","floor":39,"turns":5},{"damage":18,"enemies":"Reptomancer","floor":40,"turns":5},{"damage":4,"enemies":"Jaw Worm Horde","floor":42,"turns":2},{"damage":15,"enemies":"4 Shapes","floor":46,"turns":7},{"damage":4,"enemies":"Spire Growth","floor":47,"turns":5},{"damage":0,"enemies":"HollowMod:StalkingDevout","floor":48,"turns":3},{"damage":31,"enemies":"Donu and Deca","floor":50,"turns":6}],"seed_played":"-1890017843321639371","potions_obtained":[{"floor":1,"key":"Strength Potion"},{"floor":4,"key":"GamblersBrew"},{"floor":10,"key":"AttackPotion"},{"floor":11,"key":"Swift Potion"},{"floor":16,"key":"Strength Potion"},{"floor":19,"key":"CultistPotion"},{"floor":24,"key":"DistilledChaos"},{"floor":28,"key":"SteroidPotion"},{"floor":31,"key":"Fruit Juice"},{"floor":33,"key":"Energy Potion"},{"floor":35,"key":"Regen Potion"},{"floor":40,"key":"SneckoOil"},{"floor":42,"key":"champ:CounterPotion"},{"floor":48,"key":"Strength Potion"}],"is_trial":false,"path_per_floor":["M","?","M","M","?","E","R","E","T","M","M","E","M","?","R","B",null,"M","M","?","M","?","R","E","R","T","$","M","R","E","M","R","B",null,"M","M","?","$","M","E","R","M","T","R","?","M","M","E","R","B",null],"character_chosen":"HIEROPHANT","items_purchased":["Bronze Scales","Boot","hierophant:TollTheBells","ClockworkSouvenir","hierophant:DivineIntervention","hierophant:ArchangelShield"],"campfire_rested":4,"item_purchase_floors":[27,27,27,38,38,38],"current_hp_per_floor":[75,75,75,75,60,52,52,52,52,45,43,34,25,25,47,27,75,56,51,51,23,23,45,28,28,28,28,28,50,50,18,40,4,80,80,73,73,73,69,74,74,80,80,80,80,80,76,80,80,76],"gold":196,"neow_bonus":"THREE_ENEMY_KILL","is_daily":false,"chose_seed":false,"campfire_upgraded":5,"win_rate":0.0,"timestamp":1608445317,"path_taken":["M","?","M","M","?","E","R","E","T","M","M","E","M","?","R","BOSS","M","M","?","?","?","R","E","R","T","$","M","R","E","M","R","BOSS","M","M","?","$","M","E","R","M","T","R","?","M","M","E","R","BOSS"],"items_purchased_type":["Relic","Relic","Card","Relic","Card","Card"],"build_version":"2020-12-13","purchased_purges":2,"victory":true,"max_hp_per_floor":[75,75,75,75,75,75,75,75,75,75,75,75,75,75,75,75,75,75,75,75,75,75,75,75,75,75,75,75,75,75,75,75,80,80,80,80,80,80,80,80,80,80,80,80,80,80,80,80,80,80],"card_choices":[{"not_picked":["hierophant:Bribe","hierophant:HolyVerse"],"picked":"hierophant:CoinFling","floor":1},{"not_picked":["hierophant:Remorse","hierophant:AuricBeam"],"picked":"hierophant:RepressedViolence","floor":3},{"not_picked":["hierophant:Community","hierophant:Repentance","hierophant:Martyrdom"],"picked":"SKIP","floor":4},{"not_picked":["hierophant:Dazzle","hierophant:TollTheBells"],"picked":"hierophant:Kindle","floor":6},{"not_picked":["hierophant:Empathy","hierophant:Smite"],"picked":"hierophant:Glossolalia","floor":8},{"not_picked":["hierophant:Zeal","hierophant:MorningPrayer"],"picked":"hierophant:HammerAndAnvil","floor":10},{"not_picked":["hierophant:RustyCrate","hierophant:PristineSoul"],"picked":"hierophant:Sermon","floor":11},{"not_picked":["hierophant:Encroach","hierophant:ThreeLashes"],"picked":"hierophant:HolyVerse","floor":12},{"not_picked":["hierophant:DisplayOfPower","hierophant:ThreeLashes"],"picked":"hierophant:Endure","floor":13},{"not_picked":["hierophant:Batter","hierophant:Cornucopia"],"picked":"hierophant:Kindle","floor":16},{"not_picked":["hierophant:PassingBell+1","hierophant:Remorse"],"picked":"hierophant:OrnateBuckler+1","floor":18},{"not_picked":["hierophant:Charity+1","hierophant:Chorus"],"picked":"hierophant:Invocation","floor":19},{"not_picked":["hierophant:Shelter","hierophant:AuricBeam"],"picked":"hierophant:Zeal+1","floor":21},{"not_picked":["hierophant:SealAway","hierophant:PassingBell","hierophant:FieryStrike+1"],"picked":"SKIP","floor":24},{"not_picked":["hierophant:Mercenaries","hierophant:OrnateBuckler+1","hierophant:Blessing+1"],"picked":"SKIP","floor":28},{"not_picked":["hierophant:HolyVerse","hierophant:Zeal","hierophant:MorningPrayer"],"picked":"SKIP","floor":30},{"not_picked":["hierophant:Doubloon","hierophant:Zeal","hierophant:FlamingChariot"],"picked":"SKIP","floor":31},{"not_picked":["hierophant:Cornucopia","hierophant:LocustPlague"],"picked":"hierophant:Determination","floor":33},{"not_picked":["hierophant:HammerAndAnvil","hierophant:Exaltation","hierophant:RecallFunds"],"picked":"SKIP","floor":35},{"not_picked":["hierophant:AuricBeam+1","hierophant:OrnateBuckler","hierophant:MirrorShield+1"],"picked":"SKIP","floor":36},{"not_picked":["hierophant:Blessing","hierophant:Purify","hierophant:RecallFunds"],"picked":"SKIP","floor":39},{"not_picked":["hierophant:DisplayOfPower","hierophant:Dazzle"],"picked":"hierophant:Batter","floor":40},{"not_picked":["hierophant:PassingBell","hierophant:Zeal+1"],"picked":"hierophant:ThreeLashes+1","floor":42},{"not_picked":["hierophant:SecretStash","hierophant:Purify","hierophant:RustyCrate"],"picked":"SKIP","floor":46},{"not_picked":["hierophant:Empathy+1","hierophant:DisplayOfPower","hierophant:FieryStrike+1"],"picked":"SKIP","floor":47},{"not_picked":["hierophant:PassingBell","hierophant:AuricShield"],"picked":"hierophant:Alms","floor":48}],"player_experience":334205,"relics_obtained":[{"floor":6,"key":"InkBottle"},{"floor":8,"key":"Orichalcum"},{"floor":9,"key":"Ancient Tea Set"},{"floor":12,"key":"Smiling Mask"},{"floor":24,"key":"Unceasing Top"},{"floor":26,"key":"Whetstone"},{"floor":30,"key":"Toy Ornithopter"},{"floor":40,"key":"hierophant:DonationBoxRelic"},{"floor":43,"key":"Dream Catcher"},{"floor":48,"key":"Bag of Preparation"}],"event_choices":[{"damage_healed":0,"gold_gain":0,"player_choice":"Grow","damage_taken":0,"max_hp_gain":0,"max_hp_loss":0,"event_name":"Living Wall","floor":2,"gold_loss":0,"cards_upgraded":["hierophant:ChurchCoffers"]},{"damage_healed":0,"gold_gain":0,"player_choice":"Entered Light","damage_taken":15,"max_hp_gain":0,"max_hp_loss":0,"event_name":"Shining Light","floor":5,"gold_loss":0,"cards_upgraded":["hierophant:Punish","hierophant:CoinFling"]},{"damage_healed":0,"gold_gain":0,"player_choice":"Ignored","damage_taken":0,"max_hp_gain":0,"max_hp_loss":0,"event_name":"NoteForYourself","floor":14,"gold_loss":0},{"damage_healed":0,"gold_gain":100,"player_choice":"Pray","damage_taken":0,"max_hp_gain":0,"max_hp_loss":0,"event_name":"Golden Shrine","floor":20,"gold_loss":0},{"damage_healed":0,"gold_gain":0,"player_choice":"Paid Gold","damage_taken":0,"relics_obtained":["PreservedInsect"],"max_hp_gain":0,"max_hp_loss":0,"event_name":"WeMeetAgain","floor":22,"gold_loss":107},{"cards_removed":["hierophant:Determination"],"damage_healed":0,"gold_gain":0,"player_choice":"Removed Power","damage_taken":0,"max_hp_gain":0,"max_hp_loss":0,"event_name":"Falling","floor":37,"gold_loss":0},{"damage_healed":0,"gold_gain":0,"player_choice":"Memory 1","damage_taken":0,"max_hp_gain":0,"max_hp_loss":0,"event_name":"SensoryStone","floor":45,"gold_loss":0}],"is_beta":false,"boss_relics":[{"not_picked":["SacredBark","Astrolabe"],"picked":"SlaversCollar"},{"not_picked":["Snecko Eye","Runic Dome"],"picked":"Pandora\u0027s Box"}],"items_purged_floors":[27,38],"is_endless":false,"potions_floor_spawned":[1,4,10,11,16,19,24,28,31,33,35,40,42,48],"ascension_level":0}}