{"host":"ec2wu4mdnvke243f","time":1608471995,"event":{"mods":["2.2 Compatiblity","AchievementEnabler","BaseMod","Defuse TimeMaze Blight","Downfall","Hermit","Infinite Spire","Minty Spire (QoL Compilation)","StSLib","The Cursed","The Disciple","The Jungle","The Servant 0.9.4"],"gold_per_floor":[99,134,134,152,169,181,181,31,42,72,86,98,98,98,114,210,210,210,226,226,246,271,271,316,316,316,316],"floor_reached":26,"playtime":1823,"items_purged":[],"score":256,"play_id":"d4454d3d-df62-4bd9-918f-4fa4290ddac6","local_time":"20201220144635","is_ascension_mode":true,"campfire_choices":[{"floor":1,"key":"RECALL"},{"floor":3,"key":"REST"},{"data":"hermit:Magnum","floor":18,"key":"SMITH"},{"data":"hermit:DeadOrAlive","floor":20,"key":"SMITH"}],"circlet_count":0,"master_deck":["hermit:Defend_Hermit","hermit:Defend_Hermit","hermit:Defend_Hermit","hermit:Defend_Hermit","hermit:Snapshot","hermit:Covet","hermit:Magnum+1","hermit:Glare","hermit:Ricochet","hermit:FlashPowder","hermit:Roulette","hermit:HeroicBravado+1","hermit:Manifest","hermit:Quickdraw","hermit:Dive","Regret","Decay","hermit:Roughhouse","hermit:DeadOrAlive+1","hermit:Snipe","hermit:TakeCover","hermit:Quickdraw+1","Bite","Bite","Bite","Bite","Bite","J.A.X."],"relics":["hermit:Momento"],"acts_visited":["Exordium","TheCity"],"potions_floor_usage":[16,16,17,22,22],"damage_taken":[{"damage":39,"enemies":"Lagavulin","floor":2,"turns":8},{"damage":2,"enemies":"2 Louse","floor":4,"turns":2},{"damage":4,"enemies":"infinitespire:Voidling","floor":5,"turns":3},{"damage":3,"enemies":"Small Slimes","floor":6,"turns":3},{"damage":4,"enemies":"Gremlin Gang","floor":9,"turns":5},{"damage":27,"enemies":"3 Sentries","floor":10,"turns":10},{"damage":0,"enemies":"2 Fungi Beasts","floor":11,"turns":3},{"damage":12,"enemies":"Blue Slaver","floor":12,"turns":4},{"damage":1,"enemies":"Exordium Thugs","floor":15,"turns":3},{"damage":35,"enemies":"downfall:Watcher","floor":16,"turns":14},{"damage":13,"enemies":"3 Byrds","floor":19,"turns":9},{"damage":3,"enemies":"Shell Parasite","floor":21,"turns":3},{"damage":55,"enemies":"Centurion and Healer","floor":22,"turns":11},{"damage":25,"enemies":"Snake Plant","floor":26,"turns":4}],"seed_played":"-667076999945333678","potions_obtained":[{"floor":6,"key":"SteroidPotion"},{"floor":9,"key":"Guardian:BlockOnCardUsePotion"},{"floor":10,"key":"CultistPotion"},{"floor":16,"key":"Fruit Juice"},{"floor":19,"key":"Swift Potion"},{"floor":21,"key":"LiquidBronze"}],"is_trial":false,"path_per_floor":["R","E","R","M","M","M","T","?","M","E","M","M","?","?","M","B",null,"R","M","R","M","M","?","T","?","M"],"character_chosen":"HERMIT","items_purchased":[],"campfire_rested":1,"item_purchase_floors":[],"current_hp_per_floor":[54,15,37,35,31,28,28,85,81,54,54,42,42,42,41,6,90,90,77,77,74,19,19,19,19,0,0],"gold":316,"neow_bonus":"THREE_RARE_CARDS","is_daily":false,"chose_seed":false,"campfire_upgraded":2,"win_rate":0.0,"timestamp":1608471995,"path_taken":["R","E","R","M","M","M","T","?","M","E","M","?","?","?","M","BOSS","R","?","R","M","M","?","T","?","M"],"items_purchased_type":[],"build_version":"2020-12-13","purchased_purges":0,"victory":false,"max_hp_per_floor":[75,75,75,75,75,75,75,85,85,85,85,85,85,85,85,85,90,90,90,90,90,90,62,62,62,62,62],"card_choices":[{"not_picked":["hermit:DeadOrAlive","hermit:RoundhouseKick"],"picked":"hermit:Magnum","floor":0},{"not_picked":["hermit:LuckOfTheDraw","hermit:CalledShot"],"picked":"hermit:Glare","floor":2},{"not_picked":["hermit:Combo","hermit:CalledShot"],"picked":"hermit:Ricochet","floor":4},{"not_picked":["hermit:Headshot","hermit:Feint"],"picked":"hermit:FlashPowder","floor":5},{"not_picked":["hermit:Cheat","hermit:LowProfile"],"picked":"hermit:Roulette","floor":6},{"not_picked":["hermit:Desperado","hermit:BodyArmor"],"picked":"hermit:HeroicBravado","floor":9},{"not_picked":["hermit:NoHoldsBarred","hermit:LoneWolf"],"picked":"hermit:Manifest","floor":10},{"not_picked":["hermit:Snipe","hermit:TakeAim"],"picked":"hermit:Quickdraw","floor":11},{"not_picked":["hermit:ItchyTrigger","hermit:WideOpen"],"picked":"hermit:Dive","floor":12},{"not_picked":["hermit:ItchyTrigger","hermit:Snipe"],"picked":"hermit:Roughhouse","floor":15},{"not_picked":["hermit:FatalDesire","hermit:Adapt"],"picked":"hermit:DeadOrAlive","floor":16},{"not_picked":["hermit:Maintenance","hermit:WideOpen"],"picked":"hermit:Snipe","floor":19},{"not_picked":["hermit:Combo","hermit:Dive"],"picked":"hermit:TakeCover","floor":21},{"not_picked":["hermit:Feint","hermit:Virtue"],"picked":"hermit:Quickdraw+1","floor":22}],"player_experience":513390,"relics_obtained":[],"event_choices":[{"damage_healed":0,"gold_gain":0,"player_choice":"Cursed","damage_taken":0,"max_hp_gain":0,"max_hp_loss":0,"event_name":"Wheel of Change","floor":14,"gold_loss":0,"cards_obtained":["Decay"]},{"damage_healed":0,"gold_gain":0,"player_choice":"Became a vampire","damage_taken":0,"max_hp_gain":0,"max_hp_loss":28,"event_name":"Vampires","floor":23,"gold_loss":0,"cards_obtained":["Bite","Bite","Bite","Bite","Bite"]},{"damage_healed":0,"gold_gain":0,"player_choice":"Obtain J.A.X.","damage_taken":0,"max_hp_gain":0,"max_hp_loss":0,"event_name":"Drug Dealer","floor":25,"gold_loss":0,"cards_obtained":["J.A.X."]}],"is_beta":false,"boss_relics":[{"not_picked":["Velvet Choker","Sozu","Astrolabe"]}],"items_purged_floors":[],"is_endless":false,"potions_floor_spawned":[6,9,10,16,19,21],"killed_by":"Snake Plant","ascension_level":1}}