{"host":"07ljfmttuzqopd7f","time":1608446877,"event":{"mods":["2.2 Compatiblity","BaseMod","Bestiary","Block Reminder","Colored Map","Colored Powertips","Curses Come First","Hermit","Minty Spire (QoL Compilation)","Quick Restart","Random Character Button","Rare Cards Sparkle","Relic Stats","StSLib","The Cursed","UnlockEverythingMod","everything is the same but u backflip on backflip"],"gold_per_floor":[110,185,205,205,221,221,221,221,303,318,351,16,32,32,32,129,129,141,141,240,10,26,26,52,67,67,67,72,72],"floor_reached":28,"playtime":1341,"items_purged":["hermit:Strike_Hermit"],"score":332,"play_id":"56f367d6-8413-41f0-9686-f5710db32347","local_time":"20201220014757","is_ascension_mode":true,"campfire_choices":[{"data":"hermit:TrackingShot","floor":6,"key":"SMITH"},{"data":"hermit:Covet","floor":8,"key":"SMITH"},{"data":"hermit:GoldenBullet","floor":15,"key":"SMITH"},{"floor":23,"key":"REST"}],"circlet_count":0,"master_deck":["hermit:Defend_Hermit","hermit:Defend_Hermit","hermit:Defend_Hermit","hermit:Defend_Hermit","hermit:Snapshot","hermit:Covet+1","hermit:TrackingShot+1","hermit:Vantage+1","hermit:Feint","hermit:GoldenBullet+1","hermit:Dive","hermit:Malice","hermit:Combo","hermit:Virtue","hermit:Cheat","hermit:Scavenge","Bite","Bite","Bite","Bite","Bite"],"relics":["Busted Crown","Matryoshka","Pen Nib","Medical Kit","Sozu","Happy Flower","Gremlin Horn","StrikeDummy","Ornamental Fan"],"acts_visited":["Exordium","TheCity"],"potions_floor_usage":[24,24,25],"damage_taken":[{"damage":0,"enemies":"2 Louse","floor":1,"turns":3},{"damage":0,"enemies":"Small Slimes","floor":3,"turns":3},{"damage":0,"enemies":"Jaw Worm","floor":5,"turns":3},{"damage":1,"enemies":"Lots of Slimes","floor":10,"turns":5},{"damage":10,"enemies":"3 Sentries","floor":11,"turns":6},{"damage":1,"enemies":"3 Louse","floor":13,"turns":3},{"damage":17,"enemies":"Slime Boss","floor":16,"turns":12},{"damage":9,"enemies":"Spheric Guardian","floor":18,"turns":5},{"damage":17,"enemies":"Chosen","floor":22,"turns":5},{"damage":45,"enemies":"Book of Stabbing","floor":24,"turns":5},{"damage":6,"enemies":"Centurion and Healer","floor":25,"turns":4},{"damage":19,"enemies":"Cultist and Chosen","floor":28,"turns":5}],"seed_played":"7164493187652085499","potions_obtained":[{"floor":3,"key":"FearPotion"},{"floor":10,"key":"GamblersBrew"},{"floor":11,"key":"Strength Potion"},{"floor":13,"key":"Energy Potion"}],"is_trial":false,"path_per_floor":["M","?","M","?","M","R","?","R","T","M","E","$","M","$","R","B",null,"M","?","?","$","M","R","E","M","T","?","M"],"character_chosen":"HERMIT","items_purchased":["hermit:GoldenBullet","hermit:Dive","Medical Kit","hermit:Virtue","Happy Flower"],"campfire_rested":1,"item_purchase_floors":[12,12,12,21,21],"current_hp_per_floor":[68,57,57,57,57,57,57,57,57,56,46,46,45,45,45,28,63,54,54,54,54,37,59,14,8,8,8,0,0],"gold":72,"neow_bonus":"BOSS_RELIC","is_daily":false,"chose_seed":false,"campfire_upgraded":3,"win_rate":0.0,"timestamp":1608446877,"path_taken":["M","?","M","?","M","R","?","R","T","?","E","$","M","$","R","BOSS","M","?","?","$","M","R","E","M","T","?","M"],"items_purchased_type":["Card","Card","Relic","Card","Relic"],"build_version":"2020-12-13","purchased_purges":1,"victory":false,"max_hp_per_floor":[75,75,75,75,75,75,75,75,75,75,75,75,75,75,75,75,75,75,75,75,75,75,75,75,75,75,52,52,52],"relic_stats":{"Sozu":2,"Busted Crown":22,"Happy Flower":[6],"Gremlin Horn":[2,2],"counters":[12,59],"Ornamental Fan":[8],"Pen Nib":[8],"Medical Kit":[3],"obtain_stats":[{"Sozu":17,"Busted Crown":0,"Matryoshka":9,"Happy Flower":21,"Gremlin Horn":24,"Ornamental Fan":26,"Pen Nib":11,"Medical Kit":12,"StrikeDummy":26,"hermit:Momento":0},{"Sozu":7,"Busted Crown":0,"Matryoshka":3,"Happy Flower":8,"Gremlin Horn":10,"Ornamental Fan":11,"Pen Nib":5,"Medical Kit":5,"StrikeDummy":11,"hermit:Momento":0},{"Sozu":35,"Busted Crown":0,"Matryoshka":9,"Happy Flower":40,"Gremlin Horn":50,"Ornamental Fan":54,"Pen Nib":20,"Medical Kit":20,"StrikeDummy":54,"hermit:Momento":0}]},"card_choices":[{"not_picked":[],"picked":"hermit:TrackingShot","floor":1},{"not_picked":[],"picked":"hermit:Vantage","floor":3},{"not_picked":["hermit:SprayPray"],"picked":"SKIP","floor":5},{"not_picked":["hermit:HoleUp"],"picked":"SKIP","floor":10},{"not_picked":[],"picked":"hermit:Feint","floor":11},{"not_picked":[],"picked":"hermit:Malice","floor":13},{"not_picked":["hermit:CalledShot"],"picked":"SKIP","floor":18},{"not_picked":[],"picked":"hermit:Cheat","floor":22},{"not_picked":["hermit:BodyArmor"],"picked":"SKIP","floor":24},{"not_picked":[],"picked":"hermit:Scavenge","floor":25}],"player_experience":433095,"relics_obtained":[{"floor":9,"key":"Matryoshka"},{"floor":11,"key":"Pen Nib"},{"floor":24,"key":"Gremlin Horn"},{"floor":26,"key":"StrikeDummy"},{"floor":26,"key":"Ornamental Fan"}],"event_choices":[{"damage_healed":0,"gold_gain":75,"player_choice":"Gather Gold","damage_taken":11,"max_hp_gain":0,"max_hp_loss":0,"event_name":"World of Goop","floor":2,"gold_loss":0},{"damage_healed":0,"gold_gain":0,"player_choice":"Grow","damage_taken":0,"max_hp_gain":0,"max_hp_loss":0,"event_name":"Living Wall","floor":4,"gold_loss":0,"cards_upgraded":["hermit:Vantage"]},{"cards_removed":["hermit:Strike_Hermit"],"damage_healed":0,"gold_gain":0,"player_choice":"Purged","damage_taken":0,"max_hp_gain":0,"max_hp_loss":0,"event_name":"Purifier","floor":7,"gold_loss":0},{"damage_healed":0,"gold_gain":0,"player_choice":"Read","damage_taken":0,"max_hp_gain":0,"max_hp_loss":0,"event_name":"The Library","floor":19,"gold_loss":0,"cards_obtained":["hermit:Combo"]},{"damage_healed":0,"gold_gain":99,"player_choice":"Stole From Cult","damage_taken":0,"max_hp_gain":0,"max_hp_loss":0,"event_name":"Nest","floor":20,"gold_loss":0},{"damage_healed":0,"gold_gain":0,"player_choice":"Became a vampire","damage_taken":0,"max_hp_gain":0,"max_hp_loss":23,"event_name":"Vampires","floor":27,"gold_loss":0,"cards_obtained":["Bite","Bite","Bite","Bite","Bite"]}],"is_beta":false,"boss_relics":[{"not_picked":["SacredBark","Coffee Dripper"],"picked":"Sozu"}],"items_purged_floors":[12],"is_endless":false,"potions_floor_spawned":[3,10,11,13,18,25],"killed_by":"Cultist and Chosen","ascension_level":6}}