{"host":"pgqkv8mh62pnrbci","time":1608463999,"event":{"mods":["AchievementEnabler","BaseMod","Custom Start","Infinite Spire","Minty Spire (QoL Compilation)","Replay The Spire","StSLib","SuperFastMode","¡¼?Úª?ø«¡½REMEMod"],"gold_per_floor":[115,66,66,84,84,112,125,50,74,89,105,105,117,130,130,206,306,322,341,266,266,280,280,290,290,316,316,296,296,308,325,325,325,325],"floor_reached":33,"playtime":1375,"items_purged":["ReplayTheSpireMod:Splinters"],"score":489,"play_id":"b34b1c31-c8a7-4fe4-a26a-743b75b9994b","local_time":"20201220203319","is_ascension_mode":true,"campfire_choices":[{"data":"Apotheosis","floor":12.0,"key":"SMITH"},{"data":"Neutralize","floor":15.0,"key":"SMITH"},{"floor":23.0,"key":"REST"},{"data":"Terror","floor":27.0,"key":"SMITH"},{"floor":29.0,"key":"REST"},{"data":"Prepared","floor":32.0,"key":"SMITH"}],"circlet_count":0,"master_deck":["AscendersBane","Strike_G","Strike_G","Strike_G","Strike_G","Defend_G","Defend_G","Defend_G","Defend_G","Defend_G","Survivor","Neutralize+1","ReplayTheSpireMod:Omega Cannon","Cloak And Dagger","Apotheosis+1","Finisher","REME_SpectralBlade","Dagger Spray","Tactician","ReplayTheSpireMod:Scrap Shanks","PiercingWail","Die Die Die","Prepared+1","Terror+1","Backstab","Cloak And Dagger+1"],"relics":["Ring of the Snake","REME_ComplimentaryCards","infinitespire:Joker Card","ReplayTheSpireMod:CursedCoin","Pet Ghost","infinitespire:Beetle Shell","Replay:Wanted Poster","Blood Vial"],"acts_visited":["Exordium","TheCity"],"potions_floor_usage":[33,33],"damage_taken":[{"damage":0.0,"enemies":"2 Louse","floor":1.0,"turns":2.0},{"damage":0.0,"enemies":"Small Slimes","floor":4.0,"turns":1.0},{"damage":7.0,"enemies":"Lagavulin","floor":6.0,"turns":6.0},{"damage":0.0,"enemies":"infinitespire:Voidling","floor":7.0,"turns":1.0},{"damage":10.0,"enemies":"Exordium Wildlife","floor":10.0,"turns":3.0},{"damage":2.0,"enemies":"Blue Slaver","floor":11.0,"turns":3.0},{"damage":0.0,"enemies":"Large Slime","floor":13.0,"turns":5.0},{"damage":0.0,"enemies":"Exordium Thugs","floor":14.0,"turns":3.0},{"damage":13.0,"enemies":"The Guardian","floor":16.0,"turns":10.0},{"damage":15.0,"enemies":"3 Byrds","floor":18.0,"turns":4.0},{"damage":8.0,"enemies":"Chosen","floor":19.0,"turns":3.0},{"damage":26.0,"enemies":"Centurion and Healer","floor":22.0,"turns":5.0},{"damage":5.0,"enemies":"Cultist and Chosen","floor":24.0,"turns":4.0},{"damage":0.0,"enemies":"Snake Plant","floor":30.0,"turns":2.0},{"damage":20.0,"enemies":"Chosen and Byrds","floor":31.0,"turns":7.0},{"damage":46,"enemies":"Champ","floor":33,"turns":5}],"seed_played":"-7674489038742991497","potions_obtained":[{"floor":1.0,"key":"Reflective Coating"},{"floor":4.0,"key":"PowerPotion"},{"floor":11.0,"key":"AttackPotion"},{"floor":16.0,"key":"Dexterity Potion"},{"floor":24.0,"key":"DuplicationPotion"},{"floor":28.0,"key":"Cursed Concoction"},{"floor":31.0,"key":"infinitespire:BlackPotion"}],"is_trial":false,"path_per_floor":["M","$","?","M","?","E","M","$","T","M","M","R","M","M","R","B",null,"M","M","?","?","M","R","M","$","T","R","?","R","M","M","R","B"],"character_chosen":"THE_SILENT","items_purchased":["ReplayTheSpireMod:CursedCoin","Apotheosis"],"campfire_rested":2,"item_purchase_floors":[2,2],"current_hp_per_floor":[59,59,64,64,64,57,57,57,57,47,45,45,45,45,45,32,61,46,38,38,38,12,33,28,28,28,28,28,49,51,33,33,0,0],"gold":325,"neow_bonus":"ONE_RARE_RELIC","is_daily":false,"chose_seed":false,"campfire_upgraded":4,"win_rate":0.0,"timestamp":1608463999,"path_taken":["M","$","?","M","?","E","M","$","T","?","M","R","M","M","R","BOSS","M","M","?","?","M","R","M","$","T","R","?","R","M","M","R","BOSS"],"items_purchased_type":["Relic","Card"],"build_version":"2020-12-13","purchased_purges":1,"victory":false,"max_hp_per_floor":[66,66,71,71,71,71,71,71,71,71,71,71,71,71,71,71,71,71,71,71,71,71,71,71,71,71,71,71,71,71,71,71,71,71],"card_choices":[{"not_picked":["Prepared","Hidden Blade"],"picked":"Cloak And Dagger","floor":1.0},{"not_picked":["Hidden Blade","Underhanded Strike"],"picked":"Finisher","floor":4.0},{"not_picked":["Backflip","Quick Slash"],"picked":"Dagger Spray","floor":6.0},{"not_picked":["Dodge and Roll","Predator","Dagger Spray"],"picked":"SKIP","floor":7.0},{"not_picked":["Outmaneuver","Deflect","Setup"],"picked":"SKIP","floor":10.0},{"not_picked":["Skewer","Fluid Movement"],"picked":"Tactician","floor":11.0},{"not_picked":["Terror","Expertise"],"picked":"ReplayTheSpireMod:Scrap Shanks","floor":13.0},{"not_picked":["Slice","Phantasmal Killer"],"picked":"PiercingWail","floor":14.0},{"not_picked":["Poison Darts","Replay:Bag of Tricks"],"picked":"Die Die Die","floor":16.0},{"not_picked":["Hidden Blade","Bouncing Flask"],"picked":"Prepared","floor":18.0},{"not_picked":["Blur","Flying Knee"],"picked":"Terror","floor":19.0},{"not_picked":["Grand Finale","Dodge and Roll+1","Prepared"],"picked":"SKIP","floor":22.0},{"not_picked":["Hidden Blade","Slice","Dagger Throw"],"picked":"SKIP","floor":24.0},{"not_picked":["Choke","Prepared"],"picked":"Backstab","floor":30.0},{"not_picked":["Fluid Movement","Setup"],"picked":"Cloak And Dagger+1","floor":31.0}],"player_experience":567933,"relics_obtained":[{"floor":6.0,"key":"Pet Ghost"},{"floor":9.0,"key":"infinitespire:Beetle Shell"},{"floor":26.0,"key":"Blood Vial"}],"event_choices":[{"damage_healed":0.0,"max_hp_gain":5.0,"max_hp_loss":0.0,"gold_gain":0.0,"event_name":"Big Fish","player_choice":"Donut","floor":3.0,"gold_loss":0.0,"damage_taken":0.0},{"damage_healed":0.0,"max_hp_gain":0.0,"max_hp_loss":0.0,"gold_gain":0.0,"cards_transformed":["Strike_G"],"event_name":"Transmorgrifier","player_choice":"Transformed","floor":5.0,"gold_loss":0.0,"damage_taken":0.0,"cards_obtained":["REME_SpectralBlade"]},{"cards_removed":["Injury"],"damage_healed":0.0,"max_hp_gain":0.0,"max_hp_loss":0.0,"gold_gain":0.0,"event_name":"Beggar","player_choice":"Gave Gold","floor":20.0,"gold_loss":75.0,"damage_taken":0.0},{"damage_healed":0.0,"max_hp_gain":0.0,"max_hp_loss":0.0,"gold_gain":0.0,"event_name":"Ghosts","player_choice":"Ignored","floor":21.0,"gold_loss":0.0,"damage_taken":0.0},{"damage_healed":0.0,"max_hp_gain":0.0,"max_hp_loss":0.0,"gold_gain":0.0,"event_name":"The Woman in Blue","player_choice":"Bought 1 Potion","floor":28.0,"gold_loss":0.0,"damage_taken":0.0}],"is_beta":false,"boss_relics":[{"not_picked":["Black Star","Replay:Drink Me"],"picked":"Replay:Wanted Poster"}],"items_purged_floors":[8],"is_endless":false,"potions_floor_spawned":[1,4,11,16,24,31],"killed_by":"Champ","ascension_level":19}}