{"host":"fne7yx97fnz7kq05","time":1608440342,"event":{"mods":["BaseMod","Colored Map","Colored Powertips","Highlight Path","Minty Spire (QoL Compilation)","Relic Stats"],"gold_per_floor":[365,377,327,327,327,327,337,337,337,337,364,381,413,429,429,534,534,544,558,289,289,307,307,307],"floor_reached":23,"playtime":1303,"items_purged":["Strike_R"],"score":322,"play_id":"0fb43293-2ddb-4bdc-b36f-8381b391a7bb","local_time":"20201219225902","is_ascension_mode":true,"campfire_choices":[{"data":"True Grit","floor":8,"key":"SMITH"},{"data":"Inflame","floor":15,"key":"SMITH"}],"circlet_count":0,"master_deck":["AscendersBane","Strike_R","Strike_R","Strike_R","Defend_R","Defend_R","Defend_R","Bash","Whirlwind+1","True Grit+1","Inflame+1","Pommel Strike","Shockwave","Perfected Strike+1","Spot Weakness","Swift Strike"],"relics":["Burning Blood","Nunchaku","Vajra","Unceasing Top","Snecko Eye","Anchor"],"acts_visited":["Exordium","TheCity"],"potions_floor_usage":[14,16,23],"damage_taken":[{"damage":7,"enemies":"Jaw Worm","floor":1,"turns":3},{"damage":0,"enemies":"Small Slimes","floor":2,"turns":6},{"damage":1,"enemies":"Cultist","floor":7,"turns":3},{"damage":58,"enemies":"Lagavulin","floor":11,"turns":9},{"damage":0,"enemies":"Lots of Slimes","floor":12,"turns":1},{"damage":8,"enemies":"Gremlin Nob","floor":13,"turns":3},{"damage":0,"enemies":"Exordium Wildlife","floor":14,"turns":2},{"damage":25,"enemies":"Hexaghost","floor":16,"turns":9},{"damage":19,"enemies":"Spheric Guardian","floor":18,"turns":4},{"damage":12,"enemies":"Chosen","floor":19,"turns":3},{"damage":27,"enemies":"Snake Plant","floor":22,"turns":3},{"damage":11,"enemies":"Book of Stabbing","floor":23,"turns":2}],"seed_played":"1136122060574558894","potions_obtained":[{"floor":1,"key":"GamblersBrew"},{"floor":11,"key":"SneckoOil"},{"floor":13,"key":"ColorlessPotion"},{"floor":16,"key":"ElixirPotion"},{"floor":22,"key":"Explosive Potion"}],"is_trial":false,"path_per_floor":["M","M","?","?","?","?","M","R","T","?","E","M","E","M","R","B",null,"M","M","$","?","M","E"],"character_chosen":"IRONCLAD","items_purchased":["Anchor","SteroidPotion"],"campfire_rested":0,"item_purchase_floors":[20,20],"current_hp_per_floor":[71,72,72,77,77,77,77,77,77,77,25,31,29,35,35,16,62,49,43,43,31,10,0,0],"gold":307,"neow_bonus":"TWO_FIFTY_GOLD","is_daily":false,"chose_seed":false,"campfire_upgraded":2,"win_rate":0.0,"timestamp":1608440342,"path_taken":["M","M","?","?","?","?","?","R","T","?","E","M","E","M","R","BOSS","M","M","$","?","?","E"],"items_purchased_type":["Relic","Potion"],"build_version":"2020-12-13","purchased_purges":1,"victory":false,"max_hp_per_floor":[72,72,72,77,77,77,77,77,77,77,77,77,77,77,77,77,77,77,77,77,77,77,77,77],"relic_stats":{"Nunchaku":[5],"counters":[12,48],"Snecko Eye":[16,22,12,25],"obtain_stats":[{"Nunchaku":9,"Anchor":20,"Vajra":11,"Snecko Eye":17,"Burning Blood":0,"Unceasing Top":13},{"Nunchaku":3,"Anchor":10,"Vajra":4,"Snecko Eye":8,"Burning Blood":0,"Unceasing Top":6},{"Nunchaku":12,"Anchor":43,"Vajra":21,"Snecko Eye":36,"Burning Blood":0,"Unceasing Top":25}],"Burning Blood":56,"Unceasing Top":[0]},"card_choices":[{"not_picked":["Carnage","Armaments"],"picked":"Whirlwind","floor":1},{"not_picked":["Body Slam","Thunderclap","Pummel"],"picked":"SKIP","floor":2},{"not_picked":["Havoc","Second Wind"],"picked":"True Grit","floor":7},{"not_picked":["Juggernaut","Headbutt","Perfected Strike"],"picked":"SKIP","floor":11},{"not_picked":["Sword Boomerang","Thunderclap"],"picked":"Inflame","floor":12},{"not_picked":["Thunderclap","Havoc"],"picked":"Pommel Strike","floor":13},{"not_picked":["Wild Strike","Havoc"],"picked":"Shockwave","floor":14},{"not_picked":["Havoc","Headbutt"],"picked":"Perfected Strike+1","floor":18},{"not_picked":["Heavy Blade","Warcry"],"picked":"Spot Weakness","floor":19},{"not_picked":["Blood for Blood","Juggernaut","Combust"],"picked":"SKIP","floor":22}],"player_experience":65275,"relics_obtained":[{"floor":9,"key":"Nunchaku"},{"floor":11,"key":"Vajra"},{"floor":13,"key":"Unceasing Top"}],"event_choices":[{"cards_removed":["Strike_R"],"damage_healed":0,"gold_gain":0,"player_choice":"Card Removal","damage_taken":0,"max_hp_gain":0,"max_hp_loss":0,"event_name":"The Cleric","floor":3,"gold_loss":50},{"damage_healed":0,"gold_gain":0,"player_choice":"Donut","damage_taken":0,"max_hp_gain":5,"max_hp_loss":0,"event_name":"Big Fish","floor":4,"gold_loss":0},{"damage_healed":0,"gold_gain":0,"player_choice":"Ignored","damage_taken":0,"max_hp_gain":0,"max_hp_loss":0,"event_name":"Golden Wing","floor":5,"gold_loss":0},{"damage_healed":0,"gold_gain":0,"player_choice":"Grow","damage_taken":0,"max_hp_gain":0,"max_hp_loss":0,"event_name":"Living Wall","floor":6,"gold_loss":0,"cards_upgraded":["Whirlwind"]},{"cards_removed":["Defend_R"],"damage_healed":0,"gold_gain":0,"player_choice":"Offered Basic","damage_taken":0,"max_hp_gain":0,"max_hp_loss":0,"event_name":"Bonfire Elementals","floor":10,"gold_loss":0},{"damage_healed":0,"gold_gain":0,"player_choice":"CARD ","damage_taken":12,"max_hp_gain":0,"max_hp_loss":0,"event_name":"Knowing Skull","floor":21,"potions_obtained":[],"gold_loss":0,"cards_obtained":["Swift Strike"]}],"is_beta":false,"boss_relics":[{"not_picked":["Tiny House","Mark of Pain"],"picked":"Snecko Eye"}],"items_purged_floors":[20],"is_endless":false,"potions_floor_spawned":[1,11,13,16,22],"killed_by":"Book of Stabbing","ascension_level":12}}