{"host":"9ndbo4kgsfoemf7y","time":1608451248,"event":{"mods":["AchievementEnabler","BaseMod","Colored Map","DeckTracker","Keyboard Shortcuts","Minty Spire (QoL Compilation)","Permanent Neow","Quick Restart","Relic Stats","StSLib","SuperFastMode"],"gold_per_floor":[40,91,125,178,217,286,286,286,286,360,360,360],"floor_reached":11,"playtime":842,"items_purged":[],"score":146,"play_id":"08c1d5d9-b2c8-47c4-b0b5-824f517aee50","local_time":"20201220170048","is_ascension_mode":true,"campfire_choices":[{"floor":8,"key":"REST"}],"circlet_count":0,"master_deck":["AscendersBane","Strike_G","Strike_G","Strike_G","Strike_G","Strike_G","Defend_G","Defend_G","Defend_G","Defend_G","Defend_G","Survivor","Neutralize","HandOfGreed","Terror","Dagger Spray","Calculated Gamble","Decay"],"relics":["Ring of the Snake","Bag of Preparation","Vajra"],"acts_visited":["Exordium"],"potions_floor_usage":[6,11],"damage_taken":[{"damage":0.0,"enemies":"Cultist","floor":1.0,"turns":4.0},{"damage":0.0,"enemies":"2 Louse","floor":2.0,"turns":6.0},{"damage":9.0,"enemies":"Jaw Worm","floor":3.0,"turns":4.0},{"damage":11.0,"enemies":"Exordium Wildlife","floor":4.0,"turns":7.0},{"damage":0.0,"enemies":"Red Slaver","floor":5.0,"turns":3.0},{"damage":29,"enemies":"3 Sentries","floor":6,"turns":10},{"damage":12,"enemies":"3 Louse","floor":10,"turns":7},{"damage":17,"enemies":"Lagavulin","floor":11,"turns":2}],"seed_played":"3258043597594247014","potions_obtained":[{"floor":5.0,"key":"Dexterity Potion"},{"floor":10,"key":"Energy Potion"}],"is_trial":false,"path_per_floor":["M","M","M","M","M","E","?","R","T","M","E"],"character_chosen":"THE_SILENT","items_purchased":[],"campfire_rested":1,"item_purchase_floors":[],"current_hp_per_floor":[59,59,50,39,39,10,10,29,29,17,0,0],"gold":360,"neow_bonus":"RANDOM_COLORLESS_2","is_daily":false,"chose_seed":false,"campfire_upgraded":0,"win_rate":0.0,"timestamp":1608451248,"path_taken":["M","M","M","M","M","E","?","R","T","?","E"],"items_purchased_type":[],"build_version":"2020-12-13","purchased_purges":0,"victory":false,"max_hp_per_floor":[66,66,66,66,66,66,66,66,66,66,66,66],"relic_stats":{"counters":[8,43],"Bag of Preparation":[4],"obtain_stats":[{"Vajra":9,"Bag of Preparation":6,"Ring of the Snake":0},{"Vajra":6,"Bag of Preparation":6,"Ring of the Snake":0},{"Vajra":34,"Bag of Preparation":34,"Ring of the Snake":0}],"Ring of the Snake":[16]},"card_choices":[{"not_picked":["Mayhem","Secret Weapon"],"picked":"HandOfGreed","floor":0.0},{"not_picked":["Poisoned Stab","Catalyst","Deflect"],"picked":"SKIP","floor":1.0},{"not_picked":["Choke","Underhanded Strike"],"picked":"Terror","floor":2.0},{"not_picked":["PiercingWail","Backstab"],"picked":"Dagger Spray","floor":3.0},{"not_picked":["Slice","Dagger Spray","Underhanded Strike"],"picked":"SKIP","floor":4.0},{"not_picked":["Infinite Blades","Choke","Slice"],"picked":"SKIP","floor":5.0},{"not_picked":["Dagger Spray","Accuracy"],"picked":"Calculated Gamble","floor":6},{"not_picked":["Quick Slash","Outmaneuver","Cloak And Dagger"],"picked":"SKIP","floor":10}],"player_experience":717692,"relics_obtained":[{"floor":6,"key":"Bag of Preparation"},{"floor":9,"key":"Vajra"}],"event_choices":[{"damage_healed":0,"gold_gain":0,"player_choice":"Cursed","damage_taken":0,"max_hp_gain":0,"max_hp_loss":0,"event_name":"Wheel of Change","floor":7,"gold_loss":0,"cards_obtained":["Decay"]}],"is_beta":false,"boss_relics":[],"items_purged_floors":[],"is_endless":false,"potions_floor_spawned":[5,10],"killed_by":"Lagavulin","ascension_level":18}}