{"host":"363c1o4m0ew2jbar","time":1608446251,"event":{"mods":["AchievementEnabler","BaseMod","Better Note","Downfall","Minty Spire (QoL Compilation)","StSLib"],"gold_per_floor":[0,59,78,97,22,49,75,102,102,130,141,141,141,141,152,255,255,255,255,286,286,136,171,195,195,222,222,50,50,65,165,182,277,277,277,347,373,384,27,27,27,62,81,6,18,68,118,103,118,118],"floor_reached":51,"playtime":2855,"items_purged":["Guardian:Defend_Guardian","Guardian:Strike_Guardian"],"score":1198,"play_id":"eea1e217-0b2f-4dbc-8daf-604a25d0d972","local_time":"20201219203731","is_ascension_mode":true,"campfire_choices":[{"floor":1,"key":"RECALL"},{"floor":5,"key":"REST"},{"floor":9,"key":"REST"},{"data":"Guardian:DecasProtection","floor":18,"key":"SMITH"},{"floor":21,"key":"REST"},{"floor":27,"key":"REST"},{"data":"Ghostly","floor":35,"key":"SMITH"},{"data":"Guardian:CompilePackage","floor":40,"key":"SMITH"},{"floor":44,"key":"REST"}],"circlet_count":0,"master_deck":["Guardian:Strike_Guardian","Guardian:Strike_Guardian","Guardian:Strike_Guardian","Guardian:Defend_Guardian","Guardian:Defend_Guardian","Guardian:Defend_Guardian","Guardian:CurlUp","Guardian:TwinSlam","Guardian:StasisStrike","Guardian:DecasProtection+1","Guardian:ArmoredProtocol","Guardian:PiercingHide","Guardian:SentryBeam","Guardian:RevengeProtocol","Guardian:DecasProtection","Guardian:FloatingOrbs","Guardian:TimeSifter","Ghostly+1","Guardian:FloatingOrbs","Guardian:EvasiveProtocol+1","Guardian:GuardianWhirl+1","Guardian:Harden+1","Guardian:CompilePackage+1","CurseOfTheBell","Guardian:SpikerProtocol","Guardian:TemporalShield+1"],"relics":["Guardian:ModeShifter","Potion Belt","downfall:HeartBlessingRed","Kunai","Art of War","WingedGreaves","Pantograph","Busted Crown","Gremlin Horn","Guardian:StasisCodex","Blood Vial","downfall:RedIOU","Bag of Preparation","downfall:CloakOfManyFaces","CultistMask","FaceOfCleric","NlothsMask","GremlinMask","SsserpentHead","Calling Bell","Pen Nib","Sundial","Turnip","Letter Opener","Frozen Egg 2","MealTicket","downfall:HeartBlessingGreen"],"acts_visited":["Exordium","TheCity","TheBeyond"],"potions_floor_usage":[6,28,28,33,39,42,42,45],"damage_taken":[{"damage":23,"enemies":"3 Sentries","floor":2,"turns":10},{"damage":3,"enemies":"2 Louse","floor":3,"turns":3},{"damage":12,"enemies":"Jaw Worm","floor":4,"turns":6},{"damage":33,"enemies":"Lagavulin","floor":6,"turns":9},{"damage":17,"enemies":"Gremlin Nob","floor":8,"turns":4},{"damage":0,"enemies":"3 Sentries","floor":10,"turns":6},{"damage":5,"enemies":"Small Slimes","floor":11,"turns":3},{"damage":12,"enemies":"Gremlin Gang","floor":15,"turns":4},{"damage":12,"enemies":"downfall:Silent","floor":16,"turns":7},{"damage":0,"enemies":"Chosen","floor":19,"turns":1},{"damage":19,"enemies":"Gremlin Leader","floor":20,"turns":6},{"damage":17,"enemies":"Book of Stabbing","floor":23,"turns":5},{"damage":31,"enemies":"Slavers","floor":26,"turns":6},{"damage":0,"enemies":"downfall:FleeingMerchant","floor":28,"turns":4},{"damage":2,"enemies":"Shell Parasite","floor":30,"turns":4},{"damage":0,"enemies":"downfall:FaceTrader","floor":31,"turns":7},{"damage":6,"enemies":"Snake Plant","floor":32,"turns":4},{"damage":0,"enemies":"downfall:Watcher","floor":33,"turns":11},{"damage":8,"enemies":"3 Shapes","floor":36,"turns":5},{"damage":17,"enemies":"Reptomancer","floor":37,"turns":6},{"damage":18,"enemies":"3 Darklings","floor":38,"turns":5},{"damage":0,"enemies":"downfall:FleeingMerchant","floor":39,"turns":4},{"damage":28,"enemies":"Nemesis","floor":42,"turns":7},{"damage":16,"enemies":"4 Shapes","floor":43,"turns":3},{"damage":16,"enemies":"Jaw Worm Horde","floor":45,"turns":4},{"damage":0,"enemies":"downfall:FleeingMerchant","floor":48,"turns":4},{"damage":17,"enemies":"Sphere and 2 Shapes","floor":49,"turns":3},{"damage":13,"enemies":"downfall:Ironclad","floor":50,"turns":12}],"seed_played":"-6748626331944100153","potions_obtained":[{"floor":2,"key":"LiquidMemories"},{"floor":6,"key":"Guardian:AcceleratePotion"},{"floor":8,"key":"Ancient Potion"},{"floor":20,"key":"FearPotion"},{"floor":31,"key":"Energy Potion"},{"floor":33,"key":"GamblersBrew"},{"floor":37,"key":"PowerPotion"},{"floor":38,"key":"ColorlessPotion"},{"floor":42,"key":"Dexterity Potion"},{"floor":43,"key":"sneckomod:MuddlingPotion"},{"floor":49,"key":"Weak Potion"}],"is_trial":false,"path_per_floor":["R","?","M","M","R","E","T","E","R","E","M","?","T","?","M","B",null,"R","M","E","R","?","E","T","?","E","R","$","?","M","?","M","B",null,"R","M","E","M","$","R","T","E","M","R","M","?","?","$","M","B",null],"character_chosen":"GUARDIAN","items_purchased":["Guardian:GuardianWhirl","Frozen Egg 2"],"campfire_rested":5,"item_purchase_floors":[28,39],"current_hp_per_floor":[72,49,46,34,58,25,25,8,32,32,27,27,27,27,15,28,67,67,67,48,72,72,55,55,55,26,50,52,37,37,39,36,64,81,81,76,62,47,50,50,50,25,12,39,26,82,82,83,67,72],"gold":118,"neow_bonus":"THREE_RARE_CARDS","is_daily":false,"chose_seed":false,"campfire_upgraded":3,"win_rate":0.0,"timestamp":1608446251,"path_taken":["R","?","M","M","R","E","T","E","R","E","M","?","?","?","M","BOSS","R","?","E","R","?","E","T","?","E","R","$","?","M","?","M","BOSS","R","?","E","M","$","R","T","E","M","R","M","?","?","$","M","BOSS"],"items_purchased_type":["Card","Relic"],"build_version":"2020-12-13","purchased_purges":2,"victory":true,"max_hp_per_floor":[80,80,80,80,80,80,80,80,80,80,80,80,80,80,80,80,80,80,80,80,80,80,80,80,80,80,80,80,85,85,85,86,87,87,87,88,89,90,91,91,91,92,93,93,94,82,82,83,84,85],"card_choices":[{"not_picked":["Guardian:GemFinder","Guardian:AncientConstruct"],"picked":"Guardian:StasisStrike","floor":0},{"not_picked":["Guardian:TimeCapacitor","Guardian:PrismaticBarrier"],"picked":"Guardian:DecasProtection","floor":2},{"not_picked":["Guardian:Incinerate","Guardian:BronzeOrb"],"picked":"Guardian:ArmoredProtocol","floor":3},{"not_picked":["Guardian:Gem_Lightblue","Guardian:VentSteam"],"picked":"Guardian:PiercingHide","floor":4},{"not_picked":["Guardian:Suspension","Guardian:ShieldCharger","Guardian:CrystalBeam"],"picked":"SKIP","floor":6},{"not_picked":["Guardian:Gem_Red","Guardian:WalkerClaw"],"picked":"Guardian:SentryBeam","floor":8},{"not_picked":["Guardian:VentSteam","Guardian:TemporalShield"],"picked":"Guardian:RevengeProtocol","floor":10},{"not_picked":["Guardian:Gem_Lightblue","Guardian:PrimingBeam"],"picked":"Guardian:DecasProtection","floor":11},{"not_picked":["Guardian:PrimingBeam","Guardian:Gem_Green"],"picked":"Guardian:FloatingOrbs","floor":15},{"not_picked":["Guardian:RevengeProtocol","Guardian:FastForward"],"picked":"Guardian:TimeSifter","floor":16},{"not_picked":["Guardian:CrystalBeam+1"],"picked":"SKIP","floor":19},{"not_picked":[],"picked":"Guardian:Gem_Purple","floor":20},{"not_picked":[],"picked":"Guardian:FloatingOrbs","floor":23},{"not_picked":[],"picked":"Guardian:Gem_Crimson","floor":26},{"not_picked":[],"picked":"Guardian:EvasiveProtocol+1","floor":28},{"not_picked":["Guardian:Gem_White"],"picked":"SKIP","floor":30},{"not_picked":[],"picked":"Guardian:Harden+1","floor":31},{"not_picked":["Guardian:Gem_Cyan"],"picked":"SKIP","floor":32},{"not_picked":[],"picked":"Guardian:CompilePackage","floor":33},{"not_picked":["Guardian:PrismaticBarrier"],"picked":"SKIP","floor":36},{"not_picked":[],"picked":"Guardian:SpikerProtocol","floor":37},{"not_picked":["Guardian:RefractedBeam+1"],"picked":"SKIP","floor":38},{"not_picked":["Guardian:Gem_Cyan"],"picked":"SKIP","floor":39},{"not_picked":["Guardian:AncientConstruct+1"],"picked":"SKIP","floor":42},{"not_picked":["Guardian:RollAttack"],"picked":"SKIP","floor":43},{"not_picked":["Guardian:Gem_Red"],"picked":"SKIP","floor":45},{"not_picked":[],"picked":"Guardian:TemporalShield+1","floor":48},{"not_picked":["Guardian:EvasiveProtocol+1"],"picked":"SKIP","floor":49}],"player_experience":1116930,"relics_obtained":[{"floor":6,"key":"Kunai"},{"floor":7,"key":"Bronze Scales"},{"floor":8,"key":"Art of War"},{"floor":10,"key":"WingedGreaves"},{"floor":13,"key":"Pantograph"},{"floor":20,"key":"Gremlin Horn"},{"floor":23,"key":"Guardian:StasisCodex"},{"floor":24,"key":"Blood Vial"},{"floor":26,"key":"Bag of Preparation"},{"floor":31,"key":"downfall:CloakOfManyFaces"},{"floor":34,"key":"Pen Nib"},{"floor":34,"key":"Sundial"},{"floor":34,"key":"Turnip"},{"floor":37,"key":"Letter Opener"},{"floor":42,"key":"MealTicket"}],"event_choices":[],"is_beta":false,"boss_relics":[{"not_picked":["Astrolabe","Cursed Key"],"picked":"Busted Crown"},{"not_picked":["Pandora\u0027s Box","Runic Pyramid"],"picked":"Calling Bell"}],"items_purged_floors":[28,39],"is_endless":false,"potions_floor_spawned":[2,6,8,20,31,33,37,38,42,43,49],"ascension_level":8}}