{"host":"l12hrjjiowxu1z6t","time":1608465913,"event":{"mods":["BaseMod","Colored Powertips","Minty Spire (QoL Compilation)","Quick Restart","SuperFastMode"],"gold_per_floor":[111,124,49,63,63,98,113,132,157,157,210,240,240,258,258,355,355,372,322,247,247],"floor_reached":20,"playtime":705,"items_purged":["Establishment","BowlingBash"],"score":202,"play_id":"06fde555-d217-4d9f-b393-ff5866e48091","local_time":"20201220070513","is_ascension_mode":true,"campfire_choices":[{"floor":10,"key":"REST"},{"floor":13,"key":"REST"},{"floor":15,"key":"REST"}],"circlet_count":0,"master_deck":["Eruption+1","Vigilance","FlyingSleeves","EmptyMind","Wallop+1","Conclude","Scrawl","Alpha","Sanctity"],"relics":["Pandora\u0027s Box","Nunchaku","Smiling Mask","Blood Vial","Bag of Marbles","Runic Pyramid"],"acts_visited":["Exordium","TheCity"],"potions_floor_usage":[7,7,8,20],"damage_taken":[{"damage":0,"enemies":"Small Slimes","floor":1,"turns":3},{"damage":4,"enemies":"Jaw Worm","floor":2,"turns":4},{"damage":0,"enemies":"Cultist","floor":4,"turns":3},{"damage":27,"enemies":"3 Sentries","floor":6,"turns":5},{"damage":6,"enemies":"2 Fungi Beasts","floor":7,"turns":2},{"damage":0,"enemies":"Lots of Slimes","floor":8,"turns":2},{"damage":32,"enemies":"Gremlin Nob","floor":12,"turns":4},{"damage":16,"enemies":"Red Slaver","floor":14,"turns":4},{"damage":30,"enemies":"The Guardian","floor":16,"turns":7},{"damage":33,"enemies":"Shell Parasite","floor":18,"turns":4},{"damage":42,"enemies":"2 Thieves","floor":20,"turns":3}],"seed_played":"8143524106382846420","potions_obtained":[{"floor":1,"key":"SteroidPotion"},{"floor":2,"key":"Strength Potion"},{"floor":7,"key":"SkillPotion"},{"floor":16,"key":"FearPotion"}],"is_trial":false,"path_per_floor":["M","M","$","M","?","E","M","M","T","R","T","E","R","M","R","B",null,"M","$","M"],"character_chosen":"WATCHER","items_purchased":[],"campfire_rested":3,"item_purchase_floors":[],"current_hp_per_floor":[72,68,68,68,54,27,21,21,21,42,42,12,33,19,40,12,72,39,39,0,0],"gold":247,"neow_bonus":"BOSS_RELIC","is_daily":false,"chose_seed":false,"campfire_upgraded":0,"win_rate":0.0,"timestamp":1608465913,"path_taken":["M","M","$","M","?","E","M","M","T","R","?","E","R","M","R","BOSS","M","$","?"],"items_purchased_type":[],"build_version":"2020-12-13","purchased_purges":2,"victory":false,"max_hp_per_floor":[72,72,72,72,72,72,72,72,72,72,72,72,72,72,72,72,72,72,72,72,72],"card_choices":[{"not_picked":["SignatureMove","Halt","CarveReality"],"picked":"SKIP","floor":1},{"not_picked":["SashWhip","EmptyMind","FlurryOfBlows"],"picked":"SKIP","floor":2},{"not_picked":["Protect","EmptyMind","Sanctity"],"picked":"SKIP","floor":4},{"not_picked":["Halt","CrushJoints","Wish"],"picked":"SKIP","floor":6},{"not_picked":["JustLucky","Perseverance","EmptyBody"],"picked":"SKIP","floor":7},{"not_picked":["FlurryOfBlows","Consecrate","Pray"],"picked":"SKIP","floor":8},{"not_picked":["EmptyBody","Wallop","Conclude"],"picked":"SKIP","floor":12},{"not_picked":["Halt","Wireheading"],"picked":"BowlingBash","floor":14},{"not_picked":["ClearTheMind","BowlingBash","Collect+1"],"picked":"SKIP","floor":18}],"player_experience":137996,"relics_obtained":[{"floor":6,"key":"Nunchaku"},{"floor":9,"key":"Smiling Mask"},{"floor":11,"key":"Blood Vial"},{"floor":12,"key":"Bag of Marbles"}],"event_choices":[{"damage_healed":0,"gold_gain":0,"player_choice":"Entered Light","damage_taken":14,"max_hp_gain":0,"max_hp_loss":0,"event_name":"Shining Light","floor":5,"gold_loss":0,"cards_upgraded":["Wallop","Eruption"]}],"is_beta":false,"boss_relics":[{"not_picked":["Black Star","Astrolabe"],"picked":"Runic Pyramid"}],"items_purged_floors":[3,19],"is_endless":false,"potions_floor_spawned":[1,2,7,16],"killed_by":"2 Thieves","ascension_level":2}}