{"host":"uihyvm478gf4vqzh","time":1608507787,"event":{"mods":["AchievementEnabler","BaseMod","Colored Map","Highlight Path","Minty Spire (QoL Compilation)","Quick Restart","Relic Stats"],"gold_per_floor":[109,123,133,151,171,197,20,32,104,119,119,146,146,146,146,244,244,261,110,110,123,135,165,165,185,185,185,34,34,60,71,71,167,167,184,197,197,47,61,86,105,133,133,133,57,92,104,104,104,104,104],"floor_reached":50,"playtime":7892,"items_purged":["Strike_G","Strike_G","Strike_G","Strike_G"],"score":691,"play_id":"e9839927-9240-4d17-96f5-31a55485d070","local_time":"20201220164307","is_ascension_mode":true,"campfire_choices":[{"data":"Concentrate","floor":11,"key":"SMITH"},{"floor":13,"key":"REST"},{"data":"Prepared","floor":15,"key":"SMITH"},{"data":"Envenom","floor":24,"key":"SMITH"},{"floor":32,"key":"REST"},{"data":"After Image","floor":44,"key":"SMITH"},{"data":"Infinite Blades","floor":49,"key":"SMITH"}],"circlet_count":0,"master_deck":["Strike_G","Defend_G","Defend_G","Defend_G","Defend_G","Defend_G","Survivor","Neutralize","Backstab","Acrobatics","Flying Knee","Dodge and Roll","Concentrate+1","Predator","All Out Attack","Noxious Fumes","Cloak And Dagger","Prepared+1","Leg Sweep","Envenom+1","Eviscerate+1","Poisoned Stab","Footwork+1","Choke","Finisher+1","Calculated Gamble+1","Backflip","Distraction+1","Infinite Blades+1","Envenom","Deadly Poison","Tools of the Trade+1","Underhanded Strike+1","After Image+1","Bane+1","Choke","Adrenaline","Acrobatics+1","Terror+1","Enlightenment"],"relics":["Ring of the Snake","Bottled Lightning","Mummified Hand","HoveringKite","Nloth\u0027s Gift","Bird Faced Urn","Vajra","Centennial Puzzle","Snecko Eye","White Beast Statue","Darkstone Periapt","CaptainsWheel","Potion Belt"],"acts_visited":["Exordium","TheCity","TheBeyond"],"potions_floor_usage":[6,6,12,16,22,23,30,33,33,46,50,50,50,50],"damage_taken":[{"damage":2,"enemies":"Cultist","floor":1,"turns":5},{"damage":0,"enemies":"2 Louse","floor":2,"turns":3},{"damage":0,"enemies":"Small Slimes","floor":3,"turns":3},{"damage":12,"enemies":"Exordium Wildlife","floor":4,"turns":7},{"damage":0,"enemies":"Blue Slaver","floor":5,"turns":5},{"damage":19,"enemies":"3 Sentries","floor":6,"turns":12},{"damage":0,"enemies":"Gremlin Gang","floor":8,"turns":1},{"damage":13,"enemies":"Exordium Thugs","floor":10,"turns":6},{"damage":21,"enemies":"Gremlin Nob","floor":12,"turns":4},{"damage":20,"enemies":"Hexaghost","floor":16,"turns":9},{"damage":19,"enemies":"2 Thieves","floor":18,"turns":5},{"damage":11,"enemies":"3 Byrds","floor":21,"turns":5},{"damage":0,"enemies":"Snake Plant","floor":22,"turns":3},{"damage":15,"enemies":"Slavers","floor":23,"turns":5},{"damage":10,"enemies":"Snecko","floor":25,"turns":5},{"damage":8,"enemies":"Book of Stabbing","floor":30,"turns":7},{"damage":0,"enemies":"Centurion and Healer","floor":31,"turns":4},{"damage":40,"enemies":"Automaton","floor":33,"turns":9},{"damage":4,"enemies":"3 Darklings","floor":35,"turns":7},{"damage":16,"enemies":"3 Shapes","floor":36,"turns":3},{"damage":20,"enemies":"Maw","floor":39,"turns":5},{"damage":0,"enemies":"Giant Head","floor":40,"turns":6},{"damage":0,"enemies":"Transient","floor":41,"turns":5},{"damage":36,"enemies":"Nemesis","floor":42,"turns":7},{"damage":0,"enemies":"Reptomancer","floor":46,"turns":5},{"damage":17,"enemies":"4 Shapes","floor":47,"turns":3},{"damage":91,"enemies":"Awakened One","floor":50,"turns":7}],"seed_played":"-7677523427272147052","potions_obtained":[{"floor":1,"key":"Poison Potion"},{"floor":3,"key":"DuplicationPotion"},{"floor":6,"key":"SpeedPotion"},{"floor":10,"key":"Ancient Potion"},{"floor":12,"key":"SkillPotion"},{"floor":21,"key":"AttackPotion"},{"floor":22,"key":"Swift Potion"},{"floor":23,"key":"Dexterity Potion"},{"floor":25,"key":"GhostInAJar"},{"floor":40,"key":"Ancient Potion"},{"floor":41,"key":"DuplicationPotion"},{"floor":42,"key":"GhostInAJar"},{"floor":46,"key":"Ancient Potion"},{"floor":47,"key":"GamblersBrew"}],"is_trial":false,"path_per_floor":["M","M","M","M","M","E","$","M","T","M","R","E","R","?","R","B",null,"M","$","?","M","M","E","R","M","T","?","$","$","E","M","R","B",null,"M","M","?","$","M","E","M","E","T","R","$","E","M","?","R","B"],"character_chosen":"THE_SILENT","items_purchased":["All Out Attack","Noxious Fumes","Poisoned Stab","Backflip","Adrenaline"],"campfire_rested":2,"item_purchase_floors":[7,7,19,28,45],"current_hp_per_floor":[75,75,75,63,63,44,44,44,44,31,31,10,33,33,33,13,77,58,58,58,47,47,32,32,28,28,14,14,14,12,18,42,10,82,81,68,68,68,58,70,82,56,56,56,56,70,65,65,65,0,0],"gold":104,"neow_bonus":"TEN_PERCENT_HP_BONUS","is_daily":false,"chose_seed":false,"campfire_upgraded":5,"win_rate":0.0,"timestamp":1608507787,"path_taken":["M","M","?","M","M","E","$","?","T","M","R","E","R","?","R","BOSS","M","$","?","M","M","E","R","?","T","?","?","$","E","M","R","BOSS","M","M","?","$","?","E","M","E","T","R","$","E","M","?","R","BOSS"],"items_purchased_type":["Card","Card","Card","Card","Card"],"build_version":"2020-12-13","purchased_purges":4,"victory":false,"max_hp_per_floor":[77,77,77,77,77,77,77,77,77,77,77,77,77,77,77,77,77,77,77,77,77,77,77,77,77,77,82,82,82,82,82,82,82,82,82,82,82,82,82,82,82,82,82,82,82,82,82,82,82,82,82],"relic_stats":{"Darkstone Periapt":0,"Centennial Puzzle":[21],"counters":[27,146],"Mummified Hand":[145],"Bird Faced Urn":[118],"HoveringKite":[70],"Snecko Eye":[130,118,123,115],"Nloth\u0027s Gift":5,"obtain_stats":[{"Darkstone Periapt":42,"Potion Belt":46,"HoveringKite":17,"Vajra":26,"White Beast Statue":40,"Centennial Puzzle":30,"CaptainsWheel":43,"Mummified Hand":9,"Bird Faced Urn":23,"Snecko Eye":34,"Bag of Marbles":12,"Nloth\u0027s Gift":20,"Bottled Lightning":6,"Ring of the Snake":0},{"Darkstone Periapt":24,"Potion Belt":25,"HoveringKite":10,"Vajra":15,"White Beast Statue":22,"Centennial Puzzle":16,"CaptainsWheel":24,"Mummified Hand":7,"Bird Faced Urn":14,"Snecko Eye":18,"Bag of Marbles":9,"Nloth\u0027s Gift":11,"Bottled Lightning":6,"Ring of the Snake":0},{"Darkstone Periapt":131,"Potion Belt":136,"HoveringKite":55,"Vajra":78,"White Beast Statue":119,"Centennial Puzzle":85,"CaptainsWheel":131,"Mummified Hand":36,"Bird Faced Urn":73,"Snecko Eye":98,"Bag of Marbles":46,"Nloth\u0027s Gift":60,"Bottled Lightning":35,"Ring of the Snake":0}],"Ring of the Snake":[54]},"card_choices":[{"not_picked":["Flechettes","Setup"],"picked":"Backstab","floor":1},{"not_picked":["Blur","Quick Slash"],"picked":"Acrobatics","floor":2},{"not_picked":["Footwork","Flechettes"],"picked":"Flying Knee","floor":3},{"not_picked":["Flying Knee","Catalyst"],"picked":"Dodge and Roll","floor":4},{"not_picked":["Flying Knee","Acrobatics"],"picked":"Concentrate","floor":5},{"not_picked":["Distraction","Endless Agony"],"picked":"Predator","floor":6},{"not_picked":["Leg Sweep","Dodge and Roll"],"picked":"Cloak And Dagger","floor":8},{"not_picked":["Well Laid Plans","Dagger Throw"],"picked":"Prepared","floor":10},{"not_picked":["Cloak And Dagger","Predator"],"picked":"Leg Sweep","floor":12},{"not_picked":["A Thousand Cuts","Unload"],"picked":"Envenom","floor":16},{"not_picked":["Well Laid Plans","Cloak And Dagger"],"picked":"Eviscerate+1","floor":18},{"not_picked":["Slice","Well Laid Plans"],"picked":"Footwork+1","floor":21},{"not_picked":["Footwork+1","Flechettes"],"picked":"Choke","floor":22},{"not_picked":["Envenom","Dagger Spray"],"picked":"Finisher+1","floor":23},{"not_picked":["Poisoned Stab","Prepared+1"],"picked":"Calculated Gamble+1","floor":25},{"not_picked":["Doppelganger","Night Terror"],"picked":"Distraction+1","floor":30},{"not_picked":["Bouncing Flask","Dagger Throw+1"],"picked":"Infinite Blades","floor":31},{"not_picked":["A Thousand Cuts","Wraith Form v2"],"picked":"Envenom","floor":33},{"not_picked":["Flying Knee","Cloak And Dagger+1"],"picked":"Deadly Poison","floor":35},{"not_picked":["Setup","Noxious Fumes"],"picked":"Tools of the Trade","floor":36},{"not_picked":["Predator+1","Outmaneuver"],"picked":"Underhanded Strike+1","floor":39},{"not_picked":["Backflip+1","Underhanded Strike+1"],"picked":"After Image","floor":40},{"not_picked":["Infinite Blades","Riddle With Holes"],"picked":"Bane+1","floor":41},{"not_picked":["Bullet Time","Envenom"],"picked":"Choke","floor":42},{"not_picked":["Distraction","Escape Plan+1"],"picked":"Acrobatics+1","floor":46},{"not_picked":["Prepared+1","Dagger Spray"],"picked":"Terror+1","floor":47},{"not_picked":["Bandage Up","PanicButton"],"picked":"Enlightenment","floor":48}],"player_experience":257459,"relics_obtained":[{"floor":6,"key":"Bottled Lightning"},{"floor":9,"key":"Mummified Hand"},{"floor":12,"key":"Bag of Marbles"},{"floor":23,"key":"Bird Faced Urn"},{"floor":26,"key":"Vajra"},{"floor":30,"key":"Centennial Puzzle"},{"floor":40,"key":"White Beast Statue"},{"floor":42,"key":"Darkstone Periapt"},{"floor":43,"key":"CaptainsWheel"},{"floor":46,"key":"Potion Belt"}],"event_choices":[{"damage_healed":0,"gold_gain":0,"player_choice":"Ignored","damage_taken":0,"max_hp_gain":0,"max_hp_loss":0,"event_name":"Shining Light","floor":14,"gold_loss":0},{"damage_healed":0,"gold_gain":0,"player_choice":"Traded Relic","damage_taken":0,"relics_obtained":["Nloth\u0027s Gift"],"max_hp_gain":0,"max_hp_loss":0,"event_name":"N\u0027loth","floor":20,"relics_lost":["Bag of Marbles"],"gold_loss":0},{"damage_healed":0,"gold_gain":0,"player_choice":"Shed Blood","damage_taken":19,"max_hp_gain":5,"max_hp_loss":0,"event_name":"Forgotten Altar","floor":27,"gold_loss":0},{"damage_healed":0,"gold_gain":0,"player_choice":"Upgraded","damage_taken":0,"max_hp_gain":0,"max_hp_loss":0,"event_name":"Upgrade Shrine","floor":37,"gold_loss":0,"cards_upgraded":["Tools of the Trade"]},{"damage_healed":0,"gold_gain":0,"player_choice":"Memory 1","damage_taken":0,"max_hp_gain":0,"max_hp_loss":0,"event_name":"SensoryStone","floor":48,"gold_loss":0}],"is_beta":false,"boss_relics":[{"not_picked":["Philosopher\u0027s Stone","Astrolabe"],"picked":"HoveringKite"},{"not_picked":["WristBlade","Pandora\u0027s Box"],"picked":"Snecko Eye"}],"items_purged_floors":[7,19,28,38],"is_endless":false,"potions_floor_spawned":[1,3,6,10,12,21,22,23,25,40,41,42,46,47],"killed_by":"Awakened One","ascension_level":1}}