{"host":"h7xtspmc2x3i8s2i","time":1608503689,"event":{"mods":["2.2 Compatiblity","AchievementEnabler","Act Like it!","AlwaysNeverKeys","Aspiration","Astrologer","BaseMod","Beaked The Cultist","Better Match","Better Sensory Stone","Better Third Choice","Better Vampires","BetterRewards","Challenge The Spire","Colored Map","Colored Powertips","Colorless Booster Pack","Curses Come First","Defuse TimeMaze Blight","Dio Mod","Downfall","Duelist Mod","EXCEPTION","Energized Spire","Friendly Minions","GifTheSpireLib","Gold Saver","Gremlin Skip","Halation","Hubris","Jedi Mod","Key Reminder","Marked Mod","Minty Spire (QoL Compilation)","Pale of the Ancients","Permanent Neow","Random Character Button","Random Character Mod","Rare Cards Sparkle","Relic Filter","Relic Stats","Replay The Spire","SacredBarkPlus","Shop Mod","Somnambulant","Spicy Shops","Spikes Relics","Spire Birthday Party","StSLib","Steal the Spire","Stuff the Spire","SuperFastMode","The Awakened One except there are too many feathers","The Blue Laboratory","The Cursed","The Death Knight","The Dragon Tamer","The Edgeheg","The Hierophant","The Problem Sleuth","The Wild Card","Transform Curses","Unceasing Turn Reminder","everything is the same but u backflip on backflip","slay the spire mod where everything is the same but ironclad has a cowboy hat","vexMod"],"gold_per_floor":[1060,1035,1049,1049,1064,1064,1090,1090,1090,1090,1114,1126,1137,42,42,140,140,156,156,156,170,170,203,203,234,316,329,397,412,442,442,442,543,543,554,776,407,407,407,419,449,449,449,468,468,418,418,428,461,421,421,421,433,448,448,29,29,29,29,29,29,29],"floor_reached":63,"playtime":3978,"items_purged":["DeathKnight:Defend_DeathKnight","DeathKnight:Strike_DeathKnight+1"],"score":1777,"play_id":"3a4cbd10-a6d4-4af1-8380-34e41b790be6","local_time":"20201220173449","is_ascension_mode":false,"campfire_choices":[{"floor":6,"key":"RECALL"},{"floor":8,"key":"REST"},{"data":"DeathKnight:MutagenicPlague","floor":15,"key":"SMITH"},{"data":"DeathKnight:PathOfFrost","floor":32,"key":"SMITH"},{"data":"DeathKnight:Runesurge","floor":39,"key":"SMITH"},{"data":"DeathKnight:FrosPresence","floor":47,"key":"SMITH"},{"data":"hubris:EnhanceAbility","floor":51,"key":"SMITH"},{"data":"DeathKnight:DeathAndDecay","floor":57,"key":"SMITH"},{"data":"DeathKnight:BladedArmor","floor":59,"key":"SMITH"}],"circlet_count":0,"master_deck":["DeathKnight:Strike_DeathKnight","DeathKnight:Strike_DeathKnight","DeathKnight:Strike_DeathKnight","DeathKnight:Defend_DeathKnight","DeathKnight:Defend_DeathKnight","DeathKnight:Defend_DeathKnight","DeathKnight:Defend_DeathKnight","DeathKnight:RuneTap+1","DeathKnight:RuneStrike+1","DeathKnight:IcyTouch","DeathKnight:BladedArmor+1","DeathKnight:Pestilence","DeathKnight:FrosPresence+1","DeathKnight:MutagenicPlague+1","DeathKnight:DeathStrike+1","DeathKnight:PathOfFrost","DeathKnight:PathOfFrost+1","DeathKnight:FrosPresence+1","hubris:EnhanceAbility+1","DeathKnight:Runesurge+1","DeathKnight:PathOfFrost","DeathKnight:HornOfWinter","DeathKnight:ReapingStrike+1","DeathKnight:Runeguard","DeathKnight:UnholyPresence+1","DeathKnight:DeathStrike+1","DeathKnight:Hysteria+1","DeathKnight:ArmyOfTheDead+1","DeathKnight:DeathsAdvance+1","DeathKnight:DeathAndDecay+1","DeathKnight:HornOfWinter+1","DeathKnight:HornOfWinter","DeathKnight:BludPresence+1","DeathKnight:FrostStrike","DeathKnight:IcyTouch+1","DeathKnight:FrosPresence+1","DeathKnight:BloodStrike+1","DeathKnight:Defile+1","DeathKnight:MindFreeze+1","DeathKnight:FrosPresence+1","DeathKnight:DeathStrike+1","DeathKnight:DeathRune","Magnetism+1","Discovery","DeathKnight:Obliterate"],"relics":["theWildCard:VelvetContract","halation:OrihimeAndHikoboshiSamaAndTears","DeathKnight:TomeOfBloodSpecialization","Gremlin Food","halation:Jellyphish","jedi:fakemustache","vexMod:BarristanHead","StuffTheSpire:RubySignet","MerchantsRug","aspiration:RunicSpoon","hubris:Zylophone","jedi:arcanewood","halation:EternalFortune","Red Mask","Frozen Egg 2","sneckomod:SneckoTalon","Whetstone","hubris:DeckOfHolding","halation:PrussianBluePaint","Replay:Kaleidoscope","CaptainsWheel","paleoftheancients:Timepiece","paleoftheancients:KeyRelic","Ice Cream","Gremlin Horn","paleoftheancients:SoulOfTheWokeBloke","DeathKnight:JainasLocket","DeathKnight:LanathelsBloodyNail","Strawberry"],"acts_visited":["Exordium","TheCity","TheBeyond","TheBeyond"],"potions_floor_usage":[7,16,48,53],"damage_taken":[{"damage":0,"enemies":"Cultist","floor":1,"turns":4},{"damage":0,"enemies":"2 Louse","floor":3,"turns":3},{"damage":3,"enemies":"Small Slimes","floor":5,"turns":5},{"damage":39,"enemies":"3 Sentries","floor":7,"turns":10},{"damage":2,"enemies":"2 Fungi Beasts","floor":12,"turns":4},{"damage":7,"enemies":"Blue Slaver","floor":13,"turns":5},{"damage":0,"enemies":"The Guardian","floor":16,"turns":7},{"damage":0,"enemies":"Shell Parasite","floor":18,"turns":8},{"damage":0,"enemies":"3 Byrds","floor":21,"turns":3},{"damage":0,"enemies":"Gremlin Leader","floor":23,"turns":5},{"damage":3,"enemies":"Masked Bandits","floor":25,"turns":4},{"damage":0,"enemies":"Snecko","floor":27,"turns":3},{"damage":2,"enemies":"Sentry and Sphere","floor":29,"turns":9},{"damage":9,"enemies":"Slavers","floor":30,"turns":6},{"damage":46,"enemies":"hubris:MusketHawk","floor":33,"turns":7},{"damage":7,"enemies":"Orb Walker","floor":35,"turns":6},{"damage":15,"enemies":"3 Shapes","floor":40,"turns":5},{"damage":0,"enemies":"Giant Head","floor":41,"turns":6},{"damage":0,"enemies":"Writhing Mass","floor":44,"turns":4},{"damage":0,"enemies":"Sphere and 2 Shapes","floor":48,"turns":3},{"damage":0,"enemies":"Nemesis","floor":49,"turns":5},{"damage":0,"enemies":"Awakened One","floor":52,"turns":7},{"damage":10,"enemies":"Awakened One","floor":53,"turns":6},{"damage":0,"enemies":"Awakened One","floor":54,"turns":3},{"damage":58,"enemies":"Awakened One","floor":58,"turns":2},{"damage":16,"enemies":"paleoftheancients:N","floor":62,"turns":3}],"seed_played":"-6995131664348865401","potions_obtained":[{"floor":3,"key":"AttackPotion"},{"floor":13,"key":"DuplicationPotion"},{"floor":21,"key":"blueLaboratory:AbyssPotion"},{"floor":30,"key":"SteroidPotion"},{"floor":44,"key":"jedi:StrikingPotion"},{"floor":48,"key":"jedi:wingpotion"},{"floor":53,"key":"SteroidPotion"}],"is_trial":false,"path_per_floor":["M","?","M","?","M","R","E","R","T","?","T","M","M","$","R","B",null,"M","?","?","M","M","E","?","?","T","M","T","M","E","HB","R","B",null,"M","?","$","?","R","M","E","PTL","PTL","M","T","$","R","M","E","?","R","B","M","M","T","$","R","M","R","T","?","B",null],"character_chosen":"DEATH_KNIGHT","items_purchased":["DeathKnight:PathOfFrost","DeathKnight:FrosPresence","halation:Jellyphish","jedi:fakemustache","vexMod:BarristanHead","StuffTheSpire:RubySignet","MerchantsRug","hubris:EnhanceAbility","DeathKnight:DeathAndDecay","DeathKnight:HornOfWinter","Whetstone","DeathKnight:FrosPresence+1","DeathKnight:DeathStrike+1","DeathKnight:DeathRune","Magnetism+1","Discovery","DeathKnight:Obliterate"],"campfire_rested":1,"item_purchase_floors":[14,14,14,14,14,14,14,14,37,37,37,46,56,56,56,56,56],"current_hp_per_floor":[75,75,75,75,72,72,33,55,55,55,55,53,46,75,75,81,81,81,81,81,81,81,81,84,81,81,81,81,79,77,42,42,7,42,35,35,42,42,42,36,45,45,45,45,45,45,45,48,48,48,48,48,46,51,51,51,51,51,51,58,58,58],"gold":29,"neow_bonus":"NOSTALGIA","is_daily":false,"chose_seed":false,"campfire_upgraded":7,"win_rate":0.0,"timestamp":1608503689,"path_taken":["M","?","M","?","M","R","E","R","T","?","?","M","M","?","R","BOSS","M","?","?","M","?","E","?","?","T","?","?","M","E","HB","R","BOSS","M","?","$","?","?","M","E","PTL","PTL","M","T","$","R","M","E","?","R","BOSS","M","M","?","$","R","M","R","T","?","BOSS"],"items_purchased_type":["Card","Card","Relic","Relic","Relic","Relic","Relic","Card","Card","Card","Relic","Card","Card","Card","Card","Card","Card"],"build_version":"2020-12-13","purchased_purges":2,"victory":true,"max_hp_per_floor":[75,75,75,75,75,75,75,75,75,75,75,75,75,75,75,81,81,81,81,81,81,81,81,84,84,84,84,84,84,84,42,42,42,42,42,42,42,42,42,45,45,45,45,45,45,45,45,48,48,48,48,48,51,51,51,51,51,51,51,58,58,58],"relic_stats":{"Gremlin Horn":[12,12],"counters":[26,133],"aspiration:RunicSpoon":[209],"Whetstone":["DeathKnight:Strike_DeathKnight","DeathKnight:RuneStrike"],"obtain_stats":[{"Ice Cream":52,"Replay:Accelerometer":30,"Golden Egg":53,"vexMod:MemoryStick":35,"Gremlin Horn":52,"Whetstone":37,"hubris:TerracottaHorce":41,"StuffTheSpire:SapphireSignet":23,"Lizard Tail":33,"SpikesRelics:ToyHorsey":18,"halation:PrussianBluePaint":45,"jedi:paperlyon":62,"Strawberry":60,"MealTicket":21,"hubris:DeckOfHolding":41,"MerchantsRug":14,"DeathKnight:LanathelsBloodyNail":55,"halation:OrihimeAndHikoboshiSamaAndTears":7,"paleoftheancients:KeyRelic":52,"hubris:Teleporter":52,"halation:QuantumPhysicsTextbook":29,"aspiration:Nostalgia":0,"Replay:Kaleidoscope":45,"sneckomod:SneckoTalon":34,"hubris:Zylophone":22,"paleoftheancients:Timepiece":52,"DeathKnight:TomeOfBloodSpecialization":9,"energizedSpire:NeverEndingSparkler":40,"paleoftheancients:SoulOfTheWokeBloke":53,"halation:Jellyphish":14,"halation:PenCase":58,"DeathKnight:JainasLocket":55,"vexMod:PlasmaPancake":16,"hubris:RunicObelisk":27,"Matryoshka":28,"hubris:ScarierMask":44,"jedi:cryingmask":48,"Red Mask":25,"DeathKnight:BrokenRuneblade":0,"Gremlin Food":11,"theSleuth:MegatonKey":25,"aspiration:RunicSpoon":17,"jedi:gremlinknob":49,"aspiration:RandomNobGenerator":54,"Frozen Egg 2":30,"keyreminder:keyreminder":6,"jedi:fakemustache":14,"theWildCard:VelvetContract":0,"CaptainsWheel":49,"vexMod:BarristanHead":14,"halation:EternalFortune":24,"StuffTheSpire:RubySignet":14,"jedi:arcanewood":23},{"Ice Cream":22,"Replay:Accelerometer":13,"Golden Egg":22,"vexMod:MemoryStick":15,"Gremlin Horn":22,"Whetstone":16,"hubris:TerracottaHorce":17,"StuffTheSpire:SapphireSignet":9,"Lizard Tail":14,"SpikesRelics:ToyHorsey":7,"halation:PrussianBluePaint":19,"jedi:paperlyon":25,"Strawberry":25,"MealTicket":8,"hubris:DeckOfHolding":18,"MerchantsRug":6,"DeathKnight:LanathelsBloodyNail":24,"halation:OrihimeAndHikoboshiSamaAndTears":4,"paleoftheancients:KeyRelic":22,"hubris:Teleporter":21,"halation:QuantumPhysicsTextbook":12,"aspiration:Nostalgia":0,"Replay:Kaleidoscope":19,"sneckomod:SneckoTalon":15,"hubris:Zylophone":9,"paleoftheancients:Timepiece":22,"DeathKnight:TomeOfBloodSpecialization":4,"energizedSpire:NeverEndingSparkler":16,"paleoftheancients:SoulOfTheWokeBloke":23,"halation:Jellyphish":6,"halation:PenCase":24,"DeathKnight:JainasLocket":24,"vexMod:PlasmaPancake":6,"hubris:RunicObelisk":11,"Matryoshka":12,"hubris:ScarierMask":18,"jedi:cryingmask":19,"Red Mask":11,"DeathKnight:BrokenRuneblade":0,"Gremlin Food":4,"theSleuth:MegatonKey":10,"aspiration:RunicSpoon":7,"jedi:gremlinknob":20,"aspiration:RandomNobGenerator":23,"Frozen Egg 2":14,"keyreminder:keyreminder":3,"jedi:fakemustache":6,"theWildCard:VelvetContract":0,"CaptainsWheel":21,"vexMod:BarristanHead":6,"halation:EternalFortune":10,"StuffTheSpire:RubySignet":6,"jedi:arcanewood":10},{"Ice Cream":119,"Replay:Accelerometer":70,"Golden Egg":119,"vexMod:MemoryStick":83,"Gremlin Horn":119,"Whetstone":89,"hubris:TerracottaHorce":94,"StuffTheSpire:SapphireSignet":49,"Lizard Tail":76,"SpikesRelics:ToyHorsey":38,"halation:PrussianBluePaint":104,"jedi:paperlyon":130,"Strawberry":130,"MealTicket":46,"hubris:DeckOfHolding":100,"MerchantsRug":31,"DeathKnight:LanathelsBloodyNail":128,"halation:OrihimeAndHikoboshiSamaAndTears":22,"paleoftheancients:KeyRelic":119,"hubris:Teleporter":112,"halation:QuantumPhysicsTextbook":61,"aspiration:Nostalgia":0,"Replay:Kaleidoscope":104,"sneckomod:SneckoTalon":83,"hubris:Zylophone":49,"paleoftheancients:Timepiece":119,"DeathKnight:TomeOfBloodSpecialization":22,"energizedSpire:NeverEndingSparkler":89,"paleoftheancients:SoulOfTheWokeBloke":125,"halation:Jellyphish":31,"halation:PenCase":128,"DeathKnight:JainasLocket":128,"vexMod:PlasmaPancake":31,"hubris:RunicObelisk":58,"Matryoshka":61,"hubris:ScarierMask":100,"jedi:cryingmask":104,"Red Mask":58,"DeathKnight:BrokenRuneblade":0,"Gremlin Food":22,"theSleuth:MegatonKey":54,"aspiration:RunicSpoon":38,"jedi:gremlinknob":107,"aspiration:RandomNobGenerator":125,"Frozen Egg 2":76,"keyreminder:keyreminder":12,"jedi:fakemustache":31,"theWildCard:VelvetContract":0,"CaptainsWheel":112,"vexMod:BarristanHead":31,"halation:EternalFortune":54,"StuffTheSpire:RubySignet":31,"jedi:arcanewood":54}]},"card_choices":[{"not_picked":["DeathKnight:HartStrike","DeathKnight:DreadStrike"],"picked":"DeathKnight:IcyTouch","floor":1},{"not_picked":["DeathKnight:HornOfWinter","DeathKnight:Ossuary"],"picked":"DeathKnight:BladedArmor","floor":3},{"not_picked":["DeathKnight:Culling","DeathKnight:ScourgeStrike"],"picked":"DeathKnight:Pestilence","floor":5},{"not_picked":["DeathKnight:Parry","DeathKnight:RaiseAlly"],"picked":"DeathKnight:FrosPresence","floor":7},{"not_picked":["DeathKnight:MindFreeze","DeathKnight:Lichborne"],"picked":"DeathKnight:MutagenicPlague","floor":12},{"not_picked":["DeathKnight:ReapingStrike+1","DeathKnight:DeathAndDecay"],"picked":"DeathKnight:DeathStrike+1","floor":13},{"not_picked":["DeathKnight:ReapingStrike+1","DeathKnight:RunicDetonation"],"picked":"DeathKnight:Runesurge","floor":16},{"not_picked":["DeathKnight:BloodTap+1","DeathKnight:Hemostasis"],"picked":"DeathKnight:PathOfFrost","floor":18},{"not_picked":["DeathKnight:DeathsAdvance","DeathKnight:Rot"],"picked":"DeathKnight:HornOfWinter","floor":21},{"not_picked":["DeathKnight:BloodEchoes+1","DeathKnight:ShatteringStrikes+1"],"picked":"DeathKnight:ReapingStrike+1","floor":23},{"not_picked":["DeathKnight:DreadStrike","DeathKnight:MindFreeze+1"],"picked":"DeathKnight:Runeguard","floor":25},{"not_picked":["DeathKnight:Ossuary","DeathKnight:GargoyleSkin"],"picked":"DeathKnight:UnholyPresence+1","floor":27},{"not_picked":["DeathKnight:BloodTap+1","DeathKnight:UnholyAssault+1"],"picked":"DeathKnight:DeathStrike+1","floor":29},{"not_picked":["DeathKnight:UnholyPresence+1","DeathKnight:DancingRuneblade+1"],"picked":"DeathKnight:Hysteria+1","floor":30},{"not_picked":["DeathKnight:ReapingStrike+1","DeathKnight:Frostscythe"],"picked":"DeathKnight:ArmyOfTheDead","floor":33},{"not_picked":["DeathKnight:Pestilence+1","DeathKnight:PathOfFrost"],"picked":"DeathKnight:DeathsAdvance+1","floor":35},{"not_picked":["DeathKnight:DeathGrip","DeathKnight:GargoyleSkin+1"],"picked":"DeathKnight:BludPresence+1","floor":40},{"not_picked":["DeathKnight:WraithWalk","DeathKnight:Parry+1"],"picked":"DeathKnight:FrostStrike","floor":41},{"not_picked":["DeathKnight:HartStrike+1","DeathKnight:BladedArmor+1"],"picked":"DeathKnight:IcyTouch+1","floor":44},{"not_picked":["DeathKnight:ChainsOfIce","DeathKnight:Pestilence"],"picked":"DeathKnight:BloodStrike+1","floor":48},{"not_picked":["DeathKnight:DeathAndDecay+1","DeathKnight:DeathStrike+1"],"picked":"DeathKnight:Defile+1","floor":49},{"not_picked":["DeathKnight:ShatteringStrikes+1","DeathKnight:BoneShield+1"],"picked":"DeathKnight:MindFreeze+1","floor":53},{"not_picked":["DeathKnight:IcyTouch","DeathKnight:DreadStrike"],"picked":"DeathKnight:FrosPresence+1","floor":54}],"player_experience":540616,"relics_obtained":[{"floor":7,"key":"halation:OrihimeAndHikoboshiSamaAndTears"},{"floor":9,"key":"DeathKnight:TomeOfBloodSpecialization"},{"floor":11,"key":"Gremlin Food"},{"floor":23,"key":"jedi:arcanewood"},{"floor":25,"key":"Red Mask"},{"floor":28,"key":"Matryoshka"},{"floor":30,"key":"Frozen Egg 2"},{"floor":40,"key":"halation:EternalFortune"},{"floor":41,"key":"hubris:DeckOfHolding"},{"floor":45,"key":"halation:PrussianBluePaint"},{"floor":45,"key":"Replay:Kaleidoscope"},{"floor":48,"key":"halation:EternalFortune"},{"floor":49,"key":"CaptainsWheel"},{"floor":53,"key":"paleoftheancients:SoulOfTheWokeBloke"},{"floor":53,"key":"halation:EternalFortune"},{"floor":55,"key":"DeathKnight:JainasLocket"},{"floor":55,"key":"DeathKnight:LanathelsBloodyNail"},{"floor":60,"key":"Strawberry"}],"event_choices":[{"damage_healed":0,"gold_gain":0,"player_choice":"Grow","damage_taken":0,"max_hp_gain":0,"max_hp_loss":0,"event_name":"Living Wall","floor":4,"gold_loss":0,"cards_upgraded":["DeathKnight:RuneTap"]},{"damage_healed":0,"gold_gain":0,"player_choice":"Ignored","damage_taken":0,"max_hp_gain":0,"max_hp_loss":0,"event_name":"Vampires","floor":20,"gold_loss":0},{"damage_healed":0,"gold_gain":0,"player_choice":"Fought Bandits","damage_taken":0,"max_hp_gain":0,"max_hp_loss":0,"event_name":"Masked Bandits","floor":25,"gold_loss":0},{"damage_healed":0,"gold_gain":222,"player_choice":"Wore Mask","damage_taken":0,"max_hp_gain":0,"max_hp_loss":0,"event_name":"Tomb of Lord Red Mask","floor":36,"gold_loss":0},{"cards_removed":["DeathKnight:Strike_DeathKnight"],"damage_healed":0,"gold_gain":0,"player_choice":"Purged","damage_taken":0,"max_hp_gain":0,"max_hp_loss":0,"event_name":"Purifier","floor":38,"gold_loss":0},{"damage_healed":0,"gold_gain":0,"player_choice":"Upgraded Two","damage_taken":0,"max_hp_gain":0,"max_hp_loss":0,"event_name":"Designer","floor":50,"gold_loss":40,"cards_upgraded":["DeathKnight:HornOfWinter","DeathKnight:ArmyOfTheDead"]}],"is_beta":false,"boss_relics":[{"not_picked":["Coffee Dripper","hubris:CrackedHourglass"],"picked":"aspiration:RunicSpoon"},{"not_picked":["halation:CatFaceCupcake","halation:LoveArrow"],"picked":"sneckomod:SneckoTalon"}],"items_purged_floors":[14,37],"is_endless":false,"potions_floor_spawned":[3,13,21,30,44,48,49,53,62],"ascension_level":0}}