{"host":"thn8o1tmql8xszd5","time":1608468598,"event":{"mods":["AchievementEnabler","BaseMod","Block Reminder","Colored Map","DeckTracker","Highlight Path","Minty Spire (QoL Compilation)","Permanent Neow","Quick Restart","Relic Stats","Robot Space Explorer","StSLib","The Blue Laboratory"],"gold_per_floor":[119,294,304,315,390,390,417,417,466,466,58,58,91,91,91,91,91],"floor_reached":16,"playtime":465,"items_purged":[],"score":148,"play_id":"20ee739b-845e-4b75-9d9a-f5c9738f707a","local_time":"20201220074958","is_ascension_mode":true,"campfire_choices":[{"data":"Doubt","floor":6,"key":"PURGE"},{"data":"Rampage","floor":8,"key":"SMITH"},{"floor":12,"key":"REST"},{"data":"Carnage","floor":15,"key":"SMITH"}],"circlet_count":0,"master_deck":["Strike_R","Strike_R","Strike_R","Strike_R","Strike_R","Defend_R","Defend_R","Defend_R","Defend_R","Bash","Carnage+1","Rampage+1","Rage","Disarm","Feel No Pain","Reaper","Feel No Pain"],"relics":["Burning Blood","Peace Pipe","Omamori","Strawberry","Golden Idol","Mummified Hand","Anchor","Toy Ornithopter"],"acts_visited":["Exordium"],"potions_floor_usage":[7,7],"damage_taken":[{"damage":8,"enemies":"2 Louse","floor":1,"turns":3},{"damage":7,"enemies":"Small Slimes","floor":3,"turns":4},{"damage":6,"enemies":"Cultist","floor":4,"turns":3},{"damage":20,"enemies":"Lagavulin","floor":7,"turns":4},{"damage":29,"enemies":"3 Sentries","floor":13,"turns":9},{"damage":37,"enemies":"Hexaghost","floor":16,"turns":9}],"seed_played":"904472908262891187","potions_obtained":[{"floor":1,"key":"GamblersBrew"},{"floor":3,"key":"LiquidMemories"},{"floor":4,"key":"Strength Potion"}],"is_trial":false,"path_per_floor":["M","?","M","M","?","R","E","R","T","?","$","R","E","?","R","B"],"character_chosen":"IRONCLAD","items_purchased":["Mummified Hand","Feel No Pain","Reaper"],"campfire_rested":1,"item_purchase_floors":[11,11,11],"current_hp_per_floor":[70,70,69,69,58,58,44,44,51,32,32,55,40,33,33,0,0],"gold":91,"neow_bonus":"ONE_RARE_RELIC","is_daily":false,"chose_seed":false,"campfire_upgraded":2,"win_rate":0.0,"timestamp":1608468598,"path_taken":["M","?","M","M","?","R","E","R","T","?","$","R","E","?","R","BOSS"],"items_purchased_type":["Relic","Card","Card"],"build_version":"2020-12-13","purchased_purges":0,"victory":false,"max_hp_per_floor":[72,72,72,72,72,72,72,72,79,79,79,79,79,79,79,79,79],"relic_stats":{"Peace Pipe":1,"counters":[6,32],"Golden Idol":7,"Mummified Hand":[3],"obtain_stats":[{"Peace Pipe":0,"Anchor":13,"Golden Idol":10,"Mummified Hand":11,"Strawberry":9,"Omamori":7,"Burning Blood":0,"Toy Ornithopter":14},{"Peace Pipe":0,"Anchor":5,"Golden Idol":4,"Mummified Hand":4,"Strawberry":4,"Omamori":4,"Burning Blood":0,"Toy Ornithopter":5},{"Peace Pipe":0,"Anchor":23,"Golden Idol":14,"Mummified Hand":14,"Strawberry":14,"Omamori":14,"Burning Blood":0,"Toy Ornithopter":23}],"Burning Blood":30,"Toy Ornithopter":0},"card_choices":[{"not_picked":["Cleave","Perfected Strike"],"picked":"Carnage","floor":1},{"not_picked":["Anger","Uppercut"],"picked":"Rampage","floor":3},{"not_picked":["Seeing Red","Sword Boomerang"],"picked":"Rage","floor":4},{"not_picked":["Perfected Strike","Clothesline"],"picked":"Disarm","floor":7},{"not_picked":["Rage","Twin Strike"],"picked":"Feel No Pain","floor":13}],"player_experience":507000,"relics_obtained":[{"floor":7,"key":"Omamori"},{"floor":9,"key":"Strawberry"},{"floor":13,"key":"Anchor"}],"event_choices":[{"damage_healed":0,"gold_gain":175,"player_choice":"AGREE","damage_taken":0,"max_hp_gain":0,"max_hp_loss":0,"event_name":"Liars Game","floor":2,"gold_loss":0,"cards_obtained":["Doubt"]},{"damage_healed":0,"gold_gain":75,"player_choice":"Gather Gold","damage_taken":11,"max_hp_gain":0,"max_hp_loss":0,"event_name":"World of Goop","floor":5,"gold_loss":0},{"damage_healed":0,"gold_gain":0,"player_choice":"Take Damage","damage_taken":19,"relics_obtained":["Golden Idol"],"max_hp_gain":0,"max_hp_loss":0,"event_name":"Golden Idol","floor":10,"gold_loss":0},{"damage_healed":0,"gold_gain":0,"player_choice":"Success","damage_taken":7,"relics_obtained":["Toy Ornithopter"],"max_hp_gain":0,"max_hp_loss":0,"event_name":"Scrap Ooze","floor":14,"gold_loss":0}],"is_beta":false,"boss_relics":[],"items_purged_floors":[],"is_endless":false,"potions_floor_spawned":[1,3,4],"killed_by":"Hexaghost","ascension_level":8}}