{"host":"n23juj4d9qam5hh1","time":1608439563,"event":{"mods":["BaseMod","Better Note","BetterRewards","Infinite Spire","Minty Spire (QoL Compilation)","Relic Stats","StSLib"],"gold_per_floor":[213,229,209,220,236,236,248,248,248,2,14,14,14,26,26,122,122,141,141,167,167,186,186,199,199,199],"floor_reached":25,"playtime":971,"items_purged":[],"score":215,"play_id":"d137d0c2-c187-4759-829b-75fdf755adc6","local_time":"20201219234603","is_ascension_mode":true,"campfire_choices":[{"data":"infinitespire:OneForAll","floor":6,"key":"SMITH"},{"data":"Inflame","floor":8,"key":"SMITH"},{"data":"Heavy Blade","floor":12,"key":"SMITH"},{"data":"Shockwave","floor":15,"key":"SMITH"},{"data":"Bash","floor":23,"key":"SMITH"}],"circlet_count":0,"master_deck":["Strike_R+1","Strike_R+1","Strike_R+1","Strike_R+1","Strike_R+1","Defend_R+1","Defend_R+1","Defend_R+1","Defend_R+1","Bash+1","infinitespire:OneForAll+1","Shockwave+1","Inflame+1","Heavy Blade+1","Feel No Pain","Ghostly Armor","Impervious","Shrug It Off","Sword Boomerang+1","Body Slam+1"],"relics":["Burning Blood","MealTicket","Bottled Tornado","Ginger","Black Blood","Red Mask"],"acts_visited":["Exordium","TheCity"],"potions_floor_usage":[20,20,25],"damage_taken":[{"damage":7,"enemies":"Jaw Worm","floor":1,"turns":4},{"damage":1,"enemies":"Cultist","floor":2,"turns":4},{"damage":2,"enemies":"2 Louse","floor":4,"turns":3},{"damage":14,"enemies":"Looter","floor":5,"turns":4},{"damage":9,"enemies":"Red Slaver","floor":7,"turns":4},{"damage":5,"enemies":"2 Fungi Beasts","floor":11,"turns":3},{"damage":14,"enemies":"Blue Slaver","floor":14,"turns":4},{"damage":43,"enemies":"The Guardian","floor":16,"turns":13},{"damage":26,"enemies":"2 Thieves","floor":18,"turns":4},{"damage":23,"enemies":"Masked Bandits","floor":20,"turns":7},{"damage":3,"enemies":"3 Byrds","floor":22,"turns":5},{"damage":56,"enemies":"Shelled Parasite and Fungi","floor":24,"turns":5},{"damage":33,"enemies":"Slavers","floor":25,"turns":4}],"seed_played":"1245277146038658258","potions_obtained":[{"floor":2,"key":"Swift Potion"},{"floor":3,"key":"DistilledChaos"},{"floor":5,"key":"Strength Potion"},{"floor":11,"key":"Ancient Potion"},{"floor":18,"key":"Block Potion"},{"floor":22,"key":"DistilledChaos"},{"floor":24,"key":"DistilledChaos"}],"is_trial":false,"path_per_floor":["M","M","?","M","M","R","M","R","T","$","M","R","$","M","R","B",null,"M","AVR","?","?","M","R","M","E"],"character_chosen":"IRONCLAD","items_purchased":["Bottled Tornado"],"campfire_rested":0,"item_purchase_floors":[10],"current_hp_per_floor":[79,80,80,80,72,72,69,69,69,80,80,80,80,72,72,35,80,60,60,55,55,70,70,32,0,0],"gold":199,"neow_bonus":"HUNDRED_GOLD","is_daily":false,"chose_seed":false,"campfire_upgraded":5,"win_rate":0.0,"timestamp":1608439563,"path_taken":["M","M","?","M","M","R","M","R","T","?","M","R","$","M","R","BOSS","M","AVR","?","?","M","R","M","E"],"items_purchased_type":["Relic"],"build_version":"2020-12-13","purchased_purges":0,"victory":false,"max_hp_per_floor":[80,80,80,80,80,80,80,80,80,80,80,80,80,80,80,80,80,80,80,80,80,80,80,80,80,80],"relic_stats":{"counters":[13,64],"Black Blood":99,"MealTicket":11,"Ginger":[3],"obtain_stats":[{"Black Blood":19,"MealTicket":9,"Red Mask":20,"Ginger":19,"Bottled Tornado":10,"Burning Blood":0},{"Black Blood":9,"MealTicket":5,"Red Mask":10,"Ginger":9,"Bottled Tornado":5,"Burning Blood":0},{"Black Blood":43,"MealTicket":19,"Red Mask":50,"Ginger":43,"Bottled Tornado":19,"Burning Blood":0}],"Burning Blood":99},"card_choices":[{"not_picked":["Combust","Power Through"],"picked":"infinitespire:OneForAll","floor":1},{"not_picked":["Seeing Red","Reckless Charge"],"picked":"Shockwave","floor":2},{"not_picked":["Warcry","Perfected Strike"],"picked":"Inflame","floor":4},{"not_picked":["Pommel Strike","Burning Pact"],"picked":"Heavy Blade","floor":5},{"not_picked":["Pummel","Infernal Blade"],"picked":"Feel No Pain","floor":7},{"not_picked":["Heavy Blade","Armaments","Sword Boomerang"],"picked":"SKIP","floor":11},{"not_picked":["Perfected Strike","Clash"],"picked":"Ghostly Armor","floor":14},{"not_picked":["Exhume","Berserk"],"picked":"Impervious","floor":16},{"not_picked":["Pommel Strike","True Grit+1"],"picked":"Shrug It Off","floor":18},{"not_picked":["Shrug It Off","Rampage"],"picked":"Sword Boomerang+1","floor":20},{"not_picked":["Carnage","Second Wind"],"picked":"Body Slam+1","floor":22},{"not_picked":["Clothesline","Thunderclap","Reckless Charge"],"picked":"SKIP","floor":24}],"player_experience":182863,"relics_obtained":[{"floor":9,"key":"MealTicket"},{"floor":20,"key":"Red Mask"}],"event_choices":[{"damage_healed":0,"gold_gain":0,"player_choice":"Bought 1 Potion","damage_taken":0,"max_hp_gain":0,"max_hp_loss":0,"event_name":"The Woman in Blue","floor":3,"gold_loss":0},{"damage_healed":0,"gold_gain":0,"player_choice":"Fought Bandits","damage_taken":0,"max_hp_gain":0,"max_hp_loss":0,"event_name":"Masked Bandits","floor":20,"gold_loss":0},{"damage_healed":0,"gold_gain":0,"player_choice":"Simplicity","damage_taken":0,"max_hp_gain":0,"max_hp_loss":0,"event_name":"Back to Basics","floor":21,"gold_loss":0,"cards_upgraded":["Strike_R","Strike_R","Strike_R","Strike_R","Strike_R","Defend_R","Defend_R","Defend_R","Defend_R"]}],"is_beta":false,"boss_relics":[{"not_picked":["Velvet Choker","Ectoplasm","Fusion Hammer"]}],"items_purged_floors":[],"is_endless":false,"potions_floor_spawned":[2,5,11,14,16,18,22,24],"killed_by":"Slavers","ascension_level":2}}