{"host":"4id8injl4bo2b6ih","time":1608442314,"event":{"mods":["Act Like it!","BaseMod","Better Third Choice","Colored Map","Downfall","Friendly Minions","Highlight Path","Luminous","Minty Spire (QoL Compilation)","Robot Space Explorer","Shop Mod","Spicy Shops","StSLib"],"gold_per_floor":[99,99,128,128,128,158,239,265,276,201,301,301,301,301,311,410,410,410,421,346,371,371,399,474,501,701,701,701,720,53,153,168,284,284,284,297,297,332,359,359,359,359,385,385,52,52,66,76,88,88],"floor_reached":51,"playtime":5108,"items_purged":[],"score":923,"play_id":"4ec3c77d-1b22-4511-9aa0-71f1ae51fb17","local_time":"20201220063154","is_ascension_mode":false,"campfire_choices":[{"data":"sneckomod:Unknown","floor":1.0,"key":"SMITH"},{"data":"sneckomod:Nope","floor":10.0,"key":"SMITH"},{"floor":18.0,"key":"RECALL"},{"floor":20.0,"key":"REST"},{"floor":22.0,"key":"REST"},{"floor":27.0,"key":"REST"},{"floor":35.0,"key":"REST"},{"floor":37.0,"key":"REST"},{"floor":40.0,"key":"REST"},{"floor":42.0,"key":"REST"},{"floor":44.0,"key":"REST"}],"circlet_count":0,"master_deck":["sneckomod:Defend","sneckomod:TailWhip","sneckomod:SnekBite+1","sneckomod:Unknown+1","sneckomod:Unknown","sneckomod:Nope+1","sneckomod:UnknownClassPURPLE","sneckomod:UnknownClassTHE_CHAMP_GRAY+1","sneckomod:Mudshield","sneckomod:UnknownClassLight+1","sneckomod:UnknownClassBLUE+1","sneckomod:SoulDraw","sneckomod:UnknownClassDEFAULT_GRAY_COLOR","White Noise","sneckomod:UnknownEthereal","sneckomod:UnknownRareSkill","sneckomod:ImprovisedGuard","sneckomod:DiceBoulder+1","sneckomod:UnknownClassSLIMEBOUND+1","sneckomod:UnknownRarePower+1","sneckomod:UnknownBlock+1","sneckomod:Unknown0Cost+1","sneckomod:UnknownClassROBOT_ORANGE_COLOR+1","J.A.X.+1","sneckomod:ImprovisedAttack","sneckomod:CheapStock+1","sneckomod:DiceBlock+1","sneckomod:CheapStock","sneckomod:MorePower","sneckomod:UnknownColorless+1","sneckomod:SnekBeam","sneckomod:UnknownRareSkill+1","sneckomod:TrashToTreasure+1","sneckomod:Unknown1Cost+1","sneckomod:Unknown3Cost+1","sneckomod:UnknownRareSkill+1","sneckomod:SoulRoll+1","sneckomod:UnknownVulnerable+1","sneckomod:SerpentIdol+1","sneckomod:UnknownClassROBOT_ORANGE_COLOR+1","sneckomod:CheapStock+1","sneckomod:RainOfDice+1"],"relics":["sneckomod:SuperSneckoSoul","downfall:HeartsMalice","Nunchaku","Art of War","Shuriken","Turnip","downfall:HeartBlessingGreen","Happy Flower","Fusion Hammer","downfall:HeartBlessingRed","Potion Belt","Strawberry","InkBottle","Du-Vu Doll","Toxic Egg 2","Lee\u0027s Waffle","sneckomod:ConfusingCodex","Eternal Feather","MutagenicStrength","Orichalcum","Dream Catcher","Frozen Egg 2","Mango","Pen Nib"],"acts_visited":["Exordium","TheCity","TheBeyond"],"potions_floor_usage":[50],"damage_taken":[{"damage":0.0,"enemies":"Small Slimes","floor":2.0,"turns":1.0},{"damage":0.0,"enemies":"3 Sentries","floor":3.0,"turns":1.0},{"damage":0.0,"enemies":"Jaw Worm","floor":4.0,"turns":1.0},{"damage":20.0,"enemies":"Gremlin Nob","floor":6.0,"turns":5.0},{"damage":17.0,"enemies":"Lagavulin","floor":8.0,"turns":5.0},{"damage":2.0,"enemies":"Cultist","floor":9.0,"turns":2.0},{"damage":35.0,"enemies":"downfall:Heads","floor":11.0,"turns":6.0},{"damage":23.0,"enemies":"Blue Slaver","floor":15.0,"turns":2.0},{"damage":2.0,"enemies":"downfall:Silent","floor":16.0,"turns":6.0},{"damage":24.0,"enemies":"Chosen","floor":19.0,"turns":8.0},{"damage":76.0,"enemies":"Slavers","floor":21.0,"turns":9.0},{"damage":12.0,"enemies":"Gremlin Leader","floor":23.0,"turns":5.0},{"damage":33.0,"enemies":"Slavers","floor":25.0,"turns":6.0},{"damage":13.0,"enemies":"Slavers","floor":26.0,"turns":7.0},{"damage":2.0,"enemies":"Snecko","floor":29.0,"turns":5.0},{"damage":3.0,"enemies":"downfall:FleeingMerchant","floor":30.0,"turns":4.0},{"damage":14.0,"enemies":"downfall:Augmenter","floor":31.0,"turns":6.0},{"damage":7.0,"enemies":"Centurion and Healer","floor":32.0,"turns":3.0},{"damage":16.0,"enemies":"downfall:Defect","floor":33.0,"turns":8.0},{"damage":30.0,"enemies":"3 Darklings","floor":36.0,"turns":7.0},{"damage":33.0,"enemies":"Nemesis","floor":38.0,"turns":7.0},{"damage":83.0,"enemies":"Giant Head","floor":43.0,"turns":9.0},{"damage":15,"enemies":"Orb Walker","floor":47,"turns":2},{"damage":7,"enemies":"Sphere and 2 Shapes","floor":48,"turns":8},{"damage":32,"enemies":"Writhing Mass","floor":49,"turns":3},{"damage":12,"enemies":"downfall:Ironclad","floor":50,"turns":4}],"seed_played":"47233291652382266","potions_obtained":[{"floor":6.0,"key":"SteroidPotion"},{"floor":8.0,"key":"SmokeBomb"},{"floor":16.0,"key":"Dexterity Potion"},{"floor":29.0,"key":"AttackPotion"},{"floor":32.0,"key":"Block Potion"},{"floor":33.0,"key":"Block Potion"},{"floor":48,"key":"BlessingOfTheForge"}],"is_trial":false,"path_per_floor":["R","M","E","M","?","E","T","E","M","R","?","?","?","?","M","B",null,"R","M","R","E","R","E","T","E","?","R","T","M","$","?","M","B",null,"R","M","R","E","?","R","T","R","E","R","?","?","M","M","M","B",null],"character_chosen":"THE_SNECKO","items_purchased":["Lee\u0027s Waffle","sneckomod:ConfusingCodex","Eternal Feather","sneckomod:UnknownClassROBOT_ORANGE_COLOR+1"],"campfire_rested":8,"item_purchase_floors":[30,30,30,30],"current_hp_per_floor":[90,90,91,92,92,77,77,61,62,62,43,43,43,38,36,35,97,97,74,97,21,50,46,46,16,20,51,51,60,116,114,116,104,144,144,114,144,121,121,144,144,144,125,158,178,178,163,156,128,116],"gold":88,"neow_bonus":"THREE_ENEMY_KILL","is_daily":false,"chose_seed":false,"campfire_upgraded":2,"win_rate":0.0,"timestamp":1608442314,"path_taken":["R","M","E","M","?","E","T","E","M","R","?","?","?","?","M","BOSS","R","M","R","E","R","E","T","E","?","R","?","?","$","?","M","BOSS","R","M","R","E","?","R","T","R","E","R","?","?","M","M","M","BOSS"],"items_purchased_type":["Relic","Relic","Relic","Card"],"build_version":"2020-12-13","purchased_purges":0,"victory":true,"max_hp_per_floor":[90,90,91,92,92,92,92,93,94,94,95,95,95,95,96,97,97,97,97,97,97,97,105,105,106,106,106,106,107,116,116,116,116,144,144,144,144,144,144,144,144,144,158,158,178,178,178,178,178,178],"card_choices":[{"not_picked":["sneckomod:UnknownStrike","sneckomod:UnknownCommonAttack"],"picked":"sneckomod:Nope","floor":2.0},{"not_picked":["sneckomod:SoulDraw","sneckomod:UnknownCommonAttack"],"picked":"sneckomod:UnknownClassPURPLE","floor":3.0},{"not_picked":["sneckomod:UnknownBlock","sneckomod:UnknownWeak"],"picked":"sneckomod:UnknownClassTHE_CHAMP_GRAY","floor":4.0},{"not_picked":["sneckomod:UnknownClassRED","sneckomod:SerpentMind"],"picked":"sneckomod:Mudshield","floor":6.0},{"not_picked":["sneckomod:UnknownStrike","sneckomod:UnknownUncommonAttack"],"picked":"sneckomod:UnknownClassLight","floor":8.0},{"not_picked":["sneckomod:Unknown1Cost","sneckomod:UnknownWeak"],"picked":"sneckomod:UnknownClassBLUE","floor":9.0},{"not_picked":["sneckomod:DangerNoodle","sneckomod:DiceBlock"],"picked":"sneckomod:UnknownClassDEFAULT_GRAY_COLOR","floor":11.0},{"not_picked":["sneckomod:Nope","sneckomod:ImprovisedAttack"],"picked":"sneckomod:UnknownEthereal","floor":15.0},{"not_picked":["sneckomod:SoulExchange","sneckomod:Unknown3Cost"],"picked":"sneckomod:UnknownRareSkill","floor":16.0},{"not_picked":["sneckomod:MasterEye","sneckomod:WideSting"],"picked":"sneckomod:ImprovisedGuard","floor":19.0},{"not_picked":["sneckomod:UnknownClassGUARDIAN","sneckomod:UnknownWeak"],"picked":"sneckomod:DiceBoulder+1","floor":21.0},{"not_picked":["sneckomod:UnknownUncommonAttack","sneckomod:WideSting"],"picked":"sneckomod:UnknownClassSLIMEBOUND+1","floor":23.0},{"not_picked":["sneckomod:RainOfDice","sneckomod:UnknownVulnerable"],"picked":"sneckomod:UnknownRarePower","floor":25.0},{"not_picked":["sneckomod:UnknownCommonAttack","sneckomod:UnknownCommonSkill+1"],"picked":"sneckomod:UnknownBlock+1","floor":29.0},{"not_picked":["sneckomod:RainOfDice","sneckomod:SoulRoll+1"],"picked":"sneckomod:Unknown0Cost+1","floor":30.0},{"not_picked":[],"picked":"J.A.X.+1","floor":31.0},{"not_picked":["sneckomod:WideSting+1","sneckomod:DiceCrush"],"picked":"sneckomod:DiceBlock+1","floor":31.0},{"not_picked":["sneckomod:UnknownStrike+1","sneckomod:Unknown1Cost+1"],"picked":"sneckomod:CheapStock","floor":32.0},{"not_picked":["sneckomod:UnlimitedRolls","sneckomod:UnknownRareSkill+1"],"picked":"sneckomod:MorePower","floor":33.0},{"not_picked":["sneckomod:UnknownCommonAttack+1","sneckomod:UnknownClassDEFAULT_GRAY_COLOR+1"],"picked":"sneckomod:UnknownColorless+1","floor":36.0},{"not_picked":["sneckomod:SoulDraw+1","sneckomod:IronFang+1"],"picked":"sneckomod:SnekBeam","floor":36.0},{"not_picked":["sneckomod:UnknownClassROBOT_ORANGE_COLOR+1","sneckomod:UnknownUncommonPower+1"],"picked":"sneckomod:UnknownRareSkill+1","floor":38.0},{"not_picked":["sneckomod:DiceBoulder","sneckomod:UnknownCommonAttack"],"picked":"sneckomod:TrashToTreasure+1","floor":38.0},{"not_picked":["sneckomod:UnknownCommonAttack+1","sneckomod:QuickBite+1"],"picked":"sneckomod:Unknown1Cost+1","floor":40.0},{"not_picked":["sneckomod:SoulDraw+1","sneckomod:CheapStock+1"],"picked":"sneckomod:Unknown3Cost+1","floor":42.0},{"not_picked":["sneckomod:UnknownClassGUARDIAN+1","sneckomod:UnknownWeak+1"],"picked":"sneckomod:UnknownRareSkill+1","floor":43.0},{"not_picked":["sneckomod:SnekBeam+1","sneckomod:DefensiveFlair+1"],"picked":"sneckomod:SoulRoll+1","floor":43.0},{"not_picked":["sneckomod:UnknownStrike+1","sneckomod:SoulRoll+1"],"picked":"sneckomod:UnknownVulnerable+1","floor":44.0},{"not_picked":["sneckomod:DiceCrush+1","sneckomod:QuickMove+1"],"picked":"sneckomod:SerpentIdol+1","floor":47},{"not_picked":["sneckomod:UnknownCommonAttack+1","sneckomod:UnknownClassHEXA_GHOST_PURPLE+1"],"picked":"sneckomod:UnknownClassROBOT_ORANGE_COLOR+1","floor":48},{"not_picked":["sneckomod:UnknownEthereal+1","sneckomod:ImprovisedGuard+1"],"picked":"sneckomod:CheapStock+1","floor":48},{"not_picked":["sneckomod:SoulDraw+1","sneckomod:DiceCrush"],"picked":"sneckomod:RainOfDice+1","floor":49}],"player_experience":353921,"relics_obtained":[{"floor":3.0,"key":"Nunchaku"},{"floor":6.0,"key":"Art of War"},{"floor":7.0,"key":"Shuriken"},{"floor":8.0,"key":"Turnip"},{"floor":21.0,"key":"Potion Belt"},{"floor":23.0,"key":"Strawberry"},{"floor":24.0,"key":"InkBottle"},{"floor":25.0,"key":"Du-Vu Doll"},{"floor":28.0,"key":"Toxic Egg 2"},{"floor":31.0,"key":"MutagenicStrength"},{"floor":38.0,"key":"Orichalcum"},{"floor":39.0,"key":"Dream Catcher"},{"floor":41.0,"key":"Frozen Egg 2"},{"floor":43.0,"key":"Mango"},{"floor":43.0,"key":"Pen Nib"}],"event_choices":[{"cards_removed":["Regret"],"damage_healed":0.0,"max_hp_gain":0.0,"max_hp_loss":0.0,"gold_gain":0.0,"event_name":"The Cleric","player_choice":"Card Removal","floor":13.0,"gold_loss":0.0,"damage_taken":0.0},{"damage_healed":0.0,"max_hp_gain":0.0,"max_hp_loss":0.0,"gold_gain":0.0,"event_name":"Accursed Blacksmith","player_choice":"Forge","floor":46.0,"gold_loss":0.0,"damage_taken":0.0,"cards_upgraded":["sneckomod:UnknownRarePower"]}],"is_beta":false,"boss_relics":[{"not_picked":["Runic Pyramid","Calling Bell"],"picked":"Fusion Hammer"},{"not_picked":["Black Star","Sozu"],"picked":"sneckomod:SuperSneckoSoul"}],"items_purged_floors":[],"is_endless":false,"potions_floor_spawned":[6,8,16,19,26,29,32,33,48],"ascension_level":0}}