{"host":"tpad8qsc9e0g0pa5","time":1608451361,"event":{"mods":["BaseMod","Minty Spire (QoL Compilation)","Quick Restart","StSLib","The Bug Knight","The Servant 0.9.4"],"gold_per_floor":[110,110,110,120,120,148,223,234,234,234,249,249,267,284,284,383,383,383],"floor_reached":17,"playtime":601,"items_purged":[],"score":244,"play_id":"5794546c-9955-419a-9943-14bae77aa1a5","local_time":"20201220160241","is_ascension_mode":true,"campfire_choices":[{"data":"Foresight","floor":10.0,"key":"SMITH"},{"floor":15.0,"key":"REST"}],"circlet_count":0,"master_deck":["Strike_S","Strike_S","Strike_S","Defend_S","Defend_S","Defend_S","KidneyShot","Exchange","Spin","Foresight+1","ShiftingGears","DualDimension","DualDimension","Dilation"],"relics":["Uniform","NeowsBlessing","KneeBrace","Meat on the Bone","Juzu Bracelet","Black Star"],"acts_visited":["Exordium","TheCity"],"potions_floor_usage":[16,16,16],"damage_taken":[{"damage":0.0,"enemies":"2 Louse","floor":1.0,"turns":2.0},{"damage":0.0,"enemies":"Small Slimes","floor":4.0,"turns":1.0},{"damage":0.0,"enemies":"Gremlin Nob","floor":6.0,"turns":1.0},{"damage":0.0,"enemies":"Cultist","floor":8.0,"turns":3.0},{"damage":13.0,"enemies":"3 Louse","floor":11.0,"turns":3.0},{"damage":1.0,"enemies":"Looter","floor":13.0,"turns":4.0},{"damage":11.0,"enemies":"Exordium Wildlife","floor":14.0,"turns":5.0},{"damage":0,"enemies":"The Guardian","floor":16,"turns":11}],"seed_played":"7991012005555609902","potions_obtained":[{"floor":6.0,"key":"Strength Potion"},{"floor":11.0,"key":"Energy Potion"},{"floor":14.0,"key":"EssenceOfSteel"},{"floor":16,"key":"Regen Potion"}],"is_trial":false,"path_per_floor":["M","?","?","M","?","E","?","M","T","R","M","?","M","M","R","B",null],"character_chosen":"THE_SERVANT","items_purchased":[],"campfire_rested":1,"item_purchase_floors":[],"current_hp_per_floor":[65,65,70,70,63,63,56,56,56,56,43,36,47,36,57,57,70,70],"gold":383,"neow_bonus":"THREE_ENEMY_KILL","is_daily":false,"chose_seed":false,"campfire_upgraded":1,"win_rate":0.0,"timestamp":1608451361,"path_taken":["M","?","?","M","?","E","?","?","T","R","M","?","M","M","R","BOSS"],"items_purchased_type":[],"build_version":"2020-12-13","purchased_purges":0,"victory":false,"max_hp_per_floor":[65,65,70,70,70,70,70,70,70,70,70,70,70,70,70,70,70,70],"card_choices":[{"not_picked":["TimeTheft","Misdirection"],"picked":"Spin","floor":1.0},{"not_picked":["Revamp","TimeWarp","Replace"],"picked":"SKIP","floor":4.0},{"not_picked":["Moondial","Comet"],"picked":"Foresight","floor":6.0},{"not_picked":["TimeTheft","Revamp","SilverBlades"],"picked":"SKIP","floor":8.0},{"not_picked":["Desolation","InstantArmor"],"picked":"ShiftingGears","floor":11.0},{"not_picked":["FastForward","Desolation"],"picked":"DualDimension","floor":13.0},{"not_picked":["Ricochet","Unruled"],"picked":"DualDimension","floor":14.0},{"not_picked":["Embodiment","LightFlow"],"picked":"Dilation","floor":16}],"player_experience":254491,"relics_obtained":[{"floor":6.0,"key":"KneeBrace"},{"floor":9.0,"key":"Meat on the Bone"}],"event_choices":[{"cards_removed":["Defend_S"],"damage_healed":0.0,"max_hp_gain":0.0,"max_hp_loss":0.0,"gold_gain":0.0,"event_name":"Living Wall","player_choice":"Forget","floor":2.0,"gold_loss":0.0,"damage_taken":0.0},{"damage_healed":0.0,"max_hp_gain":5.0,"max_hp_loss":0.0,"gold_gain":0.0,"event_name":"Big Fish","player_choice":"Donut","floor":3.0,"gold_loss":0.0,"damage_taken":0.0},{"cards_removed":["Strike_S"],"damage_healed":0.0,"max_hp_gain":0.0,"max_hp_loss":0.0,"gold_gain":0.0,"event_name":"Golden Wing","player_choice":"Card Removal","floor":5.0,"gold_loss":0.0,"damage_taken":7.0},{"damage_healed":0.0,"max_hp_gain":0.0,"max_hp_loss":0.0,"gold_gain":75.0,"event_name":"FaceTrader","player_choice":"Touch","floor":7.0,"gold_loss":0.0,"damage_taken":7.0},{"damage_healed":0.0,"max_hp_gain":0.0,"max_hp_loss":0.0,"gold_gain":0.0,"event_name":"Scrap Ooze","player_choice":"Success","floor":12.0,"gold_loss":0.0,"damage_taken":7.0,"relics_obtained":["Juzu Bracelet"]}],"is_beta":false,"boss_relics":[{"not_picked":["Busted Crown","Cursed Key"],"picked":"Black Star"}],"items_purged_floors":[],"is_endless":false,"potions_floor_spawned":[6,11,14,16],"ascension_level":1}}