{"host":"344lv32hnei0mdhu","time":1608455291,"event":{"mods":["Act Like it!","BaseMod","Better Match","Better Sensory Stone","Better Skull","Better Third Choice","Better Vampires","Colored Powertips","Highlight Path","Minty Spire (QoL Compilation)","Quick Restart","Random Character Button","Rare Cards Sparkle","StSLib"],"gold_per_floor":[113,113,113,11,25,25,51,51,51,82,98,98,110,125,125,230,230,243,263,263,282,30,30,47,63,63,63,91,91,104,124,124,124,124],"floor_reached":33,"playtime":2264,"items_purged":[],"score":441,"play_id":"64f83140-966c-4dd1-a832-91dc809ae00b","local_time":"20201220030811","is_ascension_mode":true,"campfire_choices":[{"data":"Metallicize","floor":6.0,"key":"SMITH"},{"data":"Metallicize","floor":8.0,"key":"SMITH"},{"data":"Twin Strike","floor":15.0,"key":"SMITH"},{"data":"Demon Form","floor":23.0,"key":"SMITH"},{"floor":27.0,"key":"RECALL"},{"data":"Ghostly Armor","floor":29.0,"key":"SMITH"},{"data":"Pommel Strike","floor":32.0,"key":"SMITH"}],"circlet_count":0,"master_deck":["Strike_R","Strike_R","Strike_R","Strike_R","Strike_R","Defend_R","Defend_R","Defend_R","Defend_R","Bash+1","Ghostly Armor+1","Metallicize+1","Anger","Metallicize+1","Intimidate","Pommel Strike+1","Twin Strike+1","Blood for Blood","Battle Trance+1","Demon Form+1","Brutality","Shrug It Off+1","Spot Weakness+1","Anger+1","Barricade+1","Body Slam+1"],"relics":["Burning Blood","NeowsBlessing","Eternal Feather","Toxic Egg 2","Torii","Mark of Pain","Nilry\u0027s Codex","Frozen Egg 2","Charon\u0027s Ashes","HornCleat"],"acts_visited":["Exordium","TheCity"],"potions_floor_usage":[],"damage_taken":[{"damage":0.0,"enemies":"Cultist","floor":1.0,"turns":1.0},{"damage":0.0,"enemies":"Jaw Worm","floor":5.0,"turns":1.0},{"damage":0.0,"enemies":"Gremlin Nob","floor":7.0,"turns":1.0},{"damage":26.0,"enemies":"3 Sentries","floor":10.0,"turns":12.0},{"damage":0.0,"enemies":"Small Slimes","floor":11.0,"turns":4.0},{"damage":7.0,"enemies":"Gremlin Gang","floor":13.0,"turns":6.0},{"damage":7.0,"enemies":"3 Louse","floor":14.0,"turns":5.0},{"damage":41.0,"enemies":"Slime Boss","floor":16.0,"turns":13.0},{"damage":8.0,"enemies":"3 Byrds","floor":18.0,"turns":7.0},{"damage":8.0,"enemies":"Shell Parasite","floor":19.0,"turns":6.0},{"damage":1.0,"enemies":"Shelled Parasite and Fungi","floor":21.0,"turns":6.0},{"damage":8.0,"enemies":"Snake Plant","floor":24.0,"turns":5.0},{"damage":7.0,"enemies":"3 Cultists","floor":25.0,"turns":6.0},{"damage":30.0,"enemies":"Gremlin Leader","floor":28.0,"turns":8.0},{"damage":0.0,"enemies":"Snecko","floor":30.0,"turns":4.0},{"damage":0.0,"enemies":"Centurion and Healer","floor":31.0,"turns":5.0},{"damage":86,"enemies":"Automaton","floor":33,"turns":12}],"seed_played":"4730544559494122100","potions_obtained":[{"floor":1.0,"key":"Dexterity Potion"},{"floor":5.0,"key":"EssenceOfSteel"},{"floor":14.0,"key":"Dexterity Potion"},{"floor":16.0,"key":"LiquidMemories"},{"floor":24.0,"key":"EssenceOfSteel"},{"floor":25.0,"key":"Energy Potion"},{"floor":30.0,"key":"Fire Potion"}],"is_trial":false,"path_per_floor":["M","?","?","$","M","R","E","R","T","E","M","$","M","M","R","B",null,"M","M","?","M","$","R","M","M","T","R","E","R","M","M","R","B"],"character_chosen":"IRONCLAD","items_purchased":["Metallicize","Anger","Frozen Egg 2"],"campfire_rested":0,"item_purchase_floors":[4,4,22],"current_hp_per_floor":[78,78,78,78,80,80,80,80,80,60,66,66,65,64,73,38,70,68,66,50,55,55,67,65,64,64,76,52,67,73,79,80,0,0],"gold":124,"neow_bonus":"THREE_ENEMY_KILL","is_daily":false,"chose_seed":false,"campfire_upgraded":6,"win_rate":0.0,"timestamp":1608455291,"path_taken":["M","?","?","$","M","R","E","R","T","E","M","?","M","M","R","BOSS","M","M","?","M","$","R","M","M","T","R","E","R","M","M","R","BOSS"],"items_purchased_type":["Card","Card","Relic"],"build_version":"2020-12-13","purchased_purges":0,"victory":false,"max_hp_per_floor":[80,80,80,80,80,80,80,80,80,80,80,80,80,80,80,80,80,80,80,80,80,80,80,80,80,80,80,80,80,80,80,80,80,80],"card_choices":[{"not_picked":["Dropkick","Perfected Strike"],"picked":"Ghostly Armor","floor":1.0},{"not_picked":["Intimidate","Perfected Strike"],"picked":"Metallicize","floor":5.0},{"not_picked":["Feel No Pain","Havoc"],"picked":"Intimidate","floor":7.0},{"not_picked":["Corruption","Cleave"],"picked":"Pommel Strike","floor":10.0},{"not_picked":["Clothesline","Sentinel+1"],"picked":"Twin Strike","floor":11.0},{"not_picked":["Sever Soul","Searing Blow"],"picked":"Blood for Blood","floor":13.0},{"not_picked":["Clothesline","Clash"],"picked":"Battle Trance+1","floor":14.0},{"not_picked":["Bludgeon","Limit Break+1"],"picked":"Demon Form","floor":16.0},{"not_picked":["Twin Strike","Iron Wave","Warcry+1"],"picked":"SKIP","floor":18.0},{"not_picked":["Clothesline","Anger+1"],"picked":"Brutality","floor":19.0},{"not_picked":["Sword Boomerang","Rampage"],"picked":"Shrug It Off+1","floor":21.0},{"not_picked":["Twin Strike","Rage+1"],"picked":"Spot Weakness+1","floor":24.0},{"not_picked":["Armaments+1","Burning Pact+1"],"picked":"Anger+1","floor":25.0},{"not_picked":["Searing Blow","Warcry+1"],"picked":"Barricade+1","floor":28.0},{"not_picked":["Warcry+1","Clothesline+1"],"picked":"Body Slam+1","floor":30.0},{"not_picked":["Second Wind+1","Cleave+1","Anger"],"picked":"SKIP","floor":31.0}],"player_experience":353415,"relics_obtained":[{"floor":7.0,"key":"Eternal Feather"},{"floor":9.0,"key":"Toxic Egg 2"},{"floor":10.0,"key":"Torii"},{"floor":20.0,"key":"Nilry\u0027s Codex"},{"floor":26.0,"key":"Charon\u0027s Ashes"},{"floor":28.0,"key":"HornCleat"}],"event_choices":[{"damage_healed":78.0,"max_hp_gain":0.0,"max_hp_loss":80.0,"gold_gain":0.0,"event_name":"betterThird:BetterShining","player_choice":"Leave","floor":2.0,"gold_loss":0.0,"damage_taken":0.0},{"damage_healed":0.0,"max_hp_gain":0.0,"max_hp_loss":0.0,"gold_gain":0.0,"event_name":"Living Wall","player_choice":"Grow","floor":3.0,"gold_loss":0.0,"damage_taken":0.0,"cards_upgraded":["Bash"]},{"damage_healed":0.0,"max_hp_gain":0.0,"max_hp_loss":0.0,"gold_gain":0.0,"event_name":"Cursed Tome","player_choice":"Obtained Book","floor":20.0,"gold_loss":0.0,"damage_taken":16.0}],"is_beta":false,"boss_relics":[{"not_picked":["Runic Dome","Philosopher\u0027s Stone"],"picked":"Mark of Pain"}],"items_purged_floors":[],"is_endless":false,"potions_floor_spawned":[1,5,14,16,24,25,30],"killed_by":"Automaton","ascension_level":9}}