{"host":"fne7yx97fnz7kq05","time":1608490572,"event":{"mods":["BaseMod","Colored Map","Colored Powertips","Highlight Path","Minty Spire (QoL Compilation)","Relic Stats"],"gold_per_floor":[115,132,149,210,210,210,236,236,263,293,293,308,26,26,26,100,100,111,122,140,46,61,61,61,61,85,85,97,97,130,147,147,220,220,236,250,269,269,287,287,319,319,396,412,443,443,453,136,136,136,136,136,35,67,67,67],"floor_reached":55,"playtime":2473,"items_purged":["Strike_R","Strike_R"],"score":1285,"play_id":"1341195d-a10f-4466-8898-d23a8c9e0155","local_time":"20201220125612","is_ascension_mode":true,"campfire_choices":[{"data":"Clothesline","floor":6.0,"key":"SMITH"},{"data":"Bash","floor":8.0,"key":"SMITH"},{"data":"Twin Strike","floor":11.0,"key":"SMITH"},{"floor":15.0,"key":"REST"},{"data":"Demon Form","floor":23.0,"key":"SMITH"},{"data":"Ghostly","floor":27.0,"key":"SMITH"},{"data":"Ghostly","floor":29.0,"key":"SMITH"},{"data":"Ghostly","floor":32.0,"key":"SMITH"},{"data":"Heavy Blade","floor":40,"key":"SMITH"},{"floor":42,"key":"RECALL"},{"data":"Limit Break","floor":49,"key":"SMITH"},{"data":"Heavy Blade","floor":52,"key":"SMITH"}],"circlet_count":0,"master_deck":["AscendersBane","Strike_R","Defend_R","Defend_R","Defend_R","Defend_R","Bash+1","Clothesline+1","Shockwave","Perfected Strike+1","Twin Strike+1","Shrug It Off","Shrug It Off","Demon Form+1","Pommel Strike+1","Disarm+1","Sword Boomerang","Havoc+1","Ghostly+1","Ghostly+1","Ghostly+1","Twin Strike+1","Limit Break+1","Flame Barrier+1","Heavy Blade+1","Heavy Blade+1","Pommel Strike","Swivel"],"relics":["Burning Blood","NeowsBlessing","Omamori","Nunchaku","White Beast Statue","HornCleat","Philosopher\u0027s Stone","Boot","Snecko Eye","Smiling Mask","Mummified Hand","Juzu Bracelet","PrismaticShard","Eternal Feather"],"acts_visited":["Exordium","TheCity","TheBeyond","TheEnding"],"potions_floor_usage":[33,37,38,44,50,55],"damage_taken":[{"damage":0.0,"enemies":"Cultist","floor":1.0,"turns":1.0},{"damage":0.0,"enemies":"2 Louse","floor":2.0,"turns":1.0},{"damage":0.0,"enemies":"Small Slimes","floor":3.0,"turns":2.0},{"damage":30.0,"enemies":"Gremlin Nob","floor":7.0,"turns":5.0},{"damage":42.0,"enemies":"3 Sentries","floor":10.0,"turns":9.0},{"damage":3.0,"enemies":"3 Louse","floor":12.0,"turns":3.0},{"damage":27.0,"enemies":"The Guardian","floor":16.0,"turns":10.0},{"damage":9.0,"enemies":"Chosen","floor":18.0,"turns":5.0},{"damage":34.0,"enemies":"3 Byrds","floor":19.0,"turns":6.0},{"damage":2.0,"enemies":"Snecko","floor":20.0,"turns":4.0},{"damage":3.0,"enemies":"Centurion and Healer","floor":22.0,"turns":10.0},{"damage":12.0,"enemies":"Snake Plant","floor":28.0,"turns":5.0},{"damage":3.0,"enemies":"Slavers","floor":30.0,"turns":6.0},{"damage":16.0,"enemies":"Shelled Parasite and Fungi","floor":31.0,"turns":5.0},{"damage":19,"enemies":"Collector","floor":33,"turns":10},{"damage":10,"enemies":"3 Darklings","floor":35,"turns":4},{"damage":1,"enemies":"Orb Walker","floor":36,"turns":4},{"damage":5,"enemies":"Writhing Mass","floor":37,"turns":5},{"damage":0,"enemies":"4 Shapes","floor":38,"turns":1},{"damage":1,"enemies":"Maw","floor":39,"turns":5},{"damage":2,"enemies":"Nemesis","floor":41,"turns":7},{"damage":0,"enemies":"Spire Growth","floor":44,"turns":4},{"damage":10,"enemies":"Giant Head","floor":45,"turns":6},{"damage":1,"enemies":"Sphere and 2 Shapes","floor":47,"turns":3},{"damage":7,"enemies":"Time Eater","floor":50,"turns":6},{"damage":25,"enemies":"Shield and Spear","floor":54,"turns":6},{"damage":50,"enemies":"The Heart","floor":55,"turns":3}],"seed_played":"-6026508114275861754","potions_obtained":[{"floor":10.0,"key":"Block Potion"},{"floor":12.0,"key":"Strength Potion"},{"floor":16.0,"key":"Strength Potion"},{"floor":33,"key":"SkillPotion"},{"floor":35,"key":"DuplicationPotion"},{"floor":37,"key":"SmokeBomb"},{"floor":39,"key":"LiquidMemories"},{"floor":41,"key":"LiquidMemories"},{"floor":44,"key":"ColorlessPotion"}],"is_trial":false,"path_per_floor":["M","M","M","?","?","R","E","R","T","E","R","M","$","?","R","B",null,"M","M","M","$","M","R","?","?","T","R","M","R","E","M","R","B",null,"M","M","M","M","M","R","E","R","T","M","E","?","M","$","R","B",null,"R","$","E","B"],"character_chosen":"IRONCLAD","items_purchased":["HornCleat","Shrug It Off","Sword Boomerang","SteroidPotion","FairyPotion","Pommel Strike","PrismaticShard","Swift Potion"],"campfire_rested":1,"item_purchase_floors":[13,13,21,21,48,48,48,53],"current_hp_per_floor":[74,75,75,75,75,75,51,51,51,15,15,18,18,18,40,19,61,58,30,34,34,37,37,37,37,37,37,31,31,34,24,24,11,31,27,32,33,37,37,37,37,37,37,37,33,33,35,35,35,34,35,35,35,16,0,0],"gold":67,"neow_bonus":"THREE_ENEMY_KILL","is_daily":false,"chose_seed":false,"campfire_upgraded":10,"win_rate":0.0,"timestamp":1608490572,"path_taken":["M","M","?","?","?","R","E","R","T","E","R","M","$","?","R","BOSS","M","?","M","$","M","R","?","?","T","R","?","R","E","M","R","BOSS","M","M","?","M","M","R","E","R","T","M","E","?","M","$","R","BOSS","R","$","E","BOSS"],"items_purchased_type":["Relic","Card","Card","Potion","Potion","Card","Relic","Potion"],"build_version":"2020-12-13","purchased_purges":2,"victory":false,"max_hp_per_floor":[75,75,75,75,75,75,75,75,75,75,75,75,75,75,75,75,75,75,75,75,75,75,75,37,37,37,37,37,37,37,37,37,37,37,37,37,37,37,37,37,37,37,37,37,37,35,35,35,35,35,35,35,35,35,35,35],"relic_stats":{"Nunchaku":[21],"counters":[27,136],"Mummified Hand":[11],"Snecko Eye":[89,113,100,80],"Eternal Feather":0,"Juzu Bracelet":0,"Boot":[41],"Smiling Mask":75,"obtain_stats":[{"NeowsBlessing":0,"Eternal Feather":54,"Omamori":7,"Juzu Bracelet":45,"Boot":30,"Smiling Mask":41,"PrismaticShard":48,"Burning Blood":0,"White Beast Statue":10,"Nunchaku":9,"HornCleat":13,"Mummified Hand":43,"Snecko Eye":34,"Philosopher\u0027s Stone":17},{"NeowsBlessing":0,"Eternal Feather":26,"Omamori":4,"Juzu Bracelet":23,"Boot":13,"Smiling Mask":21,"PrismaticShard":24,"Burning Blood":0,"White Beast Statue":5,"Nunchaku":4,"HornCleat":6,"Mummified Hand":21,"Snecko Eye":15,"Philosopher\u0027s Stone":7},{"NeowsBlessing":0,"Eternal Feather":133,"Omamori":9,"Juzu Bracelet":118,"Boot":67,"Smiling Mask":108,"PrismaticShard":121,"Burning Blood":0,"White Beast Statue":18,"Nunchaku":9,"HornCleat":21,"Mummified Hand":108,"Snecko Eye":82,"Philosopher\u0027s Stone":31}],"Burning Blood":125},"card_choices":[{"not_picked":["Perfected Strike","Ghostly Armor"],"picked":"Clothesline","floor":1.0},{"not_picked":["Burning Pact","Inflame"],"picked":"Shockwave","floor":2.0},{"not_picked":["Havoc","Entrench"],"picked":"Perfected Strike","floor":3.0},{"not_picked":["Reckless Charge","Warcry","Exhume"],"picked":"SKIP","floor":7.0},{"not_picked":["Seeing Red","Sword Boomerang"],"picked":"Twin Strike","floor":10.0},{"not_picked":["Iron Wave","Clothesline"],"picked":"Shrug It Off","floor":12.0},{"not_picked":["Feel No Pain","Warcry"],"picked":"Pommel Strike+1","floor":18.0},{"not_picked":["Clothesline","Armaments"],"picked":"Disarm+1","floor":19.0},{"not_picked":["Clash","Pommel Strike","Rupture"],"picked":"SKIP","floor":20.0},{"not_picked":["Dual Wield","Metallicize"],"picked":"Havoc+1","floor":22.0},{"not_picked":["Hemokinesis","Iron Wave","Flame Barrier"],"picked":"SKIP","floor":28.0},{"not_picked":["Fire Breathing","Wild Strike","Sentinel"],"picked":"SKIP","floor":30.0},{"not_picked":["Thunderclap","Clash"],"picked":"Twin Strike+1","floor":31.0},{"not_picked":["Double Tap","Demon Form"],"picked":"Limit Break","floor":33},{"not_picked":["Anger","Clothesline"],"picked":"Flame Barrier+1","floor":35},{"not_picked":["Rupture","Havoc"],"picked":"Heavy Blade","floor":36},{"not_picked":["Twin Strike","Dropkick+1"],"picked":"Heavy Blade","floor":37},{"not_picked":["Heavy Blade","Body Slam+1","Twin Strike"],"picked":"SKIP","floor":39},{"not_picked":["Offering","Clash","Armaments"],"picked":"SKIP","floor":41},{"not_picked":["Armaments+1","True Grit","Cleave"],"picked":"SKIP","floor":44},{"not_picked":["Sword Boomerang","Cleave","Thunderclap"],"picked":"SKIP","floor":45},{"not_picked":["Intimidate","Anger+1","Inflame"],"picked":"SKIP","floor":47},{"not_picked":["Outmaneuver","BattleHymn"],"picked":"Swivel","floor":54}],"player_experience":89818,"relics_obtained":[{"floor":7.0,"key":"Omamori"},{"floor":9.0,"key":"Nunchaku"},{"floor":10.0,"key":"White Beast Statue"},{"floor":30.0,"key":"Boot"},{"floor":41,"key":"Smiling Mask"},{"floor":43,"key":"Mummified Hand"},{"floor":45,"key":"Juzu Bracelet"},{"floor":54,"key":"Eternal Feather"}],"event_choices":[{"damage_healed":0.0,"max_hp_gain":0.0,"max_hp_loss":0.0,"gold_gain":61.0,"event_name":"Golden Wing","player_choice":"Gained Gold","floor":4.0,"gold_loss":0.0,"damage_taken":0.0},{"damage_healed":0.0,"max_hp_gain":0.0,"max_hp_loss":0.0,"gold_gain":0.0,"event_name":"Living Wall","player_choice":"Grow","floor":5.0,"gold_loss":0.0,"damage_taken":0.0,"cards_upgraded":["Perfected Strike"]},{"damage_healed":0.0,"max_hp_gain":0.0,"max_hp_loss":0.0,"gold_gain":0.0,"cards_transformed":["Strike_R"],"event_name":"Transmorgrifier","player_choice":"Transformed","floor":14.0,"gold_loss":0.0,"damage_taken":0.0,"cards_obtained":["Demon Form"]},{"damage_healed":0.0,"max_hp_gain":0.0,"max_hp_loss":38.0,"gold_gain":0.0,"event_name":"Ghosts","player_choice":"Became a Ghost","floor":24.0,"gold_loss":0.0,"damage_taken":0.0,"cards_obtained":["Ghostly","Ghostly","Ghostly"]},{"cards_removed":["Strike_R"],"damage_healed":0.0,"max_hp_gain":0.0,"max_hp_loss":0.0,"gold_gain":0.0,"event_name":"Bonfire Elementals","player_choice":"Offered Basic","floor":25.0,"gold_loss":0.0,"damage_taken":0.0},{"damage_healed":0,"gold_gain":0,"player_choice":"Max HP","damage_taken":0,"max_hp_gain":0,"max_hp_loss":2,"event_name":"Winding Halls","floor":46,"gold_loss":0}],"is_beta":false,"boss_relics":[{"not_picked":["Runic Cube","Coffee Dripper"],"picked":"Philosopher\u0027s Stone"},{"not_picked":["Sozu","Runic Dome"],"picked":"Snecko Eye"}],"items_purged_floors":[48,53],"is_endless":false,"potions_floor_spawned":[10,12,16,18,19,20,22,28,30,31,33,35,36,37,38,39,41,44,45,47,54],"killed_by":"The Heart","ascension_level":15}}