{"host":"08sn1703g14rasc1","time":1608455517,"event":{"mods":["AchievementEnabler","BaseMod","Colored Map","Colored Powertips","Hermit","Minty Spire (QoL Compilation)","StSLib"],"gold_per_floor":[110,110,35,56,71,71,91,91,143,218,218,11,11,26,26,149,149,165,165,365,353,353,353,366,366,414,414,414,414,442,442,442,545,545,559,574,26,26,26,26,26,26],"floor_reached":41,"playtime":1405,"items_purged":["Injury","Defend_B"],"score":533,"play_id":"83d6db42-2d1d-48b4-bcd1-6455de65b1f1","local_time":"20201220011157","is_ascension_mode":true,"campfire_choices":[{"floor":6.0,"key":"REST"},{"floor":8.0,"key":"RECALL"},{"floor":13.0,"key":"REST"},{"floor":15.0,"key":"REST"},{"floor":23.0,"key":"REST"},{"floor":25.0,"key":"REST"},{"floor":27.0,"key":"REST"},{"floor":32.0,"key":"REST"},{"floor":40.0,"key":"REST"}],"circlet_count":0,"master_deck":["Strike_B","Strike_B","Strike_B+1","Defend_B","Defend_B+1","Zap","Dualcast","Conserve Battery","Sunder","Auto Shields+1","Chill","Echo Form","Chaos+1","Ball Lightning","Gash","Capacitor","Gash","Hologram+1","Amplify","FTL+1","Defragment","Madness","Madness"],"relics":["Fusion Hammer","Bloody Idol","Omamori","Blood Vial","Nuclear Battery","Nilry\u0027s Codex","MealTicket","War Paint","FaceOfCleric","Black Star","Regal Pillow","Oddly Smooth Stone","PrismaticShard"],"acts_visited":["Exordium","TheCity","TheBeyond"],"potions_floor_usage":[41],"damage_taken":[{"damage":5.0,"enemies":"2 Louse","floor":1.0,"turns":3.0},{"damage":4.0,"enemies":"Small Slimes","floor":4.0,"turns":3.0},{"damage":1.0,"enemies":"Cultist","floor":5.0,"turns":3.0},{"damage":15.0,"enemies":"Large Slime","floor":7.0,"turns":4.0},{"damage":6.0,"enemies":"3 Louse","floor":14.0,"turns":3.0},{"damage":33.0,"enemies":"Slime Boss","floor":16.0,"turns":8.0},{"damage":46.0,"enemies":"3 Byrds","floor":18.0,"turns":7.0},{"damage":2.0,"enemies":"2 Thieves","floor":21.0,"turns":4.0},{"damage":24.0,"enemies":"Cultist and Chosen","floor":24.0,"turns":6.0},{"damage":3.0,"enemies":"Colosseum Slavers","floor":29.0,"turns":7.0},{"damage":28.0,"enemies":"Book of Stabbing","floor":30.0,"turns":4.0},{"damage":39.0,"enemies":"Champ","floor":33.0,"turns":12.0},{"damage":11.0,"enemies":"Orb Walker","floor":35.0,"turns":3.0},{"damage":22.0,"enemies":"3 Darklings","floor":36.0,"turns":5.0},{"damage":81,"enemies":"Transient","floor":41,"turns":5}],"seed_played":"3144594930555455263","potions_obtained":[{"floor":1.0,"key":"DuplicationPotion"},{"floor":7.0,"key":"DistilledChaos"},{"floor":16.0,"key":"SneckoOil"},{"floor":24.0,"key":"Dexterity Potion"},{"floor":30.0,"key":"Weak Potion"},{"floor":33.0,"key":"Fire Potion"},{"floor":35.0,"key":"Swift Potion"},{"floor":36.0,"key":"Energy Potion"}],"is_trial":false,"path_per_floor":["M","?","$","M","M","R","M","R","T","?","?","$","R","M","R","B",null,"M","?","?","M","?","R","M","R","T","R","?","?","E","?","R","B",null,"M","M","$","?","?","R","M"],"character_chosen":"DEFECT","items_purchased":["Blood Vial","FocusPotion","Regal Pillow","Oddly Smooth Stone","PrismaticShard"],"campfire_rested":8,"item_purchase_floors":[12,12,37,37,37],"current_hp_per_floor":[63,63,63,59,58,75,60,60,60,49,34,34,56,52,74,42,67,23,7,7,7,7,29,7,29,29,51,51,50,29,29,51,20,62,59,45,60,50,50,78,0,0],"gold":26,"neow_bonus":"BOSS_RELIC","is_daily":false,"chose_seed":false,"campfire_upgraded":0,"win_rate":0.0,"timestamp":1608455517,"path_taken":["M","?","$","M","M","R","M","R","T","?","?","$","R","M","R","BOSS","M","?","?","?","?","R","M","R","T","R","?","?","E","?","R","BOSS","M","?","$","?","?","R","?"],"items_purchased_type":["Relic","Potion","Relic","Relic","Relic"],"build_version":"2020-12-13","purchased_purges":2,"victory":false,"max_hp_per_floor":[75,75,75,75,75,75,75,75,75,75,75,75,75,75,75,75,75,75,75,75,75,75,75,75,75,75,75,75,75,75,75,75,76,76,77,78,78,78,78,78,78,78],"card_choices":[{"not_picked":["BootSequence","Hologram"],"picked":"Streamline","floor":1.0},{"not_picked":["Rebound","Redo"],"picked":"Conserve Battery","floor":4.0},{"not_picked":["Beam Cell","White Noise"],"picked":"Sunder","floor":5.0},{"not_picked":["Coolheaded","Skim"],"picked":"Auto Shields","floor":7.0},{"not_picked":["Go for the Eyes","Tempest"],"picked":"Chill","floor":14.0},{"not_picked":["Rainbow","Reboot"],"picked":"Echo Form","floor":16.0},{"not_picked":["Undo","Recycle"],"picked":"Chaos","floor":18.0},{"not_picked":["Blizzard","Static Discharge"],"picked":"Ball Lightning","floor":21.0},{"not_picked":["Coolheaded+1","Scrape+1"],"picked":"Gash","floor":24.0},{"not_picked":["Static Discharge","Rebound+1"],"picked":"Hologram+1","floor":30.0},{"not_picked":["Rainbow","Fission"],"picked":"Amplify","floor":33.0},{"not_picked":["Sweeping Beam+1","Steam"],"picked":"FTL+1","floor":35.0},{"not_picked":["Streamline+1","Storm+1"],"picked":"Defragment","floor":36.0}],"player_experience":410320,"relics_obtained":[{"floor":9.0,"key":"Omamori"},{"floor":19.0,"key":"Nilry\u0027s Codex"},{"floor":26.0,"key":"MealTicket"},{"floor":30.0,"key":"War Paint"}],"event_choices":[{"damage_healed":0.0,"max_hp_gain":0.0,"max_hp_loss":0.0,"gold_gain":0.0,"event_name":"Golden Idol","player_choice":"Take Wound","floor":2.0,"gold_loss":0.0,"damage_taken":0.0,"relics_obtained":["Golden Idol"],"cards_obtained":["Injury"]},{"damage_healed":0.0,"max_hp_gain":0.0,"max_hp_loss":0.0,"gold_gain":75.0,"event_name":"World of Goop","player_choice":"Gather Gold","floor":10.0,"gold_loss":0.0,"damage_taken":11.0},{"damage_healed":0.0,"max_hp_gain":0.0,"max_hp_loss":0.0,"gold_gain":0.0,"event_name":"Shining Light","player_choice":"Entered Light","floor":11.0,"gold_loss":0.0,"damage_taken":15.0,"cards_upgraded":["Auto Shields","Strike_B"]},{"damage_healed":0.0,"max_hp_gain":0.0,"max_hp_loss":0.0,"gold_gain":0.0,"event_name":"Cursed Tome","player_choice":"Obtained Book","floor":19.0,"gold_loss":0.0,"damage_taken":16.0},{"damage_healed":0.0,"max_hp_gain":0.0,"max_hp_loss":0.0,"gold_gain":200.0,"event_name":"Wheel of Change","player_choice":"Gold","floor":20.0,"gold_loss":0.0,"damage_taken":0.0},{"damage_healed":0.0,"max_hp_gain":0.0,"max_hp_loss":0.0,"gold_gain":0.0,"cards_transformed":["Strike_B","Defend_B"],"event_name":"Drug Dealer","player_choice":"Became Test Subject","floor":22.0,"gold_loss":0.0,"damage_taken":0.0,"cards_obtained":["Gash","Capacitor"]},{"damage_healed":0.0,"max_hp_gain":0.0,"max_hp_loss":0.0,"gold_gain":0.0,"event_name":"Forgotten Altar","player_choice":"Gave Idol","floor":28.0,"relics_lost":["Golden Idol"],"gold_loss":0.0,"damage_taken":0.0,"relics_obtained":["Bloody Idol"]},{"damage_healed":0.0,"max_hp_gain":0.0,"max_hp_loss":0.0,"gold_gain":0.0,"event_name":"Colosseum","player_choice":"Fight","floor":29.0,"gold_loss":0.0,"damage_taken":0.0},{"damage_healed":0.0,"max_hp_gain":0.0,"max_hp_loss":0.0,"gold_gain":0.0,"event_name":"Colosseum","player_choice":"Fled From Nobs","floor":29.0,"gold_loss":0.0,"damage_taken":0.0},{"damage_healed":0.0,"max_hp_gain":0.0,"max_hp_loss":0.0,"gold_gain":0.0,"event_name":"FaceTrader","player_choice":"Trade","floor":31.0,"gold_loss":0.0,"damage_taken":0.0,"relics_obtained":["FaceOfCleric"]},{"damage_healed":0.0,"max_hp_gain":0.0,"max_hp_loss":0.0,"gold_gain":0.0,"event_name":"Winding Halls","player_choice":"Embrace Madness","floor":38.0,"gold_loss":0.0,"damage_taken":10.0,"cards_obtained":["Madness","Madness"]},{"cards_removed":["Streamline"],"damage_healed":0.0,"max_hp_gain":0.0,"max_hp_loss":0.0,"gold_gain":0.0,"event_name":"Falling","player_choice":"Removed Attack","floor":39.0,"gold_loss":0.0,"damage_taken":0.0}],"is_beta":false,"boss_relics":[{"not_picked":["Velvet Choker","SacredBark"],"picked":"Nuclear Battery"},{"not_picked":["Runic Dome","Busted Crown"],"picked":"Black Star"}],"items_purged_floors":[3,37],"is_endless":false,"potions_floor_spawned":[1,7,14,16,24,30,33,35,36],"killed_by":"Transient","ascension_level":7}}