{"host":"ydb2tj77qwtn71sy","time":1608475670,"event":{"mods":["2.2 Compatiblity","AchievementEnabler","Aspiration","BaseMod","Bestiary","Better Note","Better Skull","Better Third Choice","BetterRewards","Colored Map","Colored Powertips","Conspire","DeckTracker","Displayed Cursed Tome","Infinite Spire","Lobotomy","Minty Spire (QoL Compilation)","Relic Stats","Replay The Spire","Spicy Shops","StSLib","The Blue Laboratory","Uncapped"],"gold_per_floor":[111,111,127,146,160,160,176,211,211,211,227,245,245,274,274,374,374,385,435,435,453,471,496,496,529,529,541,541,574,673,684,684,785,785,802,819,819,202,202,237,237,237,237,237,262,262,294,313,313,313],"floor_reached":51,"playtime":2373,"items_purged":[],"score":1317,"play_id":"351e7e5f-a902-4a0e-9af8-878f0028fd43","local_time":"20201220234750","is_ascension_mode":true,"campfire_choices":[{"data":"Neutralize","floor":6,"key":"SMITH"},{"floor":10,"key":"REST"},{"floor":15,"key":"REST"},{"floor":24,"key":"REST"},{"floor":28,"key":"REST"},{"floor":32,"key":"REST"},{"floor":41,"key":"REST"},{"floor":49,"key":"REST"}],"circlet_count":0,"master_deck":["Strike_G","Strike_G+1","Strike_G+1","Strike_G","Strike_G","Defend_G+1","Defend_G+1","Defend_G+1","Defend_G+1","Defend_G+1","Survivor","Neutralize+1","Deadly Poison","Bane","Toxin Wave","Outmaneuver","Prepared","Slice","Catalyst","Poisoned Stab","Dagger Spray","Crippling Poison","Replay:Poison Smokescreen","Die Die Die","Terror","infinitespire:Collect","Quick Slash+1","Sucker Punch+1","Deadly Poison","Heel Hook","Deflect+1","Envenom","Predator","Quick Slash+1","Specialist","Well Laid Plans","Well Laid Plans","Blur+1","Writhe","Blade Dance+1","Blade Dance+1","Backflip"],"relics":["Ring of the Snake","Torii","Vajra","Lee\u0027s Waffle","Simple Rune","Basket Of Snakes","Replay:Towering Pillar of Hats","Letter Opener","Ancient Tea Set","SlaversCollar","TheAbacus","conspire:TopHat","Juzu Bracelet","Darkstone Periapt","Replay:WaspNest","SacredBark","HornCleat","Kunai","ClockworkSouvenir","Blue Candle","Replay:Bottled Eggs","Golden Egg","Centennial Puzzle"],"acts_visited":["Exordium","TheCity","TheBeyond"],"potions_floor_usage":[27,33,48],"damage_taken":[{"damage":0,"enemies":"Cultist","floor":1,"turns":2},{"damage":0,"enemies":"Small Slimes","floor":3,"turns":2},{"damage":1,"enemies":"conspire:RoseBush","floor":4,"turns":2},{"damage":10,"enemies":"Red Slaver","floor":5,"turns":4},{"damage":0,"enemies":"3 Louse","floor":7,"turns":3},{"damage":14,"enemies":"Replay:BlueRogue","floor":8,"turns":4},{"damage":6,"enemies":"Looter","floor":11,"turns":2},{"damage":6,"enemies":"conspire:2 RoseBushes","floor":12,"turns":4},{"damage":16,"enemies":"Lagavulin","floor":14,"turns":5},{"damage":32,"enemies":"Slime Boss","floor":16,"turns":9},{"damage":12,"enemies":"Shell Parasite","floor":18,"turns":7},{"damage":7,"enemies":"Chosen","floor":21,"turns":4},{"damage":13,"enemies":"Snake Plant","floor":22,"turns":3},{"damage":12,"enemies":"Book of Stabbing","floor":23,"turns":5},{"damage":2,"enemies":"conspire:Head Lice","floor":25,"turns":2},{"damage":11,"enemies":"Sentry and Sphere","floor":27,"turns":4},{"damage":2,"enemies":"conspire:SneckoGhost","floor":29,"turns":4},{"damage":8,"enemies":"Snecko","floor":31,"turns":4},{"damage":36,"enemies":"Automaton","floor":33,"turns":8},{"damage":5,"enemies":"Orb Walker","floor":35,"turns":4},{"damage":0,"enemies":"3 Shapes","floor":36,"turns":5},{"damage":41,"enemies":"Reptomancer","floor":40,"turns":6},{"damage":1,"enemies":"R_Hoarder","floor":45,"turns":6},{"damage":25,"enemies":"Reptomancer","floor":47,"turns":5},{"damage":10,"enemies":"3 Darklings","floor":48,"turns":4},{"damage":55,"enemies":"Awakened One","floor":50,"turns":12}],"seed_played":"-8255706175971175866","potions_obtained":[{"floor":1,"key":"blueLaboratory:ArtistsPotion"},{"floor":3,"key":"blueLaboratory:BottledHope"},{"floor":8,"key":"Adrenaline Potion"},{"floor":11,"key":"GhostInAJar"},{"floor":16,"key":"blueLaboratory:BottleOfVodka"},{"floor":27,"key":"FairyPotion"},{"floor":33,"key":"Poison Potion"}],"is_trial":false,"path_per_floor":["M","$","M","M","M","R","M","E","T","R","M","M","?","E","R","B",null,"M","?","AVR","M","M","E","R","E","T","M","R","E","?","M","R","B",null,"M","M","?","$","?","E","R","?","T","?","E","?","E","M","R","B",null],"character_chosen":"THE_SILENT","items_purchased":["Torii","Vajra","Lee\u0027s Waffle","Simple Rune","Deadly Poison","Bane","Basket Of Snakes","HornCleat","Kunai","Well Laid Plans","ClockworkSouvenir"],"campfire_rested":7,"item_purchase_floors":[0,0,0,0,0,0,0,38,38,38,38],"current_hp_per_floor":[77,77,77,76,66,66,66,52,52,75,69,63,63,47,70,38,67,55,55,55,48,35,23,46,44,44,33,56,54,54,46,69,33,66,61,61,61,61,61,20,43,68,68,68,67,67,42,32,56,1],"gold":313,"neow_bonus":"","is_daily":false,"chose_seed":false,"campfire_upgraded":1,"win_rate":0.0,"timestamp":1608475670,"path_taken":["M","?","M","M","M","R","M","E","T","R","M","M","?","E","R","BOSS","M","?","AVR","M","?","E","R","E","T","M","R","E","?","M","R","BOSS","M","M","?","$","?","E","R","?","T","?","E","?","E","M","R","BOSS"],"items_purchased_type":["Relic","Relic","Relic","Relic","Card","Card","Relic","Relic","Relic","Card","Relic"],"build_version":"2020-12-13","purchased_purges":0,"victory":true,"max_hp_per_floor":[77,77,77,77,77,77,77,77,77,77,77,77,77,77,77,77,77,77,77,77,77,77,77,77,77,77,77,77,77,77,77,77,77,77,77,77,77,77,77,77,77,83,83,83,83,83,83,83,83,83],"relic_stats":{"Darkstone Periapt":6,"Lee\u0027s Waffle":14,"Centennial Puzzle":[6],"TheAbacus":[30],"Torii":77,"counters":[99,435],"Blue Candle":[1],"Juzu Bracelet":0,"Letter Opener":[272],"Kunai":[18],"obtain_stats":[{"Ice Cream":46,"TwistedFunnel":0,"Divine Protection":43,"infinitespire:BottledMercury":9,"Golden Egg":45,"Spirit Poop":20,"Vajra":0,"Sling":0,"Centennial Puzzle":47,"HornCleat":3,"infinitespire:ShieldingShard":26,"Strawberry":11,"MealTicket":9,"Kunai":38,"Toxic Egg 2":4,"Replay:Wax Seal":0,"aspiration:StickyExplosives":47,"Happy Flower":5,"aspiration:Nostalgia":24,"Blue Candle":40,"Eternal Feather":6,"ReplayTheSpireMod:SealedPack":17,"Letter Opener":9,"SlaversCollar":17,"Onion Ring":24,"Simple Rune":0,"Mirror":0,"Darkstone Periapt":26,"Lantern":0,"Replay:PocketPolymizer":24,"Torii":0,"SacredBark":34,"Blue Doll":9,"conspire:SpecialSausage":34,"aspiration:TomeofQuesting":9,"Replay:Multitool":45,"Juzu Bracelet":25,"Cursed Key":21,"PrismaticShard":29,"Ancient Tea Set":14,"conspire:TopHat":43,"ClockworkSouvenir":38,"Nunchaku":14,"Replay:Bandana":23,"Matryoshka":26,"TheAbacus":20,"WristBlade":17,"infinitespire:Eraser":40,"Replay:Bottled Eggs":43,"Ring of the Snake":0,"aspiration:VileToxins":8,"Lee\u0027s Waffle":0,"Replay:M_StaffOfTheSnake":24,"Replay:Towering Pillar of Hats":8,"aspiration:FetidBarrel":43,"Basket Of Snakes":0,"PreservedInsect":24,"Replay:WaspNest":29,"aspiration:HummingbirdHeart":28,"Omamori":48,"Orichalcum":44,"Busted Crown":17,"infinitespire:Satchel":21,"Membership Card":24,"FossilizedHelix":31},{"Ice Cream":33,"TwistedFunnel":46,"Divine Protection":31,"infinitespire:BottledMercury":52,"Golden Egg":96,"Spirit Poop":17,"Vajra":73,"Sling":34,"Centennial Puzzle":97,"HornCleat":1,"infinitespire:ShieldingShard":61,"Strawberry":53,"MealTicket":5,"Kunai":94,"Toxic Egg 2":8,"Replay:Wax Seal":34,"aspiration:StickyExplosives":71,"Happy Flower":50,"aspiration:Nostalgia":60,"Blue Candle":95,"Eternal Feather":10,"ReplayTheSpireMod:SealedPack":15,"Letter Opener":79,"SlaversCollar":83,"Onion Ring":60,"Simple Rune":73,"Mirror":34,"Darkstone Periapt":88,"Lantern":6,"Replay:PocketPolymizer":19,"Torii":73,"SacredBark":92,"Blue Doll":11,"conspire:SpecialSausage":25,"aspiration:TomeofQuesting":41,"Replay:Multitool":71,"Juzu Bracelet":88,"Cursed Key":17,"PrismaticShard":62,"Ancient Tea Set":82,"conspire:TopHat":31,"ClockworkSouvenir":94,"Nunchaku":14,"Replay:Bandana":60,"Matryoshka":20,"TheAbacus":84,"WristBlade":56,"infinitespire:Eraser":69,"Replay:Bottled Eggs":95,"Ring of the Snake":0,"aspiration:VileToxins":52,"Lee\u0027s Waffle":73,"Replay:M_StaffOfTheSnake":60,"Replay:Towering Pillar of Hats":79,"aspiration:FetidBarrel":69,"Basket Of Snakes":73,"PreservedInsect":60,"Replay:WaspNest":90,"aspiration:HummingbirdHeart":21,"Omamori":72,"Orichalcum":32,"Busted Crown":43,"infinitespire:Satchel":17,"Membership Card":60,"FossilizedHelix":63},{"Ice Cream":145,"TwistedFunnel":207,"Divine Protection":134,"infinitespire:BottledMercury":231,"Golden Egg":414,"Spirit Poop":81,"Vajra":315,"Sling":148,"Centennial Puzzle":419,"HornCleat":2,"infinitespire:ShieldingShard":271,"Strawberry":238,"MealTicket":12,"Kunai":402,"Toxic Egg 2":27,"Replay:Wax Seal":148,"aspiration:StickyExplosives":308,"Happy Flower":221,"aspiration:Nostalgia":267,"Blue Candle":408,"Eternal Feather":41,"ReplayTheSpireMod:SealedPack":69,"Letter Opener":332,"SlaversCollar":352,"Onion Ring":267,"Simple Rune":315,"Mirror":148,"Darkstone Periapt":373,"Lantern":19,"Replay:PocketPolymizer":86,"Torii":315,"SacredBark":393,"Blue Doll":44,"conspire:SpecialSausage":109,"aspiration:TomeofQuesting":175,"Replay:Multitool":308,"Juzu Bracelet":373,"Cursed Key":81,"PrismaticShard":274,"Ancient Tea Set":343,"conspire:TopHat":134,"ClockworkSouvenir":402,"Nunchaku":53,"Replay:Bandana":267,"Matryoshka":89,"TheAbacus":359,"WristBlade":251,"infinitespire:Eraser":301,"Replay:Bottled Eggs":408,"Ring of the Snake":0,"aspiration:VileToxins":231,"Lee\u0027s Waffle":315,"Replay:M_StaffOfTheSnake":267,"Replay:Towering Pillar of Hats":332,"aspiration:FetidBarrel":301,"Basket Of Snakes":315,"PreservedInsect":267,"Replay:WaspNest":381,"aspiration:HummingbirdHeart":96,"Omamori":310,"Orichalcum":142,"Busted Crown":190,"infinitespire:Satchel":81,"Membership Card":267,"FossilizedHelix":277}],"Ring of the Snake":[198]},"card_choices":[{"not_picked":["Hidden Blade","Deadly Poison"],"picked":"Toxin Wave","floor":1},{"not_picked":["Prepared","Hidden Blade"],"picked":"Outmaneuver","floor":3},{"not_picked":["Eviscerate","Backflip"],"picked":"Prepared","floor":4},{"not_picked":["Bouncing Flask","Sucker Punch"],"picked":"Slice","floor":5},{"not_picked":["Underhanded Strike","Outmaneuver"],"picked":"Catalyst","floor":7},{"not_picked":["Poison Darts","Hidden Blade"],"picked":"Poisoned Stab","floor":8},{"not_picked":["All Out Attack","Prepared"],"picked":"Dagger Spray","floor":11},{"not_picked":["Dagger Throw","Blur"],"picked":"Crippling Poison","floor":12},{"not_picked":["Cloak And Dagger","Wraith Form v2"],"picked":"Replay:Poison Smokescreen","floor":14},{"not_picked":["Unload","Venomology"],"picked":"Die Die Die","floor":16},{"not_picked":["Endless Agony","Deflect"],"picked":"Terror","floor":18},{"not_picked":["Prepared","Underhanded Strike","Dodge and Roll"],"picked":"SKIP","floor":21},{"not_picked":["Underhanded Strike+1","Eviscerate"],"picked":"Quick Slash+1","floor":22},{"not_picked":["Expertise","Quick Slash"],"picked":"Sucker Punch+1","floor":23},{"not_picked":["Bullet Time","conspire:DoublingDagger","Dodge and Roll"],"picked":"SKIP","floor":25},{"not_picked":["ReplayTheSpireMod:Exploit Weakness","All Out Attack"],"picked":"Deadly Poison","floor":27},{"not_picked":["Skewer","ReplayTheSpireMod:Scrap Shanks+1"],"picked":"Heel Hook","floor":29},{"not_picked":["Sneak Up","Quick Slash"],"picked":"Deflect+1","floor":31},{"not_picked":["Grand Finale","Doppelganger"],"picked":"Envenom","floor":33},{"not_picked":["Deadly Poison","Hidden Blade+1"],"picked":"Predator","floor":35},{"not_picked":["Backflip","Concentrate+1"],"picked":"Quick Slash+1","floor":36},{"not_picked":["Bandage Up","Panache"],"picked":"Specialist","floor":37},{"not_picked":["Slice","Grand Finale"],"picked":"Blur+1","floor":40},{"not_picked":["All Out Attack","Dodge and Roll"],"picked":"Blade Dance+1","floor":45},{"not_picked":["Quick Slash","Outmaneuver"],"picked":"Blade Dance+1","floor":47},{"not_picked":["Sneak Up","Blade Dance"],"picked":"Backflip","floor":48}],"player_experience":372267,"relics_obtained":[{"floor":8,"key":"Replay:Towering Pillar of Hats"},{"floor":9,"key":"Letter Opener"},{"floor":14,"key":"Ancient Tea Set"},{"floor":23,"key":"conspire:TopHat"},{"floor":25,"key":"Juzu Bracelet"},{"floor":26,"key":"Darkstone Periapt"},{"floor":29,"key":"Replay:WaspNest"},{"floor":40,"key":"Blue Candle"},{"floor":43,"key":"Replay:Bottled Eggs"},{"floor":45,"key":"Golden Egg"},{"floor":47,"key":"Centennial Puzzle"}],"event_choices":[{"damage_healed":0,"gold_gain":0,"player_choice":"Ignored","damage_taken":0,"max_hp_gain":0,"max_hp_loss":0,"event_name":"Golden Wing","floor":13,"gold_loss":0},{"damage_healed":0,"gold_gain":100,"player_choice":"Bet on Murderer","damage_taken":0,"max_hp_gain":0,"max_hp_loss":0,"event_name":"The Joust","floor":19,"gold_loss":50},{"damage_healed":0,"gold_gain":99,"player_choice":"Steal","damage_taken":0,"max_hp_gain":0,"max_hp_loss":0,"event_name":"betterThird:BetterNest","floor":30,"gold_loss":0},{"damage_healed":0,"gold_gain":0,"player_choice":"Memory 1","damage_taken":0,"max_hp_gain":0,"max_hp_loss":0,"event_name":"SensoryStone","floor":37,"gold_loss":0},{"damage_healed":19,"gold_gain":0,"player_choice":"Writhe","damage_taken":0,"max_hp_gain":0,"max_hp_loss":0,"event_name":"Winding Halls","floor":42,"gold_loss":0,"cards_obtained":["Writhe"]}],"is_beta":false,"boss_relics":[{"not_picked":["WristBlade","Replay:Grab Bag"],"picked":"SlaversCollar"},{"not_picked":["Coffee Dripper","ReplayTheSpireMod:DimensionalGlitch"],"picked":"SacredBark"}],"items_purged_floors":[],"is_endless":false,"potions_floor_spawned":[1,3,8,11,16,23,25,27,29,31,33,35],"ascension_level":6}}