{"host":"2k96kai96havp3pq","time":1608439420,"event":{"mods":["AchievementEnabler","BaseMod","Colored Map","Colored Powertips","Downfall","Hermit","Minty Spire (QoL Compilation)","Relic Stats","Replay The Spire","StSLib","The Bug Knight","The Cursed","The Hierophant","The Servant 0.9.4"],"gold_per_floor":[109,109,124,124,124,164,164,197,224,224,224],"floor_reached":10,"playtime":583,"items_purged":[],"score":85,"play_id":"2e11f366-d828-4fc3-b116-37fbd40f370e","local_time":"20201219224340","is_ascension_mode":true,"campfire_choices":[{"floor":7,"key":"REST"}],"circlet_count":0,"master_deck":["Strike_B+1","Strike_B","Strike_B","Strike_B","Defend_B","Defend_B","Defend_B","Defend_B","Zap+1","Dualcast","Coolheaded","Injury","Leap","Regret","Echo Form","Pot Of Greed","Pot Of Greed","FIFO Queue"],"relics":["Cracked Core","ReplayFunnel","Golden Idol","Replay:Baseball","Gremlin Food","Grinning Jar","ReplayTheSpireMod:Lightbulb"],"acts_visited":["Exordium"],"potions_floor_usage":[6,8,10],"damage_taken":[{"damage":4,"enemies":"Jaw Worm","floor":1,"turns":3},{"damage":0,"enemies":"2 Louse","floor":3,"turns":3},{"damage":20,"enemies":"3 Sentries","floor":6,"turns":10},{"damage":49,"enemies":"Gremlin Nob","floor":8,"turns":6},{"damage":29,"enemies":"3 Sentries","floor":10,"turns":3}],"seed_played":"-1448039302236485968","potions_obtained":[{"floor":3,"key":"ColorlessPotion"},{"floor":6,"key":"Weak Potion"},{"floor":8,"key":"BlessingOfTheForge"}],"is_trial":false,"path_per_floor":["M","?","M","?","?","E","R","E","T","E"],"character_chosen":"DEFECT","items_purchased":[],"campfire_rested":1,"item_purchase_floors":[],"current_hp_per_floor":[71,71,71,71,71,51,73,24,24,0,0],"gold":224,"neow_bonus":"RANDOM_COMMON_RELIC","is_daily":false,"chose_seed":false,"campfire_upgraded":0,"win_rate":0.0,"timestamp":1608439420,"path_taken":["M","?","M","?","?","E","R","E","T","E"],"items_purchased_type":[],"build_version":"2020-12-13","purchased_purges":0,"victory":false,"max_hp_per_floor":[75,75,75,75,75,75,75,75,75,75,75],"relic_stats":{"counters":[5,25],"Golden Idol":18,"obtain_stats":[{"ReplayFunnel":0,"Gremlin Food":6,"Replay:Baseball":4,"Golden Idol":2,"Grinning Jar":8,"Cracked Core":0,"ReplayTheSpireMod:Lightbulb":9},{"ReplayFunnel":0,"Gremlin Food":3,"Replay:Baseball":2,"Golden Idol":1,"Grinning Jar":4,"Cracked Core":0,"ReplayTheSpireMod:Lightbulb":4},{"ReplayFunnel":0,"Gremlin Food":16,"Replay:Baseball":6,"Golden Idol":3,"Grinning Jar":22,"Cracked Core":0,"ReplayTheSpireMod:Lightbulb":22}]},"card_choices":[{"not_picked":["Genetic Algorithm","Darkness"],"picked":"Coolheaded","floor":1},{"not_picked":["Barrage","FTL"],"picked":"Leap","floor":3},{"not_picked":["Barrage","Rebound"],"picked":"Echo Form","floor":6},{"not_picked":["Leap","Steam"],"picked":"FIFO Queue","floor":8}],"player_experience":365329,"relics_obtained":[{"floor":6,"key":"Gremlin Food"},{"floor":8,"key":"Grinning Jar"},{"floor":9,"key":"ReplayTheSpireMod:Lightbulb"}],"event_choices":[{"damage_healed":0,"gold_gain":0,"player_choice":"Take Wound","damage_taken":0,"relics_obtained":["Golden Idol"],"max_hp_gain":0,"max_hp_loss":0,"event_name":"Golden Idol","floor":2,"gold_loss":0,"cards_obtained":["Injury"]},{"damage_healed":0,"gold_gain":0,"player_choice":"Box","damage_taken":0,"relics_obtained":["Replay:Baseball"],"max_hp_gain":0,"max_hp_loss":0,"event_name":"Big Fish","floor":4,"gold_loss":0,"cards_obtained":["Regret"]}],"is_beta":false,"boss_relics":[],"items_purged_floors":[],"is_endless":false,"potions_floor_spawned":[3,6,8],"killed_by":"3 Sentries","ascension_level":3}}