{"host":"5pvsezzv96u4cz40","time":1608498306,"event":{"mods":["2.2 Compatiblity","Act Like it!","BaseMod","BetterRewards","CapriCore","Colored Map","Colored Powertips","GifTheSpireLib","GungeonMod","Hermit","Hero for Fun","Hubris","Infinite Spire","Jorbs\u0027s Wanderer Trilogy","Lobotomy","Marisa????????","Menagerie","Minty Spire (QoL Compilation)","Reimu??????","Remilia??????","Replay The Spire","Shop Mod","StSLib","The Bladedancer","The Exalted","The Immortal","The Servant 0.9.4","TheSwordswoman","??????REMEMod"],"gold_per_floor":[110,127,141,141,141,141,167,183,206,206,220,220,238,254,254,356,356,367,367,367,386,600,600,540,455,500,533,533,765,235,248,248,349,349,368,382,382,396,150,150,175,192,268,268,278,278,298,315,315,315],"floor_reached":51,"playtime":7070,"items_purged":["CommonCold"],"score":721,"play_id":"bc46aca8-2230-4a50-99b6-abaa0ff3a1ab","local_time":"20201220220506","is_ascension_mode":false,"campfire_choices":[{"data":"blademaster:RagingBlow","floor":6,"key":"SMITH"},{"data":"blademaster:Havoc","floor":10,"key":"SMITH"},{"data":"blademaster:DancingEdge","floor":12,"key":"SMITH"},{"data":"blademaster:Havoc","floor":15,"key":"SMITH"},{"data":"blademaster:Strike","floor":23,"key":"SMITH"},{"floor":28,"key":"REST"},{"data":"blademaster:EnchantedCuirass","floor":32,"key":"SMITH"},{"floor":40,"key":"REST"},{"data":"blademaster:Gust","floor":44,"key":"SMITH"},{"data":"blademaster:ColdBlood","floor":46,"key":"SMITH"},{"floor":49,"key":"REST"}],"circlet_count":0,"master_deck":["blademaster:Strike+1","blademaster:Strike+1","blademaster:Strike","blademaster:Strike","blademaster:Defend","blademaster:Defend+1","blademaster:Defend","blademaster:Defend","blademaster:RagingBlow+1","blademaster:HighVoltage","Master of Strategy","blademaster:AwakeningStrike","blademaster:LeechingStrike","blademaster:DancingEdge+1","blademaster:Gust+1","blademaster:EnchantedCuirass+1","blademaster:AwakeningStrike","blademaster:Flurry","blademaster:ColdBlood+1","blademaster:Hailwind+1","blademaster:AwakeningDefend+1","hubris:DuctTapeCard","blademaster:Flurry","blademaster:ChargingUp"],"relics":["blademaster:DancersAmulet","REME_ComplimentaryCards","hubris:Towel","infinitespire:EmpoweringShard","Regal Pillow","REME_DemonsWealth","Replay:Wax Seal","Frozen Eye","RuthlessExorcism:ReiMu","DemoMod:MonsterBlood","Gremlin Food","Pen Nib","Pear","Lee\u0027s Waffle","Sozu","hubris:DuctTape","Shuriken","Question Card"],"acts_visited":["Exordium","TheCity","TheBeyond"],"potions_floor_usage":[8,16,22,22,33,33,33,36],"damage_taken":[{"damage":0,"enemies":"Cultist","floor":1,"turns":2},{"damage":0,"enemies":"Jaw Worm","floor":2,"turns":3},{"damage":3,"enemies":"Small Slimes","floor":3,"turns":3},{"damage":2,"enemies":"Gremlin Nob","floor":7,"turns":3},{"damage":7,"enemies":"Blue Slaver","floor":8,"turns":3},{"damage":0,"enemies":"Red Slaver","floor":11,"turns":2},{"damage":0,"enemies":"Gremlin Gang","floor":13,"turns":2},{"damage":0,"enemies":"Exordium Thugs","floor":14,"turns":2},{"damage":7,"enemies":"Slime Boss","floor":16,"turns":6},{"damage":0,"enemies":"Chosen","floor":18,"turns":3},{"damage":0,"enemies":"3 Byrds","floor":21,"turns":3},{"damage":7,"enemies":"Centurion and Healer","floor":22,"turns":3},{"damage":10,"enemies":"Gremlin Leader","floor":27,"turns":4},{"damage":6,"enemies":"Replay:Snechameleon","floor":29,"turns":4},{"damage":0,"enemies":"3 Cultists","floor":31,"turns":3},{"damage":49,"enemies":"Champ","floor":33,"turns":8},{"damage":0,"enemies":"3 Darklings","floor":35,"turns":3},{"damage":0,"enemies":"Orb Walker","floor":36,"turns":2},{"damage":22,"enemies":"Jaw Worm Horde","floor":38,"turns":3},{"damage":1,"enemies":"Giant Head","floor":41,"turns":4},{"damage":5,"enemies":"4 Shapes","floor":42,"turns":4},{"damage":7,"enemies":"3 Darklings","floor":45,"turns":2},{"damage":19,"enemies":"Spire Growth","floor":47,"turns":3},{"damage":0,"enemies":"Maw","floor":48,"turns":5},{"damage":12,"enemies":"Donu and Deca","floor":50,"turns":6}],"seed_played":"-4129181282313708171","potions_obtained":[{"floor":1,"key":"Swift Potion"},{"floor":8,"key":"Languid Potion"},{"floor":14,"key":"Fire Potion"},{"floor":16,"key":"SteroidPotion"},{"floor":21,"key":"SpeedPotion"},{"floor":22,"key":"GamblersBrew"},{"floor":29,"key":"Ancient Potion"},{"floor":33,"key":"Swift Potion"}],"is_trial":false,"path_per_floor":["M","M","M","?","$","R","E","M","T","R","M","R","M","M","R","B",null,"M","?","AVR","M","M","R","?","?","T","E","R","E","$","M","R","B",null,"M","M","?","M","$","R","E","M","T","R","M","R","M","M","R","B",null],"character_chosen":"THE_BLADEMASTER","items_purchased":["Pear","Lee\u0027s Waffle","BlessingOfTheForge","hubris:DuctTape"],"campfire_rested":3,"item_purchase_floors":[30,30,30,39],"current_hp_per_floor":[80,80,77,77,77,77,78,71,71,71,71,71,74,74,74,67,80,80,80,80,80,73,73,73,73,80,70,87,81,104,104,104,55,104,104,104,104,82,82,104,103,99,99,99,92,92,76,76,104,96],"gold":315,"neow_bonus":"RANDOM_EVENT","is_daily":false,"chose_seed":false,"campfire_upgraded":8,"win_rate":0.0,"timestamp":1608498306,"path_taken":["M","M","M","?","$","R","E","M","T","R","M","R","M","M","R","BOSS","M","?","AVR","?","M","R","?","?","T","E","R","E","$","M","R","BOSS","M","M","?","M","$","R","E","M","T","R","?","R","M","M","R","BOSS"],"items_purchased_type":["Relic","Relic","Potion","Relic"],"build_version":"2020-12-13","purchased_purges":1,"victory":true,"max_hp_per_floor":[80,80,80,80,80,80,80,80,80,80,80,80,80,80,80,80,80,80,80,80,80,80,80,80,80,87,87,87,87,104,104,104,104,104,104,104,104,104,104,104,104,104,104,104,104,104,104,104,104,104],"card_choices":[{"not_picked":["blademaster:Safeguard","blademaster:Stormstrike"],"picked":"blademaster:AwakeningStrike","floor":1},{"not_picked":["blademaster:Slice","blademaster:DaggerAndCloak"],"picked":"blademaster:LeechingStrike","floor":2},{"not_picked":["blademaster:BladeMastery","blademaster:BladeCross"],"picked":"blademaster:DancingEdge","floor":3},{"not_picked":["blademaster:Frenzy","blademaster:DancingEdge"],"picked":"blademaster:Havoc","floor":7},{"not_picked":["blademaster:Frontflip","blademaster:Reversal"],"picked":"blademaster:Gust","floor":8},{"not_picked":["blademaster:Discharge","blademaster:SharpBlades","blademaster:Thrust"],"picked":"SKIP","floor":11},{"not_picked":["blademaster:EyeOfTheStorm","blademaster:ThunderSlash","blademaster:Stability"],"picked":"SKIP","floor":13},{"not_picked":["blademaster:LeechingStrike","blademaster:Frenzy"],"picked":"blademaster:Havoc","floor":14},{"not_picked":["blademaster:Blindside","blademaster:Flash"],"picked":"blademaster:EnchantedCuirass","floor":16},{"not_picked":["blademaster:Safeguard","blademaster:SlyStabs","Decay"],"picked":"blademaster:Rupture+1","floor":18},{"not_picked":["blademaster:DancingEdge+1","blademaster:EyeOfTheStorm","Delirium"],"picked":"blademaster:AwakeningStrike","floor":21},{"not_picked":["blademaster:Slice+1","blademaster:Discharge","blademaster:BladeCross"],"picked":"ReplayTheSpireMod:Faulty Equipment+1","floor":22},{"not_picked":["blademaster:Breeze","blademaster:EyeOfTheStorm","blademaster:Cut","infinitespire:Pacifist"],"picked":"SKIP","floor":27},{"not_picked":["blademaster:ThunderSlash","blademaster:CullingStrike","blademaster:Flash"],"picked":"CommonCold","floor":29},{"not_picked":["blademaster:Bloodbath","blademaster:OneTrickPony","Amnesia"],"picked":"blademaster:Flurry","floor":31},{"not_picked":["blademaster:LightningDraw","blademaster:Flash","Overencumbered"],"picked":"blademaster:ColdBlood","floor":33},{"not_picked":["blademaster:Gust+1","blademaster:Frenzy","infinitespire:Pacifist"],"picked":"blademaster:Hailwind","floor":35},{"not_picked":["blademaster:ParryingStrike+1","blademaster:BladeCross","hubris:Compulsion"],"picked":"blademaster:AwakeningDefend+1","floor":36},{"not_picked":["blademaster:ThunderingOpener","blademaster:AwakeningDefend+1","blademaster:ParryingStrike+1","Spreading Infection"],"picked":"SKIP","floor":38},{"not_picked":["blademaster:CloudOfSteel","blademaster:WindSlash+1","blademaster:DragonStrike","hubris:Sloth"],"picked":"SKIP","floor":41},{"not_picked":["blademaster:OneTrickPony+1","blademaster:Meditate+1","blademaster:KiBarrier+1","Writhe"],"picked":"SKIP","floor":42},{"not_picked":["blademaster:Thrust","blademaster:KiBarrier+1","blademaster:FuriousStrike","ReplayTheSpireMod:Faulty Equipment"],"picked":"blademaster:Flurry","floor":45},{"not_picked":["blademaster:Blockade+1","blademaster:StanceMastery","blademaster:AwakeningStrike+1","Sickly"],"picked":"blademaster:ChargingUp","floor":47},{"not_picked":["blademaster:CloudOfSteel","blademaster:Blockade","blademaster:Slice","blademaster:AspectOfWind+1","Replay:Hysterical Blindness"],"picked":"SKIP","floor":48}],"player_experience":178365,"relics_obtained":[{"floor":7,"key":"infinitespire:EmpoweringShard"},{"floor":7,"key":"blademaster:StrongPerk"},{"floor":9,"key":"Regal Pillow"},{"floor":26,"key":"DemoMod:MonsterBlood"},{"floor":27,"key":"Gremlin Food"},{"floor":27,"key":"blademaster:ComboEveryTurnPerk"},{"floor":29,"key":"blademaster:FuryEveryTurnPerk"},{"floor":29,"key":"Pen Nib"},{"floor":41,"key":"Shuriken"},{"floor":41,"key":"blademaster:RandomBladePerk"},{"floor":43,"key":"Question Card"}],"event_choices":[{"damage_healed":0,"gold_gain":0,"player_choice":"Donut","damage_taken":0,"max_hp_gain":5,"max_hp_loss":0,"event_name":"Big Fish","floor":0,"gold_loss":0},{"damage_healed":0,"gold_gain":0,"player_choice":"Gave Potion","damage_taken":0,"relics_obtained":["Replay:Wax Seal"],"max_hp_gain":0,"max_hp_loss":0,"event_name":"WeMeetAgain","floor":19,"gold_loss":0},{"damage_healed":0,"gold_gain":0,"player_choice":"Obtained Relic","damage_taken":0,"relics_obtained":["RuthlessExorcism:ReiMu"],"max_hp_gain":0,"max_hp_loss":0,"event_name":"Addict","floor":25,"gold_loss":85},{"cards_removed":["blademaster:Rupture"],"damage_healed":0,"gold_gain":0,"player_choice":"Purged","damage_taken":0,"max_hp_gain":0,"max_hp_loss":0,"event_name":"Purifier","floor":37,"gold_loss":0}],"is_beta":false,"boss_relics":[{"not_picked":["hubris:BlackHole","Bromod:ArcaneGrace"],"picked":"REME_DemonsWealth"},{"not_picked":["Kintsugi","hubris:RunicObelisk"],"picked":"Sozu"}],"items_purged_floors":[30],"is_endless":false,"potions_floor_spawned":[1,8,14,16,21,22,29,33,36,41,45,47],"ascension_level":0}}