{"host":"y3iy5gb13b300rns","time":1608437960,"event":{"mods":["BaseMod","Bestiary","Curses Come First","Minty Spire (QoL Compilation)","Replay The Spire","StSLib","The Runesmith"],"gold_per_floor":[113,113,130,149,2,34,52,21,90,90,90,102,127,141,141,239,239,258,258,272,272,272,272,286,286,286,286,303,319,335,355,355,453,453,469,485,172,186,186,186,197,231,300,300,313,313,2,22,22,22],"floor_reached":51,"playtime":4739,"items_purged":[],"score":743,"play_id":"18bb1ac6-9f9d-49ac-bcc3-c57c76b96f36","local_time":"20201219221920","is_ascension_mode":false,"campfire_choices":[{"floor":10,"key":"REST"},{"floor":15,"key":"REST"},{"data":"Runesmith:CraftPrismatica","floor":25,"key":"SMITH"},{"floor":27,"key":"REST"},{"data":"Runesmith:LithiumIon","floor":32,"key":"SMITH"},{"floor":40,"key":"REST"},{"floor":44,"key":"REST"},{"floor":46,"key":"REST"},{"floor":49,"key":"REST"}],"circlet_count":0,"master_deck":["Runesmith:Strike_RS","Runesmith:Strike_RS","Runesmith:Strike_RS","Runesmith:Defend_RS","Runesmith:Defend_RS","Runesmith:Defend_RS","Runesmith:Defend_RS","Runesmith:CraftFirestone","Runesmith:Fortify","Runesmith:ChiselStab","Runesmith:EarthShield","Runesmith:RuneHurl+1","Runesmith:CraftMagma","Runesmith:HeatedChisel","Runesmith:CraftMagma","Runesmith:GoWithTheFlow","Runesmith:CraftMagma","Runesmith:Firestorm","Runesmith:CraftMagma","Runesmith:Repurpose","Runesmith:CraftMagma","Runesmith:LithiumIon+1","Runesmith:BackupBattery","Runesmith:LithiumIon","Runesmith:GoWithTheFlow","Pot Of Greed","Pot Of Greed","Pot Of Greed","Runesmith:Terraform","Runesmith:CraftProtectio","Runesmith:CraftPrismatica+1","Runesmith:CraftIncendium","Runesmith:Attraction","Runesmith:Discharge","Runesmith:RunicBlueprint+1","Runesmith:BackupBattery","Pot Of Greed","Runesmith:GoWithTheFlow","Runesmith:EnergizedChisel","Runesmith:ShiftingStrike","Runesmith:Terraform","Runesmith:CraftMagma","Runesmith:Accelerate","Runesmith:PoweredAnvil","Runesmith:ReplicatingBarrier","Runesmith:CraftMedicinae","Runesmith:HeatedChisel","Runesmith:Firewall","Runesmith:CraftMagma","Pot Of Greed","Runesmith:HeatExchange+1","Runesmith:CraftMedicinae","Runesmith:RunicBlueprint+1","Runesmith:CraftObretio","Runesmith:FieryHammer+1","Runesmith:Grindstone","Runesmith:EarthShield","Runesmith:Augment","Runesmith:LithiumIon","Apotheosis","Runesmith:EarthShield","Runesmith:Superposition+1","Pot Of Greed"],"relics":["Runesmith:BrokenRuby","Prayer Wheel","Orrery","Happy Flower","Runesmith:Nanobots","ReplayTheSpireMod:Ninjato","Grinning Jar","ChewingGum","Replay:Bottled Steam","Enchiridion","Runesmith:AutoHammer","SacredBark","Pocketwatch","HornCleat","White Beast Statue"],"acts_visited":["Exordium","TheCity","TheBeyond"],"potions_floor_usage":[6,12,13,20,33,33,33,38,38,42,42,48,50],"damage_taken":[{"damage":2,"enemies":"2 Louse","floor":1,"turns":4},{"damage":2,"enemies":"Small Slimes","floor":3,"turns":3},{"damage":7,"enemies":"Jaw Worm","floor":4,"turns":3},{"damage":39,"enemies":"Gremlin Nob","floor":6,"turns":5},{"damage":1,"enemies":"Red Slaver","floor":7,"turns":3},{"damage":2,"enemies":"Large Slime","floor":12,"turns":3},{"damage":10,"enemies":"3 Sentries","floor":13,"turns":4},{"damage":3,"enemies":"Looter","floor":14,"turns":2},{"damage":6,"enemies":"Hexaghost","floor":16,"turns":8},{"damage":18,"enemies":"Spheric Guardian","floor":18,"turns":4},{"damage":15,"enemies":"Shell Parasite","floor":20,"turns":5},{"damage":26,"enemies":"Centurion and Healer","floor":24,"turns":6},{"damage":9,"enemies":"Snecko","floor":28,"turns":5},{"damage":0,"enemies":"Snake Plant","floor":29,"turns":3},{"damage":1,"enemies":"Chosen and Byrds","floor":30,"turns":4},{"damage":0,"enemies":"Shelled Parasite and Fungi","floor":31,"turns":3},{"damage":45,"enemies":"Automaton","floor":33,"turns":11},{"damage":6,"enemies":"3 Shapes","floor":35,"turns":4},{"damage":7,"enemies":"Orb Walker","floor":36,"turns":3},{"damage":16,"enemies":"Jaw Worm Horde","floor":38,"turns":4},{"damage":29,"enemies":"3 Darklings","floor":41,"turns":4},{"damage":18,"enemies":"Giant Head","floor":42,"turns":8},{"damage":30,"enemies":"Transient","floor":45,"turns":5},{"damage":8,"enemies":"4 Shapes","floor":48,"turns":6},{"damage":48,"enemies":"Time Eater","floor":50,"turns":11}],"seed_played":"237651299580322473","potions_obtained":[{"floor":1,"key":"BlessingOfTheForge"},{"floor":3,"key":"Cursed Concoction"},{"floor":7,"key":"Fire Potion"},{"floor":16,"key":"Toxic Potion"},{"floor":20,"key":"Dexterity Potion"},{"floor":28,"key":"Swift Potion"},{"floor":29,"key":"Explosive Potion"},{"floor":30,"key":"Block Potion"},{"floor":33,"key":"Reflective Coating"},{"floor":36,"key":"BlessingOfTheForge"},{"floor":38,"key":"FearPotion"},{"floor":41,"key":"SneckoOil"},{"floor":45,"key":"SkillPotion"},{"floor":48,"key":"SpeedPotion"}],"is_trial":false,"path_per_floor":["M","?","M","M","$","E","M","?","T","R","?","M","E","M","R","B",null,"M","?","M","?","?","?","M","R","T","R","M","M","M","M","R","B",null,"M","M","$","M","?","R","M","E","T","R","M","R","$","M","R","B",null],"character_chosen":"RUNESMITH_CLASS","items_purchased":["Orrery","Pocketwatch","Runesmith:LithiumIon","Energy Potion","Apotheosis"],"campfire_rested":7,"item_purchase_floors":[5,37,47,47,47],"current_hp_per_floor":[68,68,66,59,59,20,19,19,19,40,28,26,16,13,34,28,70,52,52,37,37,21,80,54,54,54,78,69,69,68,68,68,23,80,74,72,72,56,56,80,53,38,38,62,32,56,56,50,74,32],"gold":22,"neow_bonus":"RANDOM_EVENT","is_daily":false,"chose_seed":false,"campfire_upgraded":2,"win_rate":0.0,"timestamp":1608437960,"path_taken":["M","?","M","M","$","E","M","?","T","R","?","M","E","M","R","BOSS","M","?","?","?","?","?","M","R","T","R","M","M","?","M","R","BOSS","M","M","$","M","?","R","M","E","T","R","M","R","$","M","R","BOSS"],"items_purchased_type":["Relic","Relic","Card","Potion","Card"],"build_version":"2020-12-13","purchased_purges":0,"victory":true,"max_hp_per_floor":[70,70,70,70,70,70,70,70,70,70,70,70,70,70,70,70,70,70,70,70,70,70,80,80,80,80,80,80,80,80,80,80,80,80,80,80,80,80,80,80,80,80,80,80,80,80,80,80,80,80],"card_choices":[{"not_picked":["Runesmith:ChargedHammer","Runesmith:HammerAndChisel"],"picked":"Runesmith:ChiselStab","floor":1},{"not_picked":["Runesmith:BackupBattery","Runesmith:MakeshiftArmor"],"picked":"Runesmith:EarthShield","floor":1},{"not_picked":["Runesmith:DoubleUp","Runesmith:Repurpose"],"picked":"Runesmith:CraftMagma","floor":3},{"not_picked":["Runesmith:HammerThrow","Runesmith:NanitesCloud"],"picked":"Runesmith:HeatedChisel","floor":3},{"not_picked":["Runesmith:StaticCage","Runesmith:ShiftingStrike"],"picked":"Runesmith:CraftMagma","floor":4},{"not_picked":["Runesmith:Grindstone","Runesmith:PoweredAnvil"],"picked":"Runesmith:GoWithTheFlow","floor":4},{"not_picked":["Runesmith:Overpower","Runesmith:CraftObretio"],"picked":"Runesmith:CraftMagma","floor":5},{"not_picked":["Runesmith:GenerateForcefield","Runesmith:Electrocute"],"picked":"Runesmith:Firestorm","floor":5},{"not_picked":["Runesmith:CraftProtectio","Runesmith:NanitesCloud"],"picked":"Runesmith:CraftMagma","floor":5},{"not_picked":["Runesmith:ShiftingStrike","Runesmith:HeatExchange"],"picked":"Runesmith:Repurpose","floor":5},{"not_picked":["Runesmith:Grindstone","Runesmith:Discharge"],"picked":"Runesmith:CraftMagma","floor":5},{"not_picked":["Runesmith:HammerThrow","Runesmith:CraftMagma"],"picked":"Runesmith:LithiumIon","floor":6},{"not_picked":["Runesmith:EnergizedChisel","Runesmith:HeatedChisel"],"picked":"Runesmith:BackupBattery","floor":7},{"not_picked":["Runesmith:RuneHurl","Runesmith:NegativeSpace"],"picked":"Runesmith:LithiumIon","floor":7},{"not_picked":["Runesmith:UnstableHammer","Runesmith:RuneHurl"],"picked":"Runesmith:FrozenChisel","floor":12},{"not_picked":["Runesmith:Electrocute","Runesmith:NanitesCloud"],"picked":"Runesmith:GoWithTheFlow","floor":12},{"not_picked":["Runesmith:StaticCage","Runesmith:RuneHurl"],"picked":"Runesmith:Terraform","floor":13},{"not_picked":["Runesmith:BackupBattery","Runesmith:ChiselStab"],"picked":"Runesmith:MetallurgicalResearch","floor":14},{"not_picked":["Runesmith:ElementalConversion","Runesmith:BackupBattery"],"picked":"Runesmith:CraftProtectio","floor":14},{"not_picked":["Runesmith:FissionHammer","Runesmith:MetallurgicalResearch"],"picked":"Runesmith:CraftPrismatica","floor":16},{"not_picked":["Runesmith:GoWithTheFlow","Runesmith:LithiumIon"],"picked":"Runesmith:CraftIncendium","floor":18},{"not_picked":["Runesmith:HeatExchange","Runesmith:Repurpose"],"picked":"Runesmith:Attraction","floor":18},{"not_picked":["Runesmith:Accelerate","Runesmith:Electrocute"],"picked":"Runesmith:Discharge","floor":20},{"not_picked":["Runesmith:RuneHurl","Runesmith:HammerThrow"],"picked":"Runesmith:RunicBlueprint+1","floor":20},{"not_picked":["Runesmith:ShiftingStrike","Runesmith:EnergizedChisel"],"picked":"Runesmith:BackupBattery","floor":24},{"not_picked":["Runesmith:HammerTime","Runesmith:DuctTape"],"picked":"Runesmith:GoWithTheFlow","floor":24},{"not_picked":["Runesmith:Permafrost+1","Runesmith:Reinforce+1"],"picked":"Runesmith:EnergizedChisel","floor":28},{"not_picked":["Runesmith:Permafrost","Runesmith:Prism","Runesmith:Repurpose+1"],"picked":"SKIP","floor":28},{"not_picked":["Runesmith:HeatExchange","Runesmith:UnstableHammer+1"],"picked":"Runesmith:ShiftingStrike","floor":29},{"not_picked":["Runesmith:Repurpose","Runesmith:Grindstone"],"picked":"Runesmith:Terraform","floor":29},{"not_picked":["Runesmith:PerfectChisel","Runesmith:ChargedHammer+1"],"picked":"Runesmith:CraftMagma","floor":30},{"not_picked":["Runesmith:Overpower","Runesmith:HeatExchange+1"],"picked":"Runesmith:Accelerate","floor":30},{"not_picked":["Runesmith:Grindstone","Runesmith:Electrocute"],"picked":"Runesmith:PoweredAnvil","floor":31},{"not_picked":["Runesmith:EnergizedChisel","Runesmith:ChargedHammer"],"picked":"Runesmith:ReplicatingBarrier","floor":31},{"not_picked":["Runesmith:DuctTape","Runesmith:Supernova"],"picked":"Runesmith:CraftMedicinae","floor":33},{"not_picked":["Runesmith:StaticCage","Runesmith:BackupBattery+1"],"picked":"Runesmith:HeatedChisel","floor":35},{"not_picked":["Runesmith:EnergizedChisel","Runesmith:CraftMagma"],"picked":"Runesmith:Firewall","floor":35},{"not_picked":["Runesmith:Firewall+1","Runesmith:EarthShield"],"picked":"Runesmith:CraftMagma","floor":36},{"not_picked":["Runesmith:EnergizedChisel","Runesmith:FrozenChisel"],"picked":"Runesmith:HeatExchange+1","floor":36},{"not_picked":["Runesmith:MakeshiftArmor","Runesmith:Retool"],"picked":"Runesmith:CraftMedicinae","floor":38},{"not_picked":["Runesmith:StaticCage+1","Runesmith:UnstableHammer+1"],"picked":"Runesmith:RunicBlueprint+1","floor":38},{"not_picked":["Runesmith:Attraction+1","Runesmith:Overpower+1"],"picked":"Runesmith:CraftObretio","floor":41},{"not_picked":["Runesmith:EnergizedChisel+1","Runesmith:Malloc+1"],"picked":"Runesmith:FieryHammer+1","floor":41},{"not_picked":["Runesmith:Reinforce","Runesmith:CraftVitae"],"picked":"Runesmith:Grindstone","floor":42},{"not_picked":["Runesmith:PoweredAnvil","Runesmith:StaticCage+1"],"picked":"Runesmith:EarthShield","floor":45},{"not_picked":["Runesmith:StaticCage","Runesmith:Malloc+1"],"picked":"Runesmith:Augment","floor":45},{"not_picked":["Runesmith:StaticCage","Runesmith:Reinforce"],"picked":"Runesmith:EarthShield","floor":48},{"not_picked":["Runesmith:CraftObretio+1","Runesmith:RuneHurl+1"],"picked":"Runesmith:Superposition+1","floor":48}],"player_experience":356042,"relics_obtained":[{"floor":6,"key":"Happy Flower"},{"floor":9,"key":"Runesmith:Nanobots"},{"floor":13,"key":"Grinning Jar"},{"floor":22,"key":"Enchiridion"},{"floor":26,"key":"Runesmith:AutoHammer"},{"floor":42,"key":"HornCleat"},{"floor":43,"key":"White Beast Statue"}],"event_choices":[{"damage_healed":0,"gold_gain":0,"player_choice":"Box","damage_taken":0,"relics_obtained":["Prayer Wheel"],"max_hp_gain":0,"max_hp_loss":0,"event_name":"Big Fish","floor":0,"gold_loss":0,"cards_obtained":["Regret"]},{"damage_healed":0,"gold_gain":0,"player_choice":"Left Gold","damage_taken":0,"max_hp_gain":0,"max_hp_loss":0,"event_name":"World of Goop","floor":8,"gold_loss":31},{"damage_healed":0,"gold_gain":0,"player_choice":"Success","damage_taken":12,"relics_obtained":["ReplayTheSpireMod:Ninjato"],"max_hp_gain":0,"max_hp_loss":0,"event_name":"Scrap Ooze","floor":11,"gold_loss":0},{"cards_removed":["Regret"],"damage_healed":0,"gold_gain":0,"player_choice":"Removed Curses","damage_taken":0,"max_hp_gain":0,"max_hp_loss":0,"event_name":"Fountain of Cleansing","floor":19,"gold_loss":0},{"damage_healed":0,"gold_gain":0,"player_choice":"Obtained Book","damage_taken":16,"max_hp_gain":0,"max_hp_loss":0,"event_name":"Cursed Tome","floor":22,"gold_loss":0},{"cards_removed":["Runesmith:MetallurgicalResearch"],"damage_healed":49,"gold_gain":0,"player_choice":"Offered Rare","damage_taken":0,"max_hp_gain":10,"max_hp_loss":0,"event_name":"Bonfire Elementals","floor":23,"gold_loss":0},{"cards_removed":["Runesmith:FrozenChisel"],"damage_healed":0,"gold_gain":0,"player_choice":"Removed Attack","damage_taken":0,"max_hp_gain":0,"max_hp_loss":0,"event_name":"Falling","floor":39,"gold_loss":0}],"is_beta":false,"boss_relics":[{"not_picked":["Calling Bell","Fusion Hammer"],"picked":"ChewingGum"},{"not_picked":["Velvet Choker","Busted Crown"],"picked":"SacredBark"}],"items_purged_floors":[],"is_endless":false,"potions_floor_spawned":[1,3,7,16,20,28,29,30,33,36,38,41,45,48],"ascension_level":0}}