{"host":"3a1ypf1irl30q4k8","time":1608501163,"event":{"mods":["AchievementEnabler","BaseMod","Bestiary","Colored Map","Minty Spire (QoL Compilation)","Relic Stats"],"gold_per_floor":[113,129,143,20,35,67,78,78,78,136,136,153,153,53,53,152,152,172,172,191,46,58,58,75,91,91,109,109,120,138,152,152,251,251,261,278,278,294,294,294,28,53,100,100,100,100,112,112,112,112],"floor_reached":51,"playtime":3532,"items_purged":["Strike_G","Parasite"],"score":1038,"play_id":"53806988-0ef9-47c2-86fa-6fbc7f10abb7","local_time":"20201220215243","is_ascension_mode":true,"campfire_choices":[{"floor":8,"key":"REST"},{"data":"Crippling Poison","floor":15,"key":"SMITH"},{"data":"Dash","floor":23,"key":"SMITH"},{"floor":28,"key":"REST"},{"floor":32,"key":"REST"},{"data":"After Image","floor":40,"key":"SMITH"},{"floor":44,"key":"REST"},{"floor":49,"key":"REST"}],"circlet_count":0,"master_deck":["AscendersBane","Strike_G","Strike_G+1","Strike_G","Strike_G","Defend_G","Defend_G","Defend_G","Defend_G","Defend_G","Survivor","Neutralize","Crippling Poison+1","Dash+1","Backflip","Flying Knee","Poisoned Stab+1","Backflip","Malaise","Pain","Acrobatics","Terror","Acrobatics","Footwork","Prepared+1","Footwork","After Image+1","PiercingWail+1","Crippling Poison","Underhanded Strike+1","Noxious Fumes+1","Normality"],"relics":["Sozu","Singing Bowl","Tough Bandages","Mummified Hand","Velvet Choker","WarpedTongs","Lee\u0027s Waffle","Molten Egg 2","Cursed Key","Whetstone","Du-Vu Doll","PreservedInsect"],"acts_visited":["Exordium","TheCity","TheBeyond"],"potions_floor_usage":[],"damage_taken":[{"damage":7,"enemies":"Jaw Worm","floor":1,"turns":5},{"damage":6,"enemies":"2 Louse","floor":2,"turns":4},{"damage":0,"enemies":"Small Slimes","floor":3,"turns":4},{"damage":0,"enemies":"Exordium Wildlife","floor":5,"turns":3},{"damage":16,"enemies":"Gremlin Nob","floor":6,"turns":6},{"damage":3,"enemies":"Gremlin Gang","floor":7,"turns":5},{"damage":9,"enemies":"Lots of Slimes","floor":12,"turns":3},{"damage":27,"enemies":"Hexaghost","floor":16,"turns":13},{"damage":6,"enemies":"2 Thieves","floor":18,"turns":4},{"damage":5,"enemies":"Spheric Guardian","floor":20,"turns":4},{"damage":9,"enemies":"Snake Plant","floor":22,"turns":6},{"damage":17,"enemies":"Centurion and Healer","floor":24,"turns":7},{"damage":22,"enemies":"3 Cultists","floor":25,"turns":7},{"damage":17,"enemies":"Sentry and Sphere","floor":27,"turns":8},{"damage":11,"enemies":"Centurion and Healer","floor":29,"turns":7},{"damage":2,"enemies":"Cultist and Chosen","floor":30,"turns":7},{"damage":6,"enemies":"Snecko","floor":31,"turns":6},{"damage":44,"enemies":"Champ","floor":33,"turns":18},{"damage":4,"enemies":"3 Darklings","floor":35,"turns":6},{"damage":12,"enemies":"3 Shapes","floor":36,"turns":8},{"damage":39,"enemies":"Sphere and 2 Shapes","floor":38,"turns":11},{"damage":47,"enemies":"Giant Head","floor":42,"turns":12},{"damage":7,"enemies":"Transient","floor":47,"turns":5},{"damage":54,"enemies":"Awakened One","floor":50,"turns":16}],"seed_played":"2298310596655457104","potions_obtained":[],"is_trial":false,"path_per_floor":["M","M","M","$","M","E","M","R","T","?","?","M","?","$","R","B",null,"M","?","M","$","M","R","M","M","T","M","R","M","M","M","R","B",null,"M","M","?","M","?","R","$","E","T","R","?","$","M","$","R","B",null],"character_chosen":"THE_SILENT","items_purchased":["Backflip","Lee\u0027s Waffle","Whetstone","Crippling Poison","Underhanded Strike+1"],"campfire_rested":5,"item_purchase_floors":[4,21,41,41,41],"current_hp_per_floor":[56,50,50,50,50,34,31,52,52,52,52,45,63,63,63,36,61,57,57,52,78,69,69,52,32,32,15,39,30,28,22,46,2,62,60,50,50,11,75,75,75,28,28,50,50,50,45,45,68,14],"gold":112,"neow_bonus":"BOSS_RELIC","is_daily":false,"chose_seed":false,"campfire_upgraded":3,"win_rate":0.0,"timestamp":1608501163,"path_taken":["M","M","M","$","M","E","M","R","T","?","?","M","?","$","R","BOSS","M","?","?","$","M","R","M","M","T","M","R","M","M","M","R","BOSS","M","?","?","M","?","R","$","E","T","R","?","$","M","$","R","BOSS"],"items_purchased_type":["Card","Relic","Relic","Card","Card"],"build_version":"2020-12-13","purchased_purges":2,"victory":true,"max_hp_per_floor":[70,70,70,70,70,70,70,70,70,70,70,72,72,69,69,69,69,71,71,71,78,78,78,78,80,80,80,80,82,82,82,82,82,82,84,86,86,86,75,75,75,75,75,75,75,75,77,77,77,77],"relic_stats":{"Sozu":12,"Tough Bandages":[342],"Lee\u0027s Waffle":26,"Singing Bowl":14,"counters":[24,175],"Mummified Hand":[27],"PreservedInsect":0,"Whetstone":["Poisoned Stab","Strike_G"],"Cursed Key":1,"obtain_stats":[{"Lee\u0027s Waffle":21,"Singing Bowl":6,"Velvet Choker":17,"PreservedInsect":43,"Whetstone":41,"Cursed Key":34,"WarpedTongs":19,"Sozu":0,"Du-Vu Doll":42,"Tough Bandages":9,"Mummified Hand":11,"Molten Egg 2":26,"Ring of the Snake":0},{"Lee\u0027s Waffle":10,"Singing Bowl":5,"Velvet Choker":8,"PreservedInsect":22,"Whetstone":21,"Cursed Key":18,"WarpedTongs":9,"Sozu":0,"Du-Vu Doll":22,"Tough Bandages":6,"Mummified Hand":6,"Molten Egg 2":13,"Ring of the Snake":0},{"Lee\u0027s Waffle":51,"Singing Bowl":22,"Velvet Choker":43,"PreservedInsect":154,"Whetstone":142,"Cursed Key":117,"WarpedTongs":47,"Sozu":0,"Du-Vu Doll":154,"Tough Bandages":27,"Mummified Hand":27,"Molten Egg 2":71,"Ring of the Snake":0}],"WarpedTongs":[125]},"card_choices":[{"not_picked":["Deflect","Bane"],"picked":"Sucker Punch","floor":1},{"not_picked":["Catalyst","Sucker Punch"],"picked":"Crippling Poison","floor":2},{"not_picked":["Accuracy","Crippling Poison"],"picked":"Dash","floor":3},{"not_picked":["Bane","Masterful Stab"],"picked":"Flying Knee","floor":5},{"not_picked":["Choke","Flying Knee"],"picked":"Poisoned Stab","floor":6},{"not_picked":["Tactician","Distraction"],"picked":"Backflip","floor":7},{"not_picked":["Masterful Stab","Tactician","All Out Attack"],"picked":"Singing Bowl","floor":12},{"not_picked":["Die Die Die","Storm of Steel"],"picked":"Malaise","floor":16},{"not_picked":["Reflex","Quick Slash","Dagger Throw"],"picked":"Singing Bowl","floor":18},{"not_picked":["Flechettes","Tactician"],"picked":"Acrobatics","floor":20},{"not_picked":["Bouncing Flask","Tactician"],"picked":"Terror","floor":22},{"not_picked":["Slice","Expertise"],"picked":"Acrobatics","floor":24},{"not_picked":["Flechettes","Endless Agony","Bane"],"picked":"Singing Bowl","floor":25},{"not_picked":["Backstab+1","All Out Attack+1"],"picked":"Footwork","floor":27},{"not_picked":["Sucker Punch+1","Bane+1","Cloak And Dagger"],"picked":"Singing Bowl","floor":29},{"not_picked":["Choke+1","Escape Plan"],"picked":"Prepared+1","floor":30},{"not_picked":["Storm of Steel","Underhanded Strike+1"],"picked":"Footwork","floor":31},{"not_picked":["Envenom","Venomology"],"picked":"After Image","floor":33},{"not_picked":["Slice+1","Bane+1","Flechettes+1"],"picked":"Singing Bowl","floor":35},{"not_picked":["Catalyst","Underhanded Strike+1","Expertise"],"picked":"Singing Bowl","floor":36},{"not_picked":["Flying Knee+1","Slice+1"],"picked":"PiercingWail+1","floor":38},{"not_picked":["Quick Slash+1","Bane+1"],"picked":"Noxious Fumes+1","floor":42},{"not_picked":["Eviscerate+1","Dagger Spray+1","Setup+1"],"picked":"Singing Bowl","floor":47}],"player_experience":861582,"relics_obtained":[{"floor":6,"key":"Singing Bowl"},{"floor":9,"key":"Tough Bandages"},{"floor":26,"key":"Molten Egg 2"},{"floor":42,"key":"Du-Vu Doll"},{"floor":43,"key":"PreservedInsect"}],"event_choices":[{"damage_healed":0,"gold_gain":58,"player_choice":"Gained Gold","damage_taken":0,"max_hp_gain":0,"max_hp_loss":0,"event_name":"Golden Wing","floor":10,"gold_loss":0},{"damage_healed":0,"gold_gain":0,"player_choice":"Searched \u00271\u0027 times","damage_taken":0,"relics_obtained":["Mummified Hand"],"max_hp_gain":0,"max_hp_loss":0,"event_name":"Dead Adventurer","floor":11,"gold_loss":0},{"damage_healed":18,"gold_gain":0,"player_choice":"Healed and dodged fight","damage_taken":0,"max_hp_gain":0,"max_hp_loss":0,"event_name":"Mushrooms","floor":13,"gold_loss":0,"cards_obtained":["Parasite"]},{"damage_healed":0,"gold_gain":0,"player_choice":"Rummage","damage_taken":0,"relics_obtained":["WarpedTongs"],"max_hp_gain":0,"max_hp_loss":0,"event_name":"Accursed Blacksmith","floor":19,"gold_loss":0,"cards_obtained":["Pain"]},{"cards_removed":["Sucker Punch"],"damage_healed":0,"gold_gain":0,"player_choice":"Removed Attack","damage_taken":0,"max_hp_gain":0,"max_hp_loss":0,"event_name":"Falling","floor":37,"gold_loss":0},{"damage_healed":75,"gold_gain":0,"player_choice":"Heal","damage_taken":0,"max_hp_gain":0,"max_hp_loss":11,"event_name":"The Moai Head","floor":39,"gold_loss":0},{"damage_healed":0,"gold_gain":0,"player_choice":"Ignored","damage_taken":0,"max_hp_gain":0,"max_hp_loss":0,"event_name":"Mysterious Sphere","floor":45,"gold_loss":0}],"is_beta":false,"boss_relics":[{"not_picked":["Calling Bell","SlaversCollar"],"picked":"Velvet Choker"},{"not_picked":["Busted Crown","WristBlade"],"picked":"Cursed Key"}],"items_purged_floors":[4,14],"is_endless":false,"potions_floor_spawned":[5,6,7,12,22,25,27,30,33,36,38,47],"ascension_level":12}}