{"host":"rygf0m8z92bga31f","time":1608505520,"event":{"mods":["BaseMod","Bestiary","Colored Powertips","Filter the Spire","Minty Spire (QoL Compilation)","Rare Cards Sparkle","Relic Stats","StSLib","Waifu the Spire"],"gold_per_floor":[116,127,137,137,137,137,62,62,88,88,114,114,129,159,159,254,254,267,282,282,293,303,303,59,84,109,109,135,145,172,272,272,376,376,394,405,415,290,79,114,129,157,181,181,181,209,223,223,223,223,223,223,31,66,66],"floor_reached":56,"playtime":2043,"items_purged":["Regret","Strike_R","Strike_R"],"score":1429,"play_id":"13993c46-d87b-467a-97b4-d6b6e39cd4f4","local_time":"20201221010520","is_ascension_mode":true,"campfire_choices":[{"data":"Clothesline","floor":6,"key":"SMITH"},{"data":"Bash","floor":8,"key":"SMITH"},{"data":"Anger","floor":10,"key":"SMITH"},{"data":"Juggernaut","floor":15,"key":"SMITH"},{"data":"Feed","floor":23,"key":"SMITH"},{"data":"Juggernaut","floor":32,"key":"SMITH"},{"data":"Barricade","floor":44,"key":"SMITH"},{"floor":49,"key":"RECALL"},{"data":"Feel No Pain","floor":52,"key":"SMITH"}],"circlet_count":0,"master_deck":["Strike_R","Defend_R","Defend_R","Defend_R","Defend_R","Bash+1","Clothesline+1","Anger+1","Metallicize+1","Shrug It Off","Juggernaut+1","Carnage","Feed+1","Juggernaut+1","Whirlwind+1","Warcry+1","Feed","Immolate","Barricade+1","Body Slam","Corruption","Feel No Pain+1","Reaper","Reaper","Ghostly Armor+1","Rage+1","Evolve+1","Cleave","Flex+1","Spot Weakness+1","Metallicize+1","Flame Barrier","Shockwave+1"],"relics":["Coffee Dripper","Pen Nib","MealTicket","Lizard Tail","Regal Pillow","Velvet Choker","Potion Belt","Strawberry","Red Skull","Ancient Tea Set","Pantograph","Runic Pyramid","Prayer Wheel","Gambling Chip","Darkstone Periapt","Medical Kit","Vajra"],"acts_visited":["Exordium","TheCity","TheBeyond","TheEnding"],"potions_floor_usage":[25,30,40,40,42,50,55,55],"damage_taken":[{"damage":0,"enemies":"2 Louse","floor":1,"turns":4},{"damage":1,"enemies":"Jaw Worm","floor":2,"turns":2},{"damage":0,"enemies":"Cultist","floor":3,"turns":2},{"damage":5,"enemies":"Lagavulin","floor":11,"turns":4},{"damage":3,"enemies":"Large Slime","floor":13,"turns":4},{"damage":5,"enemies":"3 Sentries","floor":14,"turns":5},{"damage":0,"enemies":"Slime Boss","floor":16,"turns":6},{"damage":6,"enemies":"Spheric Guardian","floor":18,"turns":3},{"damage":2,"enemies":"Chosen","floor":19,"turns":3},{"damage":19,"enemies":"Sentry and Sphere","floor":21,"turns":4},{"damage":4,"enemies":"Snecko","floor":22,"turns":4},{"damage":8,"enemies":"Gremlin Leader","floor":25,"turns":5},{"damage":21,"enemies":"Book of Stabbing","floor":28,"turns":5},{"damage":13,"enemies":"Snake Plant","floor":29,"turns":4},{"damage":2,"enemies":"Gremlin Leader","floor":30,"turns":6},{"damage":35,"enemies":"Champ","floor":33,"turns":8},{"damage":24,"enemies":"3 Shapes","floor":35,"turns":4},{"damage":6,"enemies":"3 Darklings","floor":36,"turns":3},{"damage":3,"enemies":"Transient","floor":37,"turns":5},{"damage":51,"enemies":"Reptomancer","floor":40,"turns":6},{"damage":21,"enemies":"Jaw Worm Horde","floor":41,"turns":3},{"damage":10,"enemies":"Giant Head","floor":42,"turns":6},{"damage":43,"enemies":"Nemesis","floor":46,"turns":7},{"damage":26,"enemies":"Writhing Mass","floor":47,"turns":6},{"damage":41,"enemies":"Time Eater","floor":50,"turns":10},{"damage":54,"enemies":"Shield and Spear","floor":54,"turns":6},{"damage":112,"enemies":"The Heart","floor":55,"turns":9}],"seed_played":"9101376863260306850","potions_obtained":[{"floor":3,"key":"Block Potion"},{"floor":14,"key":"BlessingOfTheForge"},{"floor":22,"key":"DistilledChaos"},{"floor":25,"key":"SpeedPotion"},{"floor":29,"key":"HeartOfIron"},{"floor":35,"key":"Swift Potion"},{"floor":36,"key":"Block Potion"},{"floor":46,"key":"GamblersBrew"},{"floor":54,"key":"SmokeBomb"}],"is_trial":false,"path_per_floor":["M","M","M","?","?","R","$","R","T","R","E","?","M","E","R","B",null,"M","M","?","M","M","R","$","E","T","?","E","M","E","?","R","B",null,"M","M","M","$","$","E","M","E","T","R","?","E","M","?","R","B",null,"R","$","E","B",null],"character_chosen":"IRONCLAD","items_purchased":["Potion Belt","Feel No Pain","Reaper","Medical Kit","Flame Barrier"],"campfire_rested":0,"item_purchase_floors":[24,39,39,53,53],"current_hp_per_floor":[80,79,79,79,79,79,79,79,79,79,74,74,71,66,66,66,80,77,75,75,59,55,55,70,73,73,73,56,46,48,48,48,38,108,87,81,78,93,108,57,36,57,57,57,57,28,24,24,24,45,123,123,123,107,42],"gold":66,"neow_bonus":"BOSS_RELIC","is_daily":false,"chose_seed":false,"campfire_upgraded":8,"win_rate":0.0,"timestamp":1608505520,"path_taken":["M","M","M","?","?","R","?","R","T","R","E","?","M","E","R","BOSS","M","M","?","M","M","R","$","E","T","?","E","?","E","?","R","BOSS","M","?","M","?","$","E","M","E","T","R","?","E","?","?","R","BOSS","R","$","E","BOSS"],"items_purchased_type":["Relic","Card","Card","Relic","Card"],"build_version":"2020-12-13","purchased_purges":3,"victory":true,"max_hp_per_floor":[80,80,80,80,80,80,80,80,80,80,80,80,80,80,80,80,80,83,83,83,86,86,86,86,97,97,97,101,104,108,108,108,108,108,111,111,111,111,111,111,111,111,111,111,111,115,119,119,119,123,123,123,123,123,123],"relic_stats":{"Darkstone Periapt":0,"Lizard Tail":0,"Regal Pillow":0,"counters":[27,134],"Pantograph":66,"Gambling Chip":[21],"MealTicket":45,"Prayer Wheel":2,"Pen Nib":[23],"Medical Kit":[3],"obtain_stats":[{"Potion Belt":24,"Darkstone Periapt":46,"Regal Pillow":14,"Velvet Choker":17,"Vajra":54,"Pen Nib":4,"Ancient Tea Set":28,"Medical Kit":53,"Burning Blood":0,"Lizard Tail":11,"Strawberry":25,"Pantograph":30,"Gambling Chip":42,"MealTicket":9,"Prayer Wheel":40,"Coffee Dripper":0,"Red Skull":26,"Runic Pyramid":34},{"Potion Belt":11,"Darkstone Periapt":23,"Regal Pillow":6,"Velvet Choker":7,"Vajra":26,"Pen Nib":3,"Ancient Tea Set":13,"Medical Kit":25,"Burning Blood":0,"Lizard Tail":4,"Strawberry":12,"Pantograph":15,"Gambling Chip":22,"MealTicket":3,"Prayer Wheel":20,"Coffee Dripper":0,"Red Skull":12,"Runic Pyramid":16},{"Potion Belt":41,"Darkstone Periapt":103,"Regal Pillow":21,"Velvet Choker":27,"Vajra":125,"Pen Nib":8,"Ancient Tea Set":51,"Medical Kit":119,"Burning Blood":0,"Lizard Tail":12,"Strawberry":46,"Pantograph":61,"Gambling Chip":96,"MealTicket":8,"Prayer Wheel":87,"Coffee Dripper":0,"Red Skull":46,"Runic Pyramid":69}]},"card_choices":[{"not_picked":["True Grit","Rage"],"picked":"Clothesline","floor":1},{"not_picked":["Infernal Blade","Flex"],"picked":"Anger","floor":2},{"not_picked":["True Grit","Thunderclap"],"picked":"Metallicize","floor":3},{"not_picked":["Havoc","Sword Boomerang"],"picked":"Shrug It Off","floor":11},{"not_picked":["Inflame","Iron Wave"],"picked":"Juggernaut","floor":13},{"not_picked":["Wild Strike","Inflame"],"picked":"Carnage","floor":14},{"not_picked":["Double Tap","Offering"],"picked":"Feed","floor":16},{"not_picked":["Dark Embrace","Heavy Blade","Body Slam"],"picked":"SKIP","floor":18},{"not_picked":["Iron Wave","Dual Wield"],"picked":"Juggernaut","floor":19},{"not_picked":["True Grit","Clash+1"],"picked":"Whirlwind+1","floor":21},{"not_picked":["Thunderclap","Rampage","Wild Strike"],"picked":"SKIP","floor":22},{"not_picked":["Fire Breathing","Pummel"],"picked":"Warcry+1","floor":25},{"not_picked":["Flex+1","Second Wind"],"picked":"Feed","floor":28},{"not_picked":["Warcry","Bloodletting","Second Wind"],"picked":"SKIP","floor":29},{"not_picked":["Hemokinesis","Twin Strike"],"picked":"Immolate","floor":30},{"not_picked":["Berserk","Demon Form"],"picked":"Barricade","floor":33},{"not_picked":["Anger+1","Warcry+1","Clothesline"],"picked":"SKIP","floor":35},{"not_picked":["Flex","Hemokinesis+1"],"picked":"Body Slam","floor":36},{"not_picked":["Armaments","Havoc"],"picked":"Corruption","floor":37},{"not_picked":["Intimidate+1","True Grit"],"picked":"Reaper","floor":40},{"not_picked":["Twin Strike+1","Searing Blow"],"picked":"Ghostly Armor+1","floor":41},{"not_picked":["Clothesline","Body Slam"],"picked":"Rage+1","floor":41},{"not_picked":["Clash+1","Iron Wave"],"picked":"Evolve+1","floor":42},{"not_picked":["Dropkick+1","Iron Wave"],"picked":"Flex+1","floor":46},{"not_picked":["Heavy Blade","Blood for Blood"],"picked":"Spot Weakness+1","floor":47},{"not_picked":["Fire Breathing+1","Power Through+1"],"picked":"Metallicize+1","floor":47},{"not_picked":["Carnage+1","Flex+1"],"picked":"Shockwave+1","floor":54}],"player_experience":1828657,"relics_obtained":[{"floor":9,"key":"MealTicket"},{"floor":11,"key":"Lizard Tail"},{"floor":14,"key":"Regal Pillow"},{"floor":25,"key":"Strawberry"},{"floor":26,"key":"Red Skull"},{"floor":28,"key":"Ancient Tea Set"},{"floor":30,"key":"Pantograph"},{"floor":40,"key":"Prayer Wheel"},{"floor":42,"key":"Gambling Chip"},{"floor":46,"key":"Darkstone Periapt"},{"floor":54,"key":"Vajra"}],"event_choices":[{"damage_healed":0,"gold_gain":0,"player_choice":"Box","damage_taken":0,"relics_obtained":["Pen Nib"],"max_hp_gain":0,"max_hp_loss":0,"event_name":"Big Fish","floor":4,"gold_loss":0,"cards_obtained":["Regret"]},{"damage_healed":0,"gold_gain":0,"player_choice":"Ignored","damage_taken":0,"max_hp_gain":0,"max_hp_loss":0,"event_name":"Liars Game","floor":5,"gold_loss":0},{"damage_healed":0,"gold_gain":0,"player_choice":"Upgraded","damage_taken":0,"max_hp_gain":0,"max_hp_loss":0,"event_name":"Upgrade Shrine","floor":12,"gold_loss":0,"cards_upgraded":["Metallicize"]},{"damage_healed":0,"gold_gain":0,"player_choice":"Ignored","damage_taken":0,"max_hp_gain":0,"max_hp_loss":0,"event_name":"Ghosts","floor":20,"gold_loss":0},{"damage_healed":0,"gold_gain":0,"cards_transformed":["Strike_R"],"player_choice":"Transformed","damage_taken":0,"max_hp_gain":0,"max_hp_loss":0,"event_name":"Transmorgrifier","floor":27,"gold_loss":0,"cards_obtained":["Bloodletting"]},{"damage_healed":0,"gold_gain":100,"player_choice":"Pray","damage_taken":0,"max_hp_gain":0,"max_hp_loss":0,"event_name":"Golden Shrine","floor":31,"gold_loss":0},{"damage_healed":0,"gold_gain":0,"cards_transformed":["Strike_R"],"player_choice":"Transformed","damage_taken":0,"max_hp_gain":0,"max_hp_loss":0,"event_name":"Transmorgrifier","floor":45,"gold_loss":0,"cards_obtained":["Cleave"]},{"cards_removed":["Bloodletting"],"damage_healed":0,"gold_gain":0,"player_choice":"Removed Skill","damage_taken":0,"max_hp_gain":0,"max_hp_loss":0,"event_name":"Falling","floor":48,"gold_loss":0}],"is_beta":false,"boss_relics":[{"not_picked":["Busted Crown","Runic Cube"],"picked":"Velvet Choker"},{"not_picked":["Calling Bell","Fusion Hammer"],"picked":"Runic Pyramid"}],"items_purged_floors":[7,24,38],"is_endless":false,"potions_floor_spawned":[3,14,22,25,29,35,36,46,54],"ascension_level":1}}