{"host":"newqdrzxfhh2im9e","time":1608484771,"event":{"mods":["AchievementEnabler","BaseMod","BetterRewards","Block Reminder","Colored Map","Jorbs\u0027s Wanderer Trilogy","Minty Spire (QoL Compilation)","Rare Cards Sparkle","Shop Mod","StSLib"],"gold_per_floor":[119,132,132,307,307,307,333,271,319,319,332,342,342,41,41,137,137,155,0,0,15,15,15,35,35,35],"floor_reached":25,"playtime":787,"items_purged":[],"score":209,"play_id":"6be73f09-fa12-48b0-bb76-b120ab0db7ad","local_time":"20201220091931","is_ascension_mode":true,"campfire_choices":[{"data":"Aggregate","floor":6,"key":"SMITH"},{"floor":10,"key":"REST"},{"floor":13,"key":"REST"},{"floor":15,"key":"REST"},{"floor":23,"key":"REST"}],"circlet_count":0,"master_deck":["Strike_B","Strike_B","Strike_B","Strike_B","Defend_B","Defend_B","Defend_B","Defend_B","Zap","Dualcast","Amplify+1","Aggregate+1","Loop","Leap","Sadistic Nature","Heatsinks","Rip and Tear","Echo Form","Sweeping Beam","Glacier"],"relics":["Cracked Core","Lizard Tail","Torii","Omamori","SlaversCollar","Orichalcum","Vajra"],"acts_visited":["Exordium","TheCity"],"potions_floor_usage":[7,11,21,21,21,24],"damage_taken":[{"damage":0,"enemies":"Small Slimes","floor":1,"turns":3},{"damage":0,"enemies":"2 Louse","floor":2,"turns":3},{"damage":43,"enemies":"Gremlin Nob","floor":7,"turns":6},{"damage":6,"enemies":"Cultist","floor":11,"turns":3},{"damage":14,"enemies":"Exordium Wildlife","floor":12,"turns":3},{"damage":57,"enemies":"The Guardian","floor":16,"turns":16},{"damage":42,"enemies":"Shell Parasite","floor":18,"turns":8},{"damage":20,"enemies":"3 Byrds","floor":21,"turns":4},{"damage":54,"enemies":"Shelled Parasite and Fungi","floor":24,"turns":9},{"damage":22,"enemies":"Centurion and Healer","floor":25,"turns":5}],"seed_played":"-1624522469351783770","potions_obtained":[{"floor":2,"key":"Regen Potion"},{"floor":7,"key":"DistilledChaos"},{"floor":18,"key":"EntropicBrew"}],"is_trial":false,"path_per_floor":["M","M","?","?","?","R","E","?","T","R","M","M","R","$","R","B",null,"M","$","$","M","?","R","M","M"],"character_chosen":"DEFECT","items_purchased":["Sadistic Nature","Heatsinks","Rip and Tear","Orichalcum"],"campfire_rested":4,"item_purchase_floors":[14,14,14,19],"current_hp_per_floor":[54,54,54,54,47,47,19,19,19,41,35,21,43,43,65,8,75,33,33,33,13,13,35,19,0,0],"gold":35,"neow_bonus":"THREE_RARE_CARDS","is_daily":false,"chose_seed":false,"campfire_upgraded":1,"win_rate":0.0,"timestamp":1608484771,"path_taken":["M","M","?","?","?","R","E","?","T","R","M","M","R","$","R","BOSS","M","?","$","M","?","R","M","M"],"items_purchased_type":["Card","Card","Card","Relic"],"build_version":"2020-12-13","purchased_purges":0,"victory":false,"max_hp_per_floor":[75,75,75,75,75,75,75,75,75,75,75,75,75,75,75,75,75,75,75,75,75,75,75,75,75,75],"card_choices":[{"not_picked":["Reboot","Seek"],"picked":"Amplify","floor":0},{"not_picked":["Stack","Hologram","Steam"],"picked":"SKIP","floor":1},{"not_picked":["Hologram","Streamline"],"picked":"Aggregate","floor":2},{"not_picked":["Gash","Barrage"],"picked":"Loop","floor":7},{"not_picked":["Compile Driver","Aggregate","Go for the Eyes"],"picked":"SKIP","floor":11},{"not_picked":["Beam Cell","Rebound"],"picked":"Leap","floor":12},{"not_picked":["Thunder Strike","Buffer"],"picked":"Echo Form","floor":16},{"not_picked":["Beam Cell","Hologram"],"picked":"Sweeping Beam","floor":18},{"not_picked":["Beam Cell","Redo"],"picked":"Glacier","floor":21},{"not_picked":["Hologram+1","Barrage","Streamline"],"picked":"SKIP","floor":24}],"player_experience":619160,"relics_obtained":[{"floor":7,"key":"Lizard Tail"},{"floor":9,"key":"Omamori"}],"event_choices":[{"damage_healed":0,"gold_gain":0,"player_choice":"Grow","damage_taken":0,"max_hp_gain":0,"max_hp_loss":0,"event_name":"Living Wall","floor":3,"gold_loss":0,"cards_upgraded":["Amplify"]},{"damage_healed":0,"gold_gain":175,"player_choice":"AGREE","damage_taken":0,"max_hp_gain":0,"max_hp_loss":0,"event_name":"Liars Game","floor":4,"gold_loss":0,"cards_obtained":["Doubt"]},{"cards_removed":["Doubt"],"damage_healed":0,"gold_gain":0,"player_choice":"Card Removal","damage_taken":7,"max_hp_gain":0,"max_hp_loss":0,"event_name":"Golden Wing","floor":5,"gold_loss":0},{"damage_healed":0,"gold_gain":0,"player_choice":"Paid Gold","damage_taken":0,"relics_obtained":["Torii"],"max_hp_gain":0,"max_hp_loss":0,"event_name":"WeMeetAgain","floor":8,"gold_loss":62},{"damage_healed":0,"gold_gain":0,"player_choice":"Stole Relic","damage_taken":0,"relics_obtained":["Vajra"],"max_hp_gain":0,"max_hp_loss":0,"event_name":"Addict","floor":22,"gold_loss":0,"cards_obtained":["Shame"]}],"is_beta":false,"boss_relics":[{"not_picked":["SacredBark","Coffee Dripper"],"picked":"SlaversCollar"}],"items_purged_floors":[],"is_endless":false,"potions_floor_spawned":[2,7,18],"killed_by":"Centurion and Healer","ascension_level":1}}