{"host":"i9wanet4r0ff4t9y","time":1608504925,"event":{"mods":["2.2 Compatiblity","Act Like it!","BaseMod","Bestiary","Better Altar","Better Match","Better Note","Better Sensory Stone","Better Skull","Better Third Choice","Better Vampires","BetterRewards","CapriCore","Curses Come First","Downfall","Minty Spire (QoL Compilation)","Quick Restart","READ ME - Guardian Mod","READ ME - Snecko Mod","Relic Stats","Replay The Spire","Say the Spire","Spicy Shops","StSLib","The Disciple","Waifu the Spire"],"gold_per_floor":[99,99,124,143,143,143,143,68,53,80,94,94,79,97,107,107,107],"floor_reached":16,"playtime":600,"items_purged":[],"score":133,"play_id":"3b1d24bb-7f47-4321-8db3-1b215c713f21","local_time":"20201220235525","is_ascension_mode":false,"campfire_choices":[{"data":"sneckomod:UnknownClassGREEN","floor":1,"key":"SMITH"},{"data":"sneckomod:Unknown","floor":5,"key":"SMITH"},{"floor":8,"key":"RECALL"}],"circlet_count":0,"master_deck":["sneckomod:Strike","sneckomod:Strike","sneckomod:Strike","sneckomod:Defend","sneckomod:Defend","sneckomod:TailWhip","sneckomod:SnekBite+1","sneckomod:Unknown","sneckomod:Unknown+1","sneckomod:UnknownClassGREEN+1","Allegro","sneckomod:UnknownStrike","sneckomod:SnekBeam","Regret","sneckomod:UnknownClassGREEN","sneckomod:UnlimitedRolls","sneckomod:UnknownUncommonPower","Voices","sneckomod:CheapStock","sneckomod:Unknown1Cost","sneckomod:UnknownUncommonSkill"],"relics":["sneckomod:SneckoSoul","Ginger","TungstenRod","downfall:HeartBlessingBlue","Smiling Mask","Ring of Peace","Ring of Fury"],"acts_visited":["Exordium"],"potions_floor_usage":[10,16,16,16],"damage_taken":[{"damage":26,"enemies":"3 Sentries","floor":3,"turns":7},{"damage":0,"enemies":"2 Louse","floor":4,"turns":2},{"damage":6,"enemies":"downfall:FleeingMerchant","floor":9,"turns":4},{"damage":11,"enemies":"Gremlin Nob","floor":10,"turns":3},{"damage":1,"enemies":"Cultist","floor":11,"turns":2},{"damage":3,"enemies":"downfall:FleeingMerchant","floor":13,"turns":4},{"damage":6,"enemies":"Small Slimes","floor":14,"turns":2},{"damage":5,"enemies":"3 Louse","floor":15,"turns":4},{"damage":54,"enemies":"downfall:Defect","floor":16,"turns":6}],"seed_played":"1763634953803287305","potions_obtained":[{"floor":3,"key":"DistilledChaos"},{"floor":10,"key":"BlessingOfTheForge"},{"floor":14,"key":"Fire Potion"},{"floor":15,"key":"FearPotion"}],"is_trial":false,"path_per_floor":["R","?","E","M","R","?","T","R","$","E","M","?","$","M","M","B"],"character_chosen":"THE_SNECKO","items_purchased":[],"campfire_rested":0,"item_purchase_floors":[],"current_hp_per_floor":[91,91,66,66,66,66,66,76,75,64,64,64,61,56,52,0,0],"gold":107,"neow_bonus":"TRANSFORM_CARD","is_daily":false,"chose_seed":false,"campfire_upgraded":2,"win_rate":0.0,"timestamp":1608504925,"path_taken":["R","?","E","M","R","?","T","R","$","E","M","?","?","M","M","BOSS"],"items_purchased_type":[],"build_version":"2020-12-13","purchased_purges":0,"victory":false,"max_hp_per_floor":[91,91,92,92,92,92,92,102,103,103,104,104,104,105,106,106,106],"relic_stats":{"counters":[9,34],"Ginger":[22],"Smiling Mask":0,"obtain_stats":[{"downfall:HeartBlessingBlue":8,"Ring of Peace":12,"Ring of Fury":12,"Ginger":3,"sneckomod:SneckoSoul":0,"Smiling Mask":10,"TungstenRod":6},{"downfall:HeartBlessingBlue":2,"Ring of Peace":5,"Ring of Fury":5,"Ginger":1,"sneckomod:SneckoSoul":0,"Smiling Mask":4,"TungstenRod":2},{"downfall:HeartBlessingBlue":9,"Ring of Peace":18,"Ring of Fury":18,"Ginger":7,"sneckomod:SneckoSoul":0,"Smiling Mask":16,"TungstenRod":9}],"TungstenRod":27},"card_choices":[{"not_picked":["sneckomod:UnknownBlock","sneckomod:DiceBlock"],"picked":"sneckomod:UnknownStrike","floor":3},{"not_picked":["sneckomod:UnknownClassGREEN","sneckomod:IronFang"],"picked":"sneckomod:SnekBeam","floor":4},{"not_picked":["sneckomod:IronFang","sneckomod:UnknownWeak"],"picked":"sneckomod:UnknownClassGREEN","floor":9},{"not_picked":["sneckomod:UnknownClassGUARDIAN","sneckomod:UnknownVulnerable"],"picked":"sneckomod:UnlimitedRolls","floor":10},{"not_picked":["sneckomod:SoulDraw","sneckomod:UnknownExhaust"],"picked":"sneckomod:UnknownUncommonPower","floor":11},{"not_picked":["sneckomod:SoulExchange","sneckomod:UnknownClassCHRONO_GOLD"],"picked":"sneckomod:CheapStock","floor":13},{"not_picked":["sneckomod:SoulDraw","sneckomod:DiceBlock"],"picked":"sneckomod:Unknown1Cost","floor":14},{"not_picked":["sneckomod:Unknown1Cost","sneckomod:Nope"],"picked":"sneckomod:UnknownUncommonSkill","floor":15}],"player_experience":386452,"relics_obtained":[{"floor":3,"key":"Ginger"},{"floor":10,"key":"Smiling Mask"},{"floor":12,"key":"Ring of Peace"},{"floor":12,"key":"Ring of Fury"}],"event_choices":[{"damage_healed":0,"gold_gain":0,"player_choice":"Box","damage_taken":0,"relics_obtained":["TungstenRod"],"max_hp_gain":0,"max_hp_loss":0,"event_name":"Big Fish","floor":6,"gold_loss":0,"cards_obtained":["Regret"]}],"is_beta":false,"boss_relics":[],"items_purged_floors":[],"is_endless":false,"potions_floor_spawned":[3,10,14,15],"killed_by":"downfall:Defect","ascension_level":0}}