{"host":"6ve8qn5s1am4lo6s","time":1608433494,"event":{"mods":["AchievementEnabler","BaseMod","BetterRewards","Friendly Minions","GifTheSpireLib","Minty Spire (QoL Compilation)","Permanent Neow","Relic Stats","StSLib"],"gold_per_floor":[110,123,123,141,141,141,19,19,19,19,19,19],"floor_reached":11,"playtime":665,"items_purged":["Defend_P"],"score":61,"play_id":"59e779a8-c937-4b9d-a78e-dece1741b524","local_time":"20201219220454","is_ascension_mode":false,"campfire_choices":[{"floor":6,"key":"RECALL"},{"data":"Study","floor":8,"key":"SMITH"},{"data":"Evaluate","floor":10,"key":"SMITH"}],"circlet_count":0,"master_deck":["Strike_P","Strike_P","Defend_P","Defend_P","Defend_P+1","Eruption+1","Vigilance","Evaluate+1","Study+1","Prostrate","Prostrate"],"relics":["PureWater"],"acts_visited":["Exordium"],"potions_floor_usage":[],"damage_taken":[{"damage":2,"enemies":"2 Louse","floor":1,"turns":3},{"damage":2,"enemies":"Small Slimes","floor":2,"turns":5},{"damage":0,"enemies":"Jaw Worm","floor":4,"turns":4},{"damage":48,"enemies":"3 Sentries","floor":11,"turns":6}],"seed_played":"-2266758565119510576","potions_obtained":[{"floor":1,"key":"Strength Potion"}],"is_trial":false,"path_per_floor":["M","M","?","M","?","R","$","R","T","R","E"],"character_chosen":"WATCHER","items_purchased":["Prostrate"],"campfire_rested":0,"item_purchase_floors":[7],"current_hp_per_floor":[63,61,61,61,48,48,48,48,48,48,0,0],"gold":19,"neow_bonus":"REMOVE_TWO","is_daily":false,"chose_seed":false,"campfire_upgraded":2,"win_rate":0.0,"timestamp":1608433494,"path_taken":["M","M","?","M","?","R","$","R","T","R","E"],"items_purchased_type":["Card"],"build_version":"2020-12-13","purchased_purges":1,"victory":false,"max_hp_per_floor":[65,65,65,65,65,65,65,65,65,65,65,65],"relic_stats":{"counters":[4,18],"obtain_stats":[{"PureWater":0},{"PureWater":0},{"PureWater":0}]},"card_choices":[{"not_picked":["Adaptation","Pray"],"picked":"Evaluate","floor":1},{"not_picked":["Perseverance","Conclude"],"picked":"Study","floor":2},{"not_picked":["Evaluate","Halt"],"picked":"Prostrate","floor":4}],"player_experience":233595,"relics_obtained":[],"event_choices":[{"damage_healed":0,"gold_gain":0,"player_choice":"Ignored","damage_taken":0,"max_hp_gain":0,"max_hp_loss":0,"event_name":"Liars Game","floor":3,"gold_loss":0},{"damage_healed":0,"gold_gain":0,"player_choice":"Entered Light","damage_taken":13,"max_hp_gain":0,"max_hp_loss":0,"event_name":"Shining Light","floor":5,"gold_loss":0,"cards_upgraded":["Eruption","Defend_P"]}],"is_beta":false,"boss_relics":[],"items_purged_floors":[7],"is_endless":false,"potions_floor_spawned":[1],"killed_by":"3 Sentries","ascension_level":0}}