{"host":"utqe55yv0jihe4d6","time":1608499238,"event":{"mods":["2.2 Compatiblity","AchievementEnabler","BaseMod","Block Reminder","Colored Map","Colored Powertips","Minty Spire (QoL Compilation)","Quick Restart","Rare Cards Sparkle","Relic Stats","SuperFastMode"],"gold_per_floor":[119,137,212,230,230,230,248,283,283,248,248,261,280,294,294,294,294],"floor_reached":16,"playtime":574,"items_purged":[],"score":228,"play_id":"61d7b47e-7499-4fc9-a6fe-e4eb28ea1437","local_time":"20201220162038","is_ascension_mode":true,"campfire_choices":[{"data":"Shockwave","floor":6,"key":"SMITH"},{"data":"Dark Embrace","floor":15,"key":"SMITH"}],"circlet_count":0,"master_deck":["AscendersBane","Strike_R","Strike_R","Strike_R","Strike_R","Strike_R","Defend_R","Defend_R","Defend_R","Defend_R","Bash","Perfected Strike+1","Shockwave+1","Headbutt","Uppercut","Battle Trance","Perfected Strike","Shrug It Off+1","Dark Embrace+1"],"relics":["Burning Blood","Dead Branch","MealTicket","Toxic Egg 2"],"acts_visited":["Exordium"],"potions_floor_usage":[11,16,16],"damage_taken":[{"damage":3,"enemies":"2 Louse","floor":1,"turns":3},{"damage":4,"enemies":"Small Slimes","floor":2,"turns":5},{"damage":0,"enemies":"Cultist","floor":4,"turns":3},{"damage":21,"enemies":"Gremlin Gang","floor":7,"turns":5},{"damage":30,"enemies":"Lagavulin","floor":8,"turns":5},{"damage":22,"enemies":"3 Sentries","floor":11,"turns":6},{"damage":1,"enemies":"2 Fungi Beasts","floor":12,"turns":3},{"damage":13,"enemies":"3 Louse","floor":13,"turns":4},{"damage":2,"enemies":"Large Slime","floor":14,"turns":4},{"damage":22,"enemies":"Slime Boss","floor":16,"turns":6}],"seed_played":"8335722393417705496","potions_obtained":[{"floor":4,"key":"Weak Potion"},{"floor":7,"key":"SmokeBomb"},{"floor":12,"key":"AttackPotion"}],"is_trial":false,"path_per_floor":["M","M","?","M","?","R","M","E","T","?","E","M","M","M","R","B"],"character_chosen":"IRONCLAD","items_purchased":[],"campfire_rested":0,"item_purchase_floors":[],"current_hp_per_floor":[53,55,44,50,50,50,35,11,11,29,13,18,11,15,15,0,0],"gold":294,"neow_bonus":"ONE_RARE_RELIC","is_daily":false,"chose_seed":false,"campfire_upgraded":2,"win_rate":0.0,"timestamp":1608499238,"path_taken":["M","M","?","M","?","R","M","E","T","?","E","M","M","M","R","BOSS"],"items_purchased_type":[],"build_version":"2020-12-13","purchased_purges":0,"victory":false,"max_hp_per_floor":[75,75,75,75,75,75,75,75,75,75,75,75,75,75,75,75,75],"relic_stats":{"counters":[10,44],"Dead Branch":[24],"MealTicket":0,"obtain_stats":[{"Dead Branch":0,"MealTicket":8,"Toxic Egg 2":9,"Burning Blood":0},{"Dead Branch":0,"MealTicket":5,"Toxic Egg 2":5,"Burning Blood":0},{"Dead Branch":0,"MealTicket":21,"Toxic Egg 2":21,"Burning Blood":0}],"Burning Blood":54},"card_choices":[{"not_picked":["Ghostly Armor","Entrench"],"picked":"Perfected Strike","floor":1},{"not_picked":["Twin Strike","Iron Wave"],"picked":"Shockwave","floor":2},{"not_picked":["Seeing Red","Shockwave"],"picked":"Headbutt","floor":4},{"not_picked":["Shockwave","Whirlwind"],"picked":"Uppercut","floor":7},{"not_picked":["Cleave","Rampage"],"picked":"Battle Trance","floor":8},{"not_picked":["Ghostly Armor+1","Uppercut"],"picked":"Perfected Strike","floor":12},{"not_picked":["Entrench+1","Cleave"],"picked":"Shrug It Off+1","floor":13},{"not_picked":["Spot Weakness+1","Body Slam"],"picked":"Dark Embrace","floor":14}],"player_experience":2816397,"relics_obtained":[{"floor":8,"key":"MealTicket"},{"floor":9,"key":"Toxic Egg 2"}],"event_choices":[{"damage_healed":0,"gold_gain":75,"player_choice":"Gather Gold","damage_taken":11,"max_hp_gain":0,"max_hp_loss":0,"event_name":"World of Goop","floor":3,"gold_loss":0},{"damage_healed":0,"gold_gain":0,"player_choice":"Grow","damage_taken":0,"max_hp_gain":0,"max_hp_loss":0,"event_name":"Living Wall","floor":5,"gold_loss":0,"cards_upgraded":["Perfected Strike"]},{"damage_healed":18,"gold_gain":0,"player_choice":"Healed","damage_taken":0,"max_hp_gain":0,"max_hp_loss":0,"event_name":"The Cleric","floor":10,"gold_loss":35}],"is_beta":false,"boss_relics":[],"items_purged_floors":[],"is_endless":false,"potions_floor_spawned":[4,7,11,12,13],"killed_by":"Slime Boss","ascension_level":20}}