{"host":"tl8jdqk9pnwb74j1","time":1608426214,"event":{"mods":["BaseMod","BetterRewards","Custom Start","Minty Spire (QoL Compilation)","Shop Mod","StSLib","SuperFastMode"],"gold_per_floor":[111,111,111,126,146,146,180,197,197,212,229,209,209,227,227,329,329,342,342,128,161,161,161,194,208,208,52,52,72,72,91,91,192,192,205,427,427,445,53,53,87,137,160,191,191,210,226,239,239,239],"floor_reached":51,"playtime":1796,"items_purged":["Strike_R","Strike_R","Strike_R","Bash"],"score":1554,"play_id":"13b2ae43-4079-49d1-b2c5-0245dd6925bb","local_time":"20201220090334","is_ascension_mode":true,"campfire_choices":[{"data":"Armaments","floor":6.0,"key":"SMITH"},{"data":"Body Slam","floor":13.0,"key":"SMITH"},{"data":"Body Slam","floor":15.0,"key":"SMITH"},{"data":"Dual Wield","floor":23.0,"key":"SMITH"},{"data":"Shockwave","floor":32,"key":"SMITH"},{"data":"True Grit","floor":40,"key":"SMITH"},{"data":"Seeing Red","floor":45,"key":"SMITH"},{"data":"Shrug It Off","floor":49,"key":"SMITH"}],"circlet_count":0,"master_deck":["Defend_R+1","Defend_R+1","Defend_R+1","Defend_R+1","Body Slam+1","Battle Trance","Shrug It Off+1","Shrug It Off","Armaments+1","Body Slam+1","Dark Embrace+1","Shockwave+1","Seeing Red+1","Barricade+1","Dual Wield+1","True Grit+1"],"relics":["Black Blood","Frozen Egg 2","Orrery","Self Forming Clay","Pantograph","Kunai","Busted Crown","MerchantsRug","Red Mask","Potion Belt","Meat on the Bone","Lee\u0027s Waffle","Bottled Tornado","Darkstone Periapt","Thread and Needle","Lantern","Molten Egg 2"],"acts_visited":["Exordium","TheCity","TheBeyond"],"potions_floor_usage":[50],"damage_taken":[{"damage":0.0,"enemies":"Jaw Worm","floor":1.0,"turns":2.0},{"damage":0.0,"enemies":"2 Louse","floor":4.0,"turns":3.0},{"damage":2.0,"enemies":"Small Slimes","floor":5.0,"turns":3.0},{"damage":3.0,"enemies":"Lagavulin","floor":7.0,"turns":6.0},{"damage":6.0,"enemies":"Red Slaver","floor":8.0,"turns":4.0},{"damage":6.0,"enemies":"Looter","floor":10.0,"turns":3.0},{"damage":11.0,"enemies":"3 Louse","floor":11.0,"turns":4.0},{"damage":4.0,"enemies":"Exordium Wildlife","floor":14.0,"turns":4.0},{"damage":30.0,"enemies":"The Guardian","floor":16.0,"turns":12.0},{"damage":0.0,"enemies":"Chosen","floor":18.0,"turns":5.0},{"damage":39.0,"enemies":"Masked Bandits","floor":21.0,"turns":6.0},{"damage":0.0,"enemies":"Book of Stabbing","floor":24.0,"turns":5.0},{"damage":0.0,"enemies":"2 Thieves","floor":25.0,"turns":4.0},{"damage":0,"enemies":"Cultist and Chosen","floor":29,"turns":5},{"damage":2,"enemies":"Shelled Parasite and Fungi","floor":31,"turns":5},{"damage":0,"enemies":"Collector","floor":33,"turns":5},{"damage":9,"enemies":"3 Shapes","floor":35,"turns":6},{"damage":19,"enemies":"Orb Walker","floor":38,"turns":7},{"damage":0,"enemies":"Giant Head","floor":41,"turns":5},{"damage":12,"enemies":"Mind Bloom Boss Battle","floor":42,"turns":3},{"damage":0,"enemies":"Nemesis","floor":44,"turns":3},{"damage":0,"enemies":"Writhing Mass","floor":46,"turns":3},{"damage":0,"enemies":"Maw","floor":47,"turns":4},{"damage":5,"enemies":"Jaw Worm Horde","floor":48,"turns":3},{"damage":0,"enemies":"Awakened One","floor":50,"turns":5}],"seed_played":"2755835261891532159","potions_obtained":[{"floor":1.0,"key":"Weak Potion"},{"floor":5.0,"key":"Explosive Potion"},{"floor":10.0,"key":"Fire Potion"},{"floor":12.0,"key":"Explosive Potion"},{"floor":14.0,"key":"AttackPotion"},{"floor":16.0,"key":"DuplicationPotion"},{"floor":21.0,"key":"SpeedPotion"},{"floor":29,"key":"Block Potion"},{"floor":33,"key":"Fire Potion"},{"floor":44,"key":"FearPotion"},{"floor":46,"key":"GamblersBrew"}],"is_trial":false,"path_per_floor":["M","?","?","M","M","R","E","M","T","M","M","?","R","M","R","B",null,"M","?","$","?","?","R","E","M","T","$","?","M","$","M","R","B",null,"M","?","?","M","$","R","E","?","T","E","R","M","M","M","R","B",null],"character_chosen":"IRONCLAD","items_purchased":["Frozen Egg 2","Orrery","Shrug It Off","Armaments","Dexterity Potion","MerchantsRug","Lee\u0027s Waffle","Bottled Tornado"],"campfire_rested":0,"item_purchase_floors":[0,0,0,0,0,20,27,39],"current_hp_per_floor":[45,38,20,26,30,30,33,33,33,33,28,28,28,30,30,31,68,74,74,74,41,41,41,47,53,53,87,87,87,87,87,87,87,87,87,87,87,80,80,80,87,87,87,87,87,87,87,87,87,87],"gold":239,"neow_bonus":"","is_daily":false,"chose_seed":false,"campfire_upgraded":8,"win_rate":0.0,"timestamp":1608426214,"path_taken":["M","?","?","M","M","R","E","M","T","?","M","?","R","?","R","BOSS","M","?","$","?","?","R","E","?","T","$","?","M","?","M","R","BOSS","M","?","?","?","$","R","E","?","T","E","R","M","M","M","R","BOSS"],"items_purchased_type":["Relic","Relic","Card","Card","Potion","Relic","Relic","Relic"],"build_version":"2020-12-13","purchased_purges":4,"victory":true,"max_hp_per_floor":[80,80,80,80,80,80,80,80,80,80,80,80,80,80,80,80,80,80,80,80,80,80,80,80,80,80,87,87,87,87,87,87,87,87,87,87,87,87,87,87,87,87,87,87,87,87,87,87,87,87],"card_choices":[{"not_picked":["Cleave","Clash"],"picked":"Body Slam","floor":0.0},{"not_picked":["Pummel","Dual Wield"],"picked":"Battle Trance","floor":0.0},{"not_picked":["Perfected Strike","Armaments"],"picked":"Shrug It Off","floor":0.0},{"not_picked":["Anger","Warcry","Heavy Blade"],"picked":"SKIP","floor":1.0},{"not_picked":["Clash","Warcry"],"picked":"Body Slam","floor":4.0},{"not_picked":["Headbutt","Intimidate","Reaper"],"picked":"SKIP","floor":5.0},{"not_picked":["Hemokinesis","Headbutt"],"picked":"Dark Embrace+1","floor":7.0},{"not_picked":["Warcry","Perfected Strike","Pommel Strike"],"picked":"SKIP","floor":8.0},{"not_picked":["Perfected Strike","Armaments"],"picked":"Shockwave","floor":10.0},{"not_picked":["Sword Boomerang","Warcry"],"picked":"Seeing Red","floor":11.0},{"not_picked":["Infernal Blade","Flex","Wild Strike"],"picked":"SKIP","floor":14.0},{"not_picked":["Limit Break","Juggernaut+1"],"picked":"Barricade+1","floor":16.0},{"not_picked":["Warcry"],"picked":"SKIP","floor":18.0},{"not_picked":[],"picked":"True Grit","floor":24.0},{"not_picked":["Sword Boomerang"],"picked":"SKIP","floor":25.0},{"not_picked":["Anger"],"picked":"SKIP","floor":29},{"not_picked":["Anger+1"],"picked":"SKIP","floor":31},{"not_picked":["Shockwave+1"],"picked":"SKIP","floor":35},{"not_picked":["Twin Strike+1"],"picked":"SKIP","floor":38},{"not_picked":["Pummel+1"],"picked":"SKIP","floor":41},{"not_picked":["Feed+1"],"picked":"SKIP","floor":44},{"not_picked":["Perfected Strike+1"],"picked":"SKIP","floor":46},{"not_picked":["Thunderclap+1"],"picked":"SKIP","floor":47},{"not_picked":["Dropkick+1"],"picked":"SKIP","floor":48}],"player_experience":950256,"relics_obtained":[{"floor":7.0,"key":"Pantograph"},{"floor":9.0,"key":"Kunai"},{"floor":21.0,"key":"Red Mask"},{"floor":24.0,"key":"Potion Belt"},{"floor":26.0,"key":"Meat on the Bone"},{"floor":41,"key":"Darkstone Periapt"},{"floor":42,"key":"Thread and Needle"},{"floor":43,"key":"Lantern"},{"floor":44,"key":"Molten Egg 2"}],"event_choices":[{"cards_removed":["Strike_R"],"damage_healed":0.0,"max_hp_gain":0.0,"max_hp_loss":0.0,"gold_gain":0.0,"event_name":"Golden Wing","player_choice":"Card Removal","floor":2.0,"gold_loss":0.0,"damage_taken":7.0},{"damage_healed":0.0,"max_hp_gain":0.0,"max_hp_loss":0.0,"gold_gain":0.0,"event_name":"Scrap Ooze","player_choice":"Success","floor":3.0,"gold_loss":0.0,"damage_taken":18.0,"relics_obtained":["Self Forming Clay"]},{"damage_healed":0.0,"max_hp_gain":0.0,"max_hp_loss":0.0,"gold_gain":0.0,"event_name":"The Woman in Blue","player_choice":"Bought 1 Potion","floor":12.0,"gold_loss":0.0,"damage_taken":0.0},{"damage_healed":0.0,"max_hp_gain":0.0,"max_hp_loss":0.0,"gold_gain":0.0,"event_name":"The Library","player_choice":"Read","floor":19.0,"gold_loss":0.0,"damage_taken":0.0,"cards_obtained":["Dual Wield"]},{"damage_healed":0.0,"max_hp_gain":0.0,"max_hp_loss":0.0,"gold_gain":0.0,"event_name":"Masked Bandits","player_choice":"Fought Bandits","floor":21.0,"gold_loss":0.0,"damage_taken":0.0},{"damage_healed":0.0,"max_hp_gain":0.0,"max_hp_loss":0.0,"gold_gain":0.0,"event_name":"Back to Basics","player_choice":"Simplicity","floor":22.0,"gold_loss":0.0,"damage_taken":0.0,"cards_upgraded":["Strike_R","Defend_R","Defend_R","Defend_R","Defend_R"]},{"cards_removed":["Strike_R"],"damage_healed":0.0,"max_hp_gain":0.0,"max_hp_loss":0.0,"gold_gain":0.0,"event_name":"Purifier","player_choice":"Purged","floor":28.0,"gold_loss":0.0,"damage_taken":0.0},{"damage_healed":0,"gold_gain":222,"player_choice":"Wore Mask","damage_taken":0,"max_hp_gain":0,"max_hp_loss":0,"event_name":"Tomb of Lord Red Mask","floor":36,"gold_loss":0},{"cards_removed":["Wild Strike"],"damage_healed":5,"gold_gain":0,"player_choice":"Offered Common","damage_taken":0,"max_hp_gain":0,"max_hp_loss":0,"event_name":"Bonfire Elementals","floor":37,"gold_loss":0},{"cards_removed":["Wild Strike"],"damage_healed":5,"gold_gain":0,"player_choice":"Offered Special","damage_taken":0,"max_hp_gain":0,"max_hp_loss":0,"event_name":"Bonfire Elementals","floor":37,"gold_loss":0},{"damage_healed":0,"gold_gain":0,"player_choice":"Fight","damage_taken":0,"max_hp_gain":0,"max_hp_loss":0,"event_name":"MindBloom","floor":42,"gold_loss":0}],"is_beta":false,"boss_relics":[{"not_picked":["Calling Bell","Runic Dome"],"picked":"Busted Crown"},{"not_picked":["SacredBark","Runic Pyramid"],"picked":"Black Blood"}],"items_purged_floors":[0,0,20,39],"is_endless":false,"potions_floor_spawned":[1,5,10,14,16,21,29,33,44,46,47],"ascension_level":7}}