{"host":"0cnf9zf1gia27zti","time":1608423122,"event":{"mods":["BaseMod","BetterRewards","Card Forge","Colored Map","Colored Powertips","Conspire","Downfall","Minty Spire (QoL Compilation)","Practice Mode","Quick Restart","Replay The Spire","Robot Space Explorer","Shade Mod","Spicy Shops","StSLib"],"gold_per_floor":[114,214,40,53,71,106,106,27,54,54,65,65,92,92,92,169,169,179,179,179,26,26,57,57,96,96,96,124,73,119,145,145,254,254,299,326,373,179,230,230,10,82,82,122,154,154,154,27,27,51],"floor_reached":51,"playtime":3364,"items_purged":["Replay:Hysterical Blindness"],"score":1694,"play_id":"3301ac40-bf4e-4490-91ea-164e2b2273c6","local_time":"20201220001202","is_ascension_mode":true,"campfire_choices":[{"floor":7,"key":"REST"},{"floor":10,"key":"REST"},{"floor":12,"key":"REST"},{"data":"Calculated Gamble","floor":15,"key":"SMITH"},{"floor":24,"key":"DIG"},{"floor":32,"key":"REST"},{"floor":40,"key":"REST"},{"floor":47,"key":"DIG"},{"floor":49,"key":"REST"}],"circlet_count":0,"master_deck":["AscendersBane","Strike_G","Strike_G","Strike_G","Strike_G","Strike_G","Defend_G","Defend_G","Defend_G","Defend_G+1","Defend_G","Survivor","Neutralize+1","Panache","conspire:DoublingDagger","Infinite Blades+1","Cloak And Dagger+1","Infinite Blades","Footwork+1","Footwork+1","Calculated Gamble+1","Deflect","Calculated Gamble","conspire:DoublingDagger+1","Hidden Blade","Caltrops","Storm of Steel+1","Writhe","Injury","Panache+1","PiercingWail","Pot Of Greed","Pot Of Greed","Pot Of Greed","Blade Dance+1","Caltrops","Prepared+1","Blade Dance","Dagger Throw","Pot Of Greed","Adrenaline+1","Cloak And Dagger+1","Cloak And Dagger+1","Master of Strategy+1","Footwork+1","Calculated Gamble","Burst+1"],"relics":["Ring of the Snake","Hammer of Thor","Seething Fire","Anvil of the Gods","Question Card","Golden Egg","ReplayTheSpireMod:CursedCoin","ReplayTheSpireMod:TigerMarble","conspire:TopHat","Odd Mushroom","Replay:Ancient Bell","Potion Belt","Mummified Hand","Shovel","DollysMirror","conspire:Flyswatter","Replay:Bandana","Grinning Jar","Gremlin Horn","Centennial Puzzle","Membership Card","Du-Vu Doll","ReplayTheSpireMod:Lightbulb","Blood Vial","conspire:Dentures"],"acts_visited":["Exordium","TheCity","TheBeyond"],"potions_floor_usage":[13,16,16,18,30,33,33,39,45,50],"damage_taken":[{"damage":3,"enemies":"Small Slimes","floor":1,"turns":4},{"damage":0,"enemies":"Cultist","floor":4,"turns":4},{"damage":1,"enemies":"Jaw Worm","floor":5,"turns":3},{"damage":10,"enemies":"Gremlin Nob","floor":6,"turns":4},{"damage":0,"enemies":"Blue Slaver","floor":11,"turns":3},{"damage":0,"enemies":"The Mushroom Lair","floor":13,"turns":3},{"damage":0,"enemies":"Slime Boss","floor":16,"turns":7},{"damage":1,"enemies":"3 Byrds","floor":18,"turns":4},{"damage":14,"enemies":"Gremlin Leader","floor":23,"turns":4},{"damage":19,"enemies":"Slavers","floor":25,"turns":4},{"damage":0,"enemies":"Spheric Guardian","floor":28,"turns":1},{"damage":7,"enemies":"Snake Plant","floor":30,"turns":4},{"damage":0,"enemies":"3 Cultists","floor":31,"turns":2},{"damage":9,"enemies":"Pondfish","floor":33,"turns":5},{"damage":1,"enemies":"3 Darklings","floor":35,"turns":3},{"damage":1,"enemies":"3 Shapes","floor":36,"turns":5},{"damage":23,"enemies":"Maw","floor":37,"turns":5},{"damage":3,"enemies":"Sphere and 2 Shapes","floor":39,"turns":4},{"damage":0,"enemies":"2 Orb Walkers","floor":42,"turns":2},{"damage":8,"enemies":"Jaw Worm Horde","floor":44,"turns":3},{"damage":0,"enemies":"3 Darklings","floor":45,"turns":3},{"damage":16,"enemies":"Donu and Deca","floor":50,"turns":6}],"seed_played":"7757710678569280791","potions_obtained":[{"floor":6,"key":"Guardian:BlockOnCardUsePotion"},{"floor":11,"key":"Dexterity Potion"},{"floor":13,"key":"LiquidBronze"},{"floor":16,"key":"Weak Potion"},{"floor":25,"key":"Toxic Potion"},{"floor":28,"key":"Slimebound:ThreeZeroPotion"},{"floor":30,"key":"SpeedPotion"},{"floor":33,"key":"Elixir"},{"floor":36,"key":"SteroidPotion"},{"floor":37,"key":"LifebloodPotion"},{"floor":44,"key":"LifebloodPotion"}],"is_trial":false,"path_per_floor":["M","?","$","M","M","E","R","$","T","R","M","R","?","?","R","B",null,"M","$","?","$","?","E","R","E","T","?","M","$","M","M","R","B",null,"M","M","M","$","M","R","$","?","T","M","M","?","R","$","R","B",null],"character_chosen":"THE_SILENT","items_purchased":["Panache","conspire:DoublingDagger","Question Card","Golden Egg","ReplayTheSpireMod:CursedCoin","Infinite Blades","Cloak And Dagger","Footwork","conspire:DoublingDagger","DollysMirror","Prepared","Master of Strategy","Membership Card","Footwork","conspire:Dentures"],"campfire_rested":6,"item_purchase_floors":[0,0,0,0,0,0,0,3,8,21,29,38,41,41,48],"current_hp_per_floor":[22,22,22,22,21,11,30,30,30,49,49,66,66,53,53,53,63,62,62,62,62,62,48,48,29,29,29,29,29,22,22,41,32,58,57,56,33,33,30,49,49,49,49,41,41,41,41,41,60,46],"gold":51,"neow_bonus":"","is_daily":false,"chose_seed":false,"campfire_upgraded":1,"win_rate":0.0,"timestamp":1608423122,"path_taken":["M","?","$","?","M","E","R","$","T","R","M","R","?","?","R","BOSS","M","$","?","$","?","E","R","E","T","?","M","$","M","M","R","BOSS","M","?","M","$","M","R","?","?","T","?","M","?","R","?","R","BOSS"],"items_purchased_type":["Card","Card","Relic","Relic","Relic","Card","Card","Card","Card","Relic","Card","Card","Relic","Card","Relic"],"build_version":"2020-12-13","purchased_purges":1,"victory":true,"max_hp_per_floor":[66,66,66,66,66,66,66,66,66,66,66,66,66,66,66,66,66,66,66,66,66,66,66,66,66,66,66,66,66,66,66,66,66,66,66,66,66,66,66,66,66,66,66,66,66,66,66,66,66,66],"card_choices":[{"not_picked":["Outmaneuver","Setup","Backflip"],"picked":"Infinite Blades","floor":1},{"not_picked":["Flying Knee","Masterful Stab","Outmaneuver"],"picked":"Calculated Gamble","floor":4},{"not_picked":["Dodge and Roll","Slice","Crippling Poison"],"picked":"Deflect","floor":5},{"not_picked":["Quick Slash","Bullet Time","Deadly Poison"],"picked":"Calculated Gamble","floor":6},{"not_picked":["Finisher","Calculated Gamble","Sucker Punch"],"picked":"Hidden Blade","floor":11},{"not_picked":["Underhanded Strike","Sucker Punch","Blur"],"picked":"Caltrops","floor":13},{"not_picked":["Atom Bomb","Night Terror","ReplayTheSpireMod:Necrosis"],"picked":"Storm of Steel","floor":16},{"not_picked":["Looming Evil","ReplayTheSpireMod:IOU","sneckomod:Bewildered"],"picked":"Sickly","floor":17},{"not_picked":["Languid","Shame","conspire:Blindness"],"picked":"Writhe","floor":17},{"not_picked":["Replay:Hysterical Blindness","Amnesia","hexamod:Haunted"],"picked":"Injury","floor":17},{"not_picked":["Concentrate","Poisoned Stab","Blur","Underhanded Strike+1"],"picked":"SKIP","floor":18},{"not_picked":["Venomology","Quick Slash","Slice"],"picked":"PiercingWail","floor":23},{"not_picked":["Hidden Blade","Acrobatics","Terror+1"],"picked":"Blade Dance+1","floor":25},{"not_picked":["Underhanded Strike","Outmaneuver","Dagger Throw"],"picked":"Caltrops","floor":28},{"not_picked":["Dagger Spray","Dagger Throw","Calculated Gamble"],"picked":"Blade Dance","floor":30},{"not_picked":["PiercingWail","Dagger Spray","Poisoned Stab"],"picked":"Dagger Throw","floor":31},{"not_picked":["A Thousand Cuts","Die Die Die","Night Terror"],"picked":"Adrenaline","floor":33},{"not_picked":["Calculated Gamble","conspire:PoisonWeapons","Quick Slash"],"picked":"Cloak And Dagger+1","floor":35},{"not_picked":["Slice","Skewer+1","Deadly Poison+1"],"picked":"Cloak And Dagger+1","floor":36},{"not_picked":["Dodge and Roll+1","Finisher","PiercingWail","Catalyst"],"picked":"SKIP","floor":37},{"not_picked":["Quick Slash+1","Flechettes","Catalyst","Underhanded Strike+1"],"picked":"SKIP","floor":39},{"not_picked":["Underhanded Strike","Sucker Punch","Setup"],"picked":"Calculated Gamble","floor":44},{"not_picked":["ReplayTheSpireMod:Shiv Toss","Quick Slash","Flying Knee"],"picked":"Burst","floor":45}],"player_experience":2326760,"relics_obtained":[{"floor":6,"key":"ReplayTheSpireMod:TigerMarble"},{"floor":9,"key":"conspire:TopHat"},{"floor":13,"key":"Odd Mushroom"},{"floor":23,"key":"conspire:Flyswatter"},{"floor":24,"key":"Replay:Bandana"},{"floor":25,"key":"Grinning Jar"},{"floor":26,"key":"Gremlin Horn"},{"floor":42,"key":"Du-Vu Doll"},{"floor":43,"key":"ReplayTheSpireMod:Lightbulb"},{"floor":47,"key":"Blood Vial"}],"event_choices":[{"damage_healed":0,"gold_gain":100,"player_choice":"Pray","damage_taken":0,"max_hp_gain":0,"max_hp_loss":0,"event_name":"Golden Shrine","floor":2,"gold_loss":0},{"damage_healed":0,"gold_gain":0,"player_choice":"Fought Mushrooms","damage_taken":0,"max_hp_gain":0,"max_hp_loss":0,"event_name":"Mushrooms","floor":13,"gold_loss":0},{"damage_healed":0,"gold_gain":0,"player_choice":"Entered Light","damage_taken":13,"max_hp_gain":0,"max_hp_loss":0,"event_name":"Shining Light","floor":14,"gold_loss":0,"cards_upgraded":["Neutralize","Defend_G"]},{"damage_healed":0,"gold_gain":0,"player_choice":"Leave","damage_taken":0,"max_hp_gain":0,"max_hp_loss":0,"event_name":"conspire:Investor","floor":22,"gold_loss":0},{"damage_healed":0,"gold_gain":0,"player_choice":"Gave Potion","damage_taken":0,"relics_obtained":["Centennial Puzzle"],"max_hp_gain":0,"max_hp_loss":0,"event_name":"WeMeetAgain","floor":27,"gold_loss":0},{"damage_healed":0,"gold_gain":0,"player_choice":"Fight","damage_taken":0,"max_hp_gain":0,"max_hp_loss":0,"event_name":"Mysterious Sphere","floor":42,"gold_loss":0}],"is_beta":false,"boss_relics":[{"not_picked":["Pandora\u0027s Box","Honey Jar"],"picked":"Replay:Ancient Bell"},{"not_picked":["War Paint","Omamori"],"picked":"Potion Belt"},{"not_picked":["The Courier","Replay:Bottled Steam"],"picked":"Mummified Hand"},{"not_picked":["Torii","FossilizedHelix"],"picked":"Shovel"},{"not_picked":["Runic Pyramid","Snecko Eye","Replay:Wanted Poster"]}],"items_purged_floors":[0],"is_endless":false,"potions_floor_spawned":[6,11,13,16,25,28,30,33,36,37,44],"ascension_level":14}}