{"host":"wha9hktbkslqvblg","time":1608428086,"event":{"mods":["BaseMod","Colored Map","Minty Spire (QoL Compilation)","Relic Stats","SuperFastMode","everything is the same but u backflip on backflip"],"gold_per_floor":[109,122,122,47,47,82,92,5,5,5,23,23,35,49,49,122,122,139,39,39,39,54,54,86,86,86],"floor_reached":25,"playtime":466,"items_purged":["Strike_R","Strike_R"],"score":472,"play_id":"f749975d-bd2b-4648-a1a8-87cf127f3dbf","local_time":"20201220103446","is_ascension_mode":true,"campfire_choices":[{"data":"Dark Embrace","floor":10.0,"key":"SMITH"},{"data":"Fire Breathing","floor":15,"key":"SMITH"},{"data":"Evolve","floor":23,"key":"SMITH"}],"circlet_count":0,"master_deck":["AscendersBane","Strike_R+1","Strike_R","Strike_R+1","Defend_R","Defend_R","Defend_R","Defend_R","Bash","Wild Strike","Pommel Strike","Second Wind","Feel No Pain","Flame Barrier","Dark Embrace+1","Fire Breathing+1","Battle Trance+1","Reckless Charge","Evolve+1"],"relics":["Burning Blood","NeowsBlessing","HornCleat","Cursed Key","Red Mask"],"acts_visited":["Exordium","TheCity"],"potions_floor_usage":[12,16,24],"damage_taken":[{"damage":0.0,"enemies":"Cultist","floor":1.0,"turns":1.0},{"damage":0.0,"enemies":"Jaw Worm","floor":2.0,"turns":1.0},{"damage":0.0,"enemies":"Gremlin Nob","floor":6.0,"turns":1.0},{"damage":0.0,"enemies":"2 Louse","floor":7.0,"turns":3.0},{"damage":31.0,"enemies":"Exordium Thugs","floor":11.0,"turns":6.0},{"damage":0,"enemies":"Lagavulin","floor":12,"turns":1},{"damage":10,"enemies":"3 Louse","floor":13,"turns":4},{"damage":3,"enemies":"Blue Slaver","floor":14,"turns":4},{"damage":36,"enemies":"Hexaghost","floor":16,"turns":10},{"damage":22,"enemies":"2 Thieves","floor":18,"turns":4},{"damage":16,"enemies":"Spheric Guardian","floor":22,"turns":4},{"damage":48,"enemies":"Masked Bandits","floor":24,"turns":4},{"damage":45,"enemies":"Gremlin Leader","floor":25,"turns":5}],"seed_played":"-8967245318739948774","potions_obtained":[{"floor":2.0,"key":"BloodPotion"},{"floor":7.0,"key":"SmokeBomb"},{"floor":13,"key":"Strength Potion"},{"floor":18,"key":"FairyPotion"}],"is_trial":false,"path_per_floor":["M","M","?","$","?","E","M","$","T","R","M","E","M","M","R","B",null,"M","$","?","?","M","R","?","E"],"character_chosen":"IRONCLAD","items_purchased":["Dark Embrace"],"campfire_rested":0,"item_purchase_floors":[8],"current_hp_per_floor":[74,75,52,52,52,58,64,64,64,64,39,45,41,44,44,14,60,44,44,44,44,34,34,7,0,0],"gold":86,"neow_bonus":"THREE_ENEMY_KILL","is_daily":false,"chose_seed":false,"campfire_upgraded":3,"win_rate":0.0,"timestamp":1608428086,"path_taken":["M","M","?","$","?","E","M","$","T","R","M","E","?","?","R","BOSS","M","$","?","?","?","R","?","E"],"items_purchased_type":["Card"],"build_version":"2020-12-13","purchased_purges":2,"victory":false,"max_hp_per_floor":[75,75,75,75,75,75,75,75,75,75,75,75,75,75,75,75,75,75,75,75,75,75,75,75,75,75],"relic_stats":{"counters":[13,48],"Cursed Key":0,"obtain_stats":[{"HornCleat":6,"NeowsBlessing":0,"Red Mask":24,"Cursed Key":17,"Burning Blood":0},{"HornCleat":3,"NeowsBlessing":0,"Red Mask":12,"Cursed Key":9,"Burning Blood":0},{"HornCleat":3,"NeowsBlessing":0,"Red Mask":43,"Cursed Key":31,"Burning Blood":0}],"Burning Blood":67},"card_choices":[{"not_picked":["Iron Wave","Headbutt"],"picked":"Wild Strike","floor":1.0},{"not_picked":["Havoc","True Grit"],"picked":"Pommel Strike","floor":2.0},{"not_picked":["Cleave","Clash"],"picked":"Feel No Pain","floor":6.0},{"not_picked":["Perfected Strike","Whirlwind"],"picked":"Flame Barrier","floor":7.0},{"not_picked":["Havoc","Clothesline"],"picked":"Fire Breathing","floor":11.0},{"not_picked":["Shockwave","Anger","Warcry"],"picked":"SKIP","floor":13},{"not_picked":["Double Tap","Clash"],"picked":"Battle Trance","floor":14},{"not_picked":["Flame Barrier","Infernal Blade","Shockwave"],"picked":"SKIP","floor":18},{"not_picked":["Entrench","Body Slam"],"picked":"Evolve","floor":22}],"player_experience":875660,"relics_obtained":[{"floor":6.0,"key":"HornCleat"},{"floor":24,"key":"Red Mask"}],"event_choices":[{"damage_healed":0.0,"max_hp_gain":0.0,"max_hp_loss":0.0,"gold_gain":0.0,"event_name":"Shining Light","player_choice":"Entered Light","floor":3.0,"gold_loss":0.0,"damage_taken":23.0,"cards_upgraded":["Strike_R","Strike_R"]},{"damage_healed":0.0,"max_hp_gain":0.0,"max_hp_loss":0.0,"gold_gain":0.0,"event_name":"Match and Keep!","player_choice":"1 cards matched","floor":5.0,"gold_loss":0.0,"damage_taken":0.0,"cards_obtained":["Second Wind"]},{"damage_healed":0,"gold_gain":0,"player_choice":"Read","damage_taken":0,"max_hp_gain":0,"max_hp_loss":0,"event_name":"The Library","floor":20,"gold_loss":0,"cards_obtained":["Reckless Charge"]},{"damage_healed":0,"gold_gain":0,"player_choice":"Upgraded","damage_taken":0,"max_hp_gain":0,"max_hp_loss":0,"event_name":"Upgrade Shrine","floor":21,"gold_loss":0,"cards_upgraded":["Battle Trance"]},{"damage_healed":0,"gold_gain":0,"player_choice":"Fought Bandits","damage_taken":0,"max_hp_gain":0,"max_hp_loss":0,"event_name":"Masked Bandits","floor":24,"gold_loss":0}],"is_beta":false,"boss_relics":[{"not_picked":["Runic Pyramid","Mark of Pain"],"picked":"Cursed Key"}],"items_purged_floors":[4,19],"is_endless":false,"potions_floor_spawned":[2,7,13,18,22],"killed_by":"Gremlin Leader","ascension_level":20}}