{"host":"u2grshebrc5rdzdn","time":1608465293,"event":{"mods":["AchievementEnabler","BaseMod","Minty Spire (QoL Compilation)","StSLib"],"gold_per_floor":[116,116,116,130,150,181,181,224,274,287,287,322,343,387,387,512,512,533,533,533,458,373,373,413,139,139,139,152,152,152],"floor_reached":29,"playtime":2404,"items_purged":["Strike_P","Strike_P"],"score":367,"play_id":"bad39ca1-11fc-42c6-a822-e24e5c69cca9","local_time":"20201220125453","is_ascension_mode":true,"campfire_choices":[{"data":"Conclude","floor":7,"key":"SMITH"},{"floor":15,"key":"REST"},{"floor":23,"key":"REST"},{"floor":27,"key":"REST"}],"circlet_count":0,"master_deck":["Strike_P","Strike_P","Defend_P","Defend_P","Defend_P","Defend_P","Eruption+1","Vigilance","Conclude+1","CutThroughFate","Protect","ForeignInfluence","EmptyBody","WaveOfTheHand","EmptyFist","InnerPeace","BowlingBash","Devotion","FlurryOfBlows","Blasphemy"],"relics":["SacredBark","Golden Idol","Juzu Bracelet","Anchor","Bag of Marbles","Matryoshka","Bottled Flame","Black Star","Nloth\u0027s Gift","Nilry\u0027s Codex","Shovel","Pantograph","GoldenEye","Oddly Smooth Stone","Pocketwatch"],"acts_visited":["Exordium","TheCity"],"potions_floor_usage":[8,14,28,29],"damage_taken":[{"damage":0,"enemies":"2 Louse","floor":1,"turns":3},{"damage":0,"enemies":"Cultist","floor":4,"turns":2},{"damage":2,"enemies":"Jaw Worm","floor":5,"turns":3},{"damage":16,"enemies":"Gremlin Nob","floor":6,"turns":3},{"damage":13,"enemies":"Lagavulin","floor":8,"turns":4},{"damage":0,"enemies":"Gremlin Gang","floor":10,"turns":2},{"damage":0,"enemies":"Gremlin Nob","floor":12,"turns":2},{"damage":1,"enemies":"Blue Slaver","floor":13,"turns":4},{"damage":0,"enemies":"3 Sentries","floor":14,"turns":3},{"damage":18,"enemies":"The Guardian","floor":16,"turns":14},{"damage":36,"enemies":"Spheric Guardian","floor":18,"turns":6},{"damage":84,"enemies":"Book of Stabbing","floor":24,"turns":9},{"damage":0,"enemies":"3 Byrds","floor":28,"turns":3},{"damage":30,"enemies":"Slavers","floor":29,"turns":3}],"seed_played":"-9053351433187821607","potions_obtained":[{"floor":1,"key":"GamblersBrew"},{"floor":6,"key":"BottledMiracle"},{"floor":12,"key":"FairyPotion"},{"floor":13,"key":"PowerPotion"},{"floor":24,"key":"Fire Potion"}],"is_trial":false,"path_per_floor":["M","?","?","M","M","E","R","E","T","M","?","E","M","E","R","B",null,"M","?","?","$","?","R","E","$","T","R","M","E"],"character_chosen":"WATCHER","items_purchased":["DistilledChaos","Strength Potion","FlurryOfBlows"],"campfire_rested":3,"item_purchase_floors":[25,25,25],"current_hp_per_floor":[72,54,54,54,52,36,36,23,23,23,23,23,22,22,43,25,72,36,36,20,20,20,41,8,8,8,29,29,0,0],"gold":152,"neow_bonus":"BOSS_RELIC","is_daily":false,"chose_seed":false,"campfire_upgraded":1,"win_rate":0.0,"timestamp":1608465293,"path_taken":["M","?","?","M","?","E","R","E","T","M","?","E","M","E","R","BOSS","M","?","?","$","?","R","E","$","T","R","M","E"],"items_purchased_type":["Potion","Potion","Card"],"build_version":"2020-12-13","purchased_purges":2,"victory":false,"max_hp_per_floor":[72,72,72,72,72,72,72,72,72,72,72,72,72,72,72,72,72,72,72,72,72,72,72,72,72,72,72,72,72,72],"card_choices":[{"not_picked":["EmptyMind","EmptyFist"],"picked":"Conclude","floor":1},{"not_picked":["JustLucky","Prostrate"],"picked":"CutThroughFate","floor":4},{"not_picked":["WindmillStrike","Evaluate"],"picked":"Protect","floor":5},{"not_picked":["ClearTheMind","Establishment"],"picked":"ForeignInfluence","floor":6},{"not_picked":["Wallop","ThirdEye"],"picked":"EmptyBody","floor":8},{"not_picked":["PathToVictory","Consecrate"],"picked":"WaveOfTheHand","floor":10},{"not_picked":["DevaForm","JustLucky"],"picked":"EmptyFist","floor":12},{"not_picked":["ThirdEye","SashWhip"],"picked":"InnerPeace","floor":13},{"not_picked":["ThirdEye","Vault"],"picked":"BowlingBash","floor":14},{"not_picked":["Judgement","MasterReality"],"picked":"Devotion","floor":16},{"not_picked":["Evaluate","PathToVictory","SashWhip"],"picked":"SKIP","floor":18},{"not_picked":["Establishment","FollowUp","Indignation"],"picked":"SKIP","floor":24},{"not_picked":["Protect","BowlingBash"],"picked":"Blasphemy","floor":28}],"player_experience":320362,"relics_obtained":[{"floor":6,"key":"Juzu Bracelet"},{"floor":8,"key":"Anchor"},{"floor":9,"key":"Bag of Marbles"},{"floor":12,"key":"Matryoshka"},{"floor":14,"key":"Bottled Flame"},{"floor":20,"key":"Nilry\u0027s Codex"},{"floor":24,"key":"Pantograph"},{"floor":24,"key":"GoldenEye"},{"floor":26,"key":"Oddly Smooth Stone"},{"floor":26,"key":"Pocketwatch"}],"event_choices":[{"damage_healed":0,"gold_gain":0,"player_choice":"Take Damage","damage_taken":18,"relics_obtained":["Golden Idol"],"max_hp_gain":0,"max_hp_loss":0,"event_name":"Golden Idol","floor":2,"gold_loss":0},{"damage_healed":0,"gold_gain":0,"player_choice":"Gave Potion","damage_taken":0,"relics_obtained":["Darkstone Periapt"],"max_hp_gain":0,"max_hp_loss":0,"event_name":"WeMeetAgain","floor":3,"gold_loss":0},{"damage_healed":0,"gold_gain":0,"player_choice":"Upgraded","damage_taken":0,"max_hp_gain":0,"max_hp_loss":0,"event_name":"Upgrade Shrine","floor":11,"gold_loss":0,"cards_upgraded":["Eruption"]},{"damage_healed":0,"gold_gain":0,"player_choice":"Traded Relic","damage_taken":0,"relics_obtained":["Nloth\u0027s Gift"],"max_hp_gain":0,"max_hp_loss":0,"event_name":"N\u0027loth","floor":19,"relics_lost":["Darkstone Periapt"],"gold_loss":0},{"damage_healed":0,"gold_gain":0,"player_choice":"Obtained Book","damage_taken":16,"max_hp_gain":0,"max_hp_loss":0,"event_name":"Cursed Tome","floor":20,"gold_loss":0},{"damage_healed":0,"gold_gain":0,"player_choice":"Obtained Relic","damage_taken":0,"relics_obtained":["Shovel"],"max_hp_gain":0,"max_hp_loss":0,"event_name":"Addict","floor":22,"gold_loss":85}],"is_beta":false,"boss_relics":[{"not_picked":["Ectoplasm","Sozu"],"picked":"Black Star"}],"items_purged_floors":[21,25],"is_endless":false,"potions_floor_spawned":[1,6,12,13,24],"killed_by":"Slavers","ascension_level":3}}