{"host":"oamyyaqfhwqk734h","time":1608493054,"event":{"mods":["2.2 Compatiblity","AchievementEnabler","Act Like it!","AlwaysNeverKeys","Aspiration","Bard","BaseMod","Beaked The Cultist","BetterRewards","Block Reminder","CCEM","Card Forge","Clawfect","Colored Map","Colored Powertips","Conspire","DeckTracker","Dio Mod","Downfall","Friendly Minions","GifTheSpireLib","Googly Eyes","Gremlin Mod","Halation","Highlight Path","Hubris","Hunter ??","Infinite Spire","Jedi Mod","Mad Scientist","Marisa????????","Mimic Mod","Minty Spire (QoL Compilation)","Permanent Neow","Quick Restart","Rare Cards Sparkle","Replay The Spire","Shop Mod","Small Relic Pack","StSLib","Stuff the Spire","SuperFastMode","Synergy Search","The Administrix","The Animator","The Blackbeard","The Bug Knight","The Construct","The Cursed","The Disciple","The Forsaken","The Gatherer","The Hierophant","The IronCluck","The Jungle","The Mystic","The Necromancer","The Problem Sleuth","The Runesmith","The Servant 0.9.4","The Spell Scribe","TheBandit","Unceasing Turn Reminder","[IsaacMod]????"],"gold_per_floor":[24,24,43,43,80,73,73,73,112,37,51,51,66,66,86,191,191,216,216,216,234,264,264,317,317,339,339,339,339],"floor_reached":28,"playtime":1763,"items_purged":[],"score":342,"play_id":"d16695e3-06ad-4fc3-9cca-2e1063f2575d","local_time":"20201220203734","is_ascension_mode":false,"campfire_choices":[{"data":"hexamod:Float","floor":1.0,"key":"SMITH"},{"floor":8.0,"key":"REST"},{"data":"hexamod:StepThrough","floor":10.0,"key":"SMITH"},{"floor":27.0,"key":"REST"}],"circlet_count":0,"master_deck":["conspire:GhostlyStrike","conspire:GhostlyStrike+1","conspire:GhostlyStrike+1","conspire:GhostlyStrike","conspire:GhostlyDefend","conspire:GhostlyDefend","conspire:GhostlyDefend","conspire:GhostlyDefend","hexamod:Sear+1","hexamod:Float+1","Regret","hexamod:Rewind+1","hexamod:SpectersWail","hexamod:StepThrough+1","hexamod:SpectersWail+1","hexamod:SkipABeat","hexamod:ThirdSeal","hexamod:ThirdSeal","hexamod:SixthSeal","hexamod:VolcanoVisage+1","hexamod:FifthSeal","hexamod:HauntingEcho","hexamod:HauntingEcho","hexamod:EmpoweredFlame+1","hexamod:FirstSeal","infinitespire:NeuralNetwork","hexamod:SixthSeal","hexamod:SecondSeal","hexamod:SixthSeal","hexamod:FirstSeal"],"relics":["hexamod:SpiritBrand","Hammer of Thor","Seething Fire","Anvil of the Gods","HushsDoor","PokeGo","Blue Doll","downfall:HeartBlessingGreen","hubris:SlimyHat","aspiration:BabyByrd","HowToJump","InkBottle","hexamod:TheBrokenSeal","Dream Catcher","downfall:HeartBlessingBlue","downfall:HeartBlessingRed","relicPack:OneForAll","hubris:ToyBattleship","halation:StarCompass","Art of War"],"acts_visited":["Exordium","theJungle:Jungle"],"potions_floor_usage":[],"damage_taken":[{"damage":8.0,"enemies":"Jaw Worm","floor":3.0,"turns":5.0},{"damage":58.0,"enemies":"Gremlin Nob","floor":5.0,"turns":7.0},{"damage":4.0,"enemies":"downfall:FleeingMerchant","floor":6.0,"turns":4.0},{"damage":8.0,"enemies":"3 Sentries","floor":9.0,"turns":6.0},{"damage":4.0,"enemies":"Small Slimes","floor":11.0,"turns":2.0},{"damage":0.0,"enemies":"2 Louse","floor":13.0,"turns":1.0},{"damage":0.0,"enemies":"Lots of Slimes","floor":15.0,"turns":2.0},{"damage":42.0,"enemies":"downfall:Defect","floor":16.0,"turns":5.0},{"damage":8.0,"enemies":"theJungle:MUSHROOMGANG","floor":21.0,"turns":4.0},{"damage":38.0,"enemies":"Nightmare","floor":22.0,"turns":9.0},{"damage":33.0,"enemies":"Shell Parasite","floor":26.0,"turns":5.0},{"damage":38,"enemies":"theJungle:2_Flameangoes","floor":28,"turns":5}],"seed_played":"-2441593681949530210","potions_obtained":[{"floor":3.0,"key":"Toxic Potion"},{"floor":5.0,"key":"FearPotion"},{"floor":6.0,"key":"Explosive Potion"},{"floor":9.0,"key":"BlessingOfTheForge"},{"floor":11.0,"key":"jedi:wingpotion"},{"floor":15.0,"key":"BlessingOfTheForge"}],"is_trial":false,"path_per_floor":["R","?","M","?","E","$","T","R","E","R","M","?","M","?","M","B",null,"R_BF","?","?","M","NM","?","T","R","M","R","M"],"character_chosen":"THE_SPIRIT","items_purchased":[],"campfire_rested":2,"item_purchase_floors":[],"current_hp_per_floor":[70,70,69,69,18,21,21,42,80,90,86,86,86,86,86,44,90,84,84,84,76,45,45,45,45,19,46,8,8],"gold":339,"neow_bonus":"RANDOM_COMMON_RELIC","is_daily":false,"chose_seed":false,"campfire_upgraded":2,"win_rate":0.0,"timestamp":1608493054,"path_taken":["R","?","M","?","E","$","T","R","E","R","M","?","?","?","M","BOSS","R_BF","?","?","M","NM","?","T","R","M","R","M"],"items_purchased_type":[],"build_version":"2020-12-13","purchased_purges":0,"victory":false,"max_hp_per_floor":[70,70,70,70,70,70,70,70,80,90,90,90,90,90,90,90,90,90,90,90,90,90,90,90,90,90,90,90,90],"card_choices":[{"not_picked":["hexamod:BurningTouch","hexamod:Haunt"],"picked":"hexamod:Rewind","floor":3.0},{"not_picked":["hexamod:RadiantFlame","hexamod:ThirdSeal","hexamod:RainOfEmbers"],"picked":"SKIP","floor":3.0},{"not_picked":["hexamod:GhostOfSpireFuture","hexamod:BacktrackSmack"],"picked":"hexamod:SpectersWail","floor":5.0},{"not_picked":["hexamod:PhantomCloak","hexamod:EtherealExpedition","hexamod:FourthSeal"],"picked":"SKIP","floor":5.0},{"not_picked":["hexamod:FifthSeal","hexamod:BacktrackSmack"],"picked":"hexamod:StepThrough","floor":6.0},{"not_picked":["hexamod:HauntingEcho","hexamod:ShieldOfDarkness"],"picked":"hexamod:SpectersWail","floor":6.0},{"not_picked":["hexamod:BurningTouch","hexamod:Firestarter","hexamod:ThermalTransfer"],"picked":"SKIP","floor":9.0},{"not_picked":["hexamod:NightmareGuise","hexamod:Hexaguard"],"picked":"hexamod:SkipABeat","floor":11.0},{"not_picked":["hexamod:ShieldOfDarkness","hexamod:GhostLash"],"picked":"hexamod:ThirdSeal","floor":13.0},{"not_picked":["hexamod:SpectralAdrenaline","hexamod:GhostOfSpireFuture"],"picked":"hexamod:ThirdSeal","floor":15.0},{"not_picked":["hexamod:CrushingStance","hexamod:TimeOfNeed"],"picked":"hexamod:SixthSeal","floor":16.0},{"not_picked":["hexamod:TurnItUp","hexamod:EmpoweringStance"],"picked":"hexamod:VolcanoVisage","floor":16.0},{"not_picked":["hexamod:HexaLevel","hexamod:CrushingStance"],"picked":"hexamod:FifthSeal","floor":16.0},{"not_picked":["hexamod:GhostflameInferno","hexamod:AdvancingGuard+1"],"picked":"hexamod:HauntingEcho","floor":21.0},{"not_picked":["hexamod:NightmareGuise","hexamod:SwordOfDarkness"],"picked":"hexamod:HauntingEcho","floor":21.0},{"not_picked":["hexamod:BurningTouch","hexamod:Hexaguard"],"picked":"hexamod:EmpoweredFlame+1","floor":21.0},{"not_picked":["hexamod:SecondSeal","hexamod:FourthSeal"],"picked":"hexamod:FirstSeal","floor":21.0},{"not_picked":["infinitespire:Oblivion","ReplayTheSpireMod:Black Plague"],"picked":"infinitespire:NeuralNetwork","floor":22.0},{"not_picked":["hexamod:SpectralAdrenaline","hexamod:AdvancingGuard"],"picked":"hexamod:SixthSeal","floor":22.0},{"not_picked":["hexamod:ThirdSeal","hexamod:FirstSeal"],"picked":"hexamod:SecondSeal","floor":22.0},{"not_picked":["hexamod:FifthSeal","hexamod:CatchUp","hexamod:SkipABeat"],"picked":"SKIP","floor":22.0},{"not_picked":["hexamod:ThirdSeal","hexamod:SecondSeal"],"picked":"hexamod:SixthSeal","floor":26.0},{"not_picked":["hexamod:AdvancingGuard+1","hexamod:GhostflameInferno"],"picked":"hexamod:FirstSeal","floor":26.0},{"not_picked":["hexamod:SwordOfDarkness","hexamod:HeatCrush","hexamod:NightmareStrike"],"picked":"SKIP","floor":26.0},{"not_picked":["hexamod:ThermalTransfer","hexamod:SoulSteal","hexamod:HeatMetal"],"picked":"SKIP","floor":26.0}],"player_experience":190677,"relics_obtained":[{"floor":5.0,"key":"HowToJump"},{"floor":7.0,"key":"InkBottle"},{"floor":9.0,"key":"Dream Catcher"},{"floor":22.0,"key":"hubris:ToyBattleship"},{"floor":24.0,"key":"Art of War"}],"event_choices":[{"damage_healed":0.0,"max_hp_gain":0.0,"max_hp_loss":0.0,"gold_gain":0.0,"event_name":"Big Fish","player_choice":"Box","floor":2.0,"gold_loss":0.0,"damage_taken":0.0,"relics_obtained":["hubris:SlimyHat"],"cards_obtained":["Regret"]},{"damage_healed":0.0,"max_hp_gain":0.0,"max_hp_loss":0.0,"gold_gain":0.0,"event_name":"conspire:LoneGhost","player_choice":"Agree","floor":12.0,"gold_loss":0.0,"damage_taken":0.0}],"is_beta":false,"boss_relics":[{"not_picked":["Cursed Key","StuffTheSpire:RunicConfusion","aspiration:RunicSpoon"]}],"items_purged_floors":[],"is_endless":false,"potions_floor_spawned":[9,11,15],"killed_by":"theJungle:2_Flameangoes","ascension_level":0}}