{"host":"md89vqicwl6qtmdx","time":1608448521,"event":{"mods":["AchievementEnabler","BaseMod","Colored Powertips","Downfall","Highlight Path","Minty Spire (QoL Compilation)","Quick Restart","Shop Mod","StSLib","SuperFastMode"],"gold_per_floor":[99,99,111,123,137,137,187,205,205,235,254,44,56,67,83,185,185,110,110,129,139,164,184,231,231,264,264,278,278,297,297,315,315,315],"floor_reached":33,"playtime":3245,"items_purged":[],"score":293,"play_id":"59d0a305-3305-4c2d-8798-2618bb0204b0","local_time":"20201220151521","is_ascension_mode":false,"campfire_choices":[{"data":"Slimebound:CorrosiveSpit","floor":1.0,"key":"SMITH"},{"data":"Slimebound:ProtectTheBoss","floor":6.0,"key":"SMITH"},{"data":"Slimebound:Split","floor":9.0,"key":"SMITH"},{"data":"Slimebound:SelfFormingGoo","floor":18.0,"key":"SMITH"},{"floor":25.0,"key":"DIG"},{"floor":27.0,"key":"DIG"}],"circlet_count":0,"master_deck":["Slimebound:Strike_Slimebound+1","Slimebound:Strike_Slimebound+1","Slimebound:Strike_Slimebound+1","Slimebound:Tackle","Slimebound:Defend_Slimebound+1","Slimebound:Defend_Slimebound+1","Slimebound:Defend_Slimebound+1","Slimebound:Defend_Slimebound+1","Slimebound:Split+1","Slimebound:CorrosiveSpit+1","Slimebound:LevelUp","Slimebound:ProtectTheBoss+1","Slimebound:SamplingLick","Slimebound:SlimeSpikes","Slimebound:Gluttony","Slimebound:OneTwoCombo","Slimebound:SpikyOuterGoop","Slimebound:SlimeSpikes","Slimebound:SlimeSpikes","Slimebound:SelfFormingGoo+1","CurseOfTheBell","Slimebound:RejuvenatingLick","Slimebound:LevelUp","Slimebound:OozeBath","Slimebound:RainOfGoop+1","Slimebound:SplitBruiser"],"relics":["Slimebound:AbsorbEndCombat","Oddly Smooth Stone","Smiling Mask","PreservedInsect","Calling Bell","Vajra","Gremlin Horn","FossilizedHelix","downfall:HeartBlessingGreen","Shovel","Ancient Tea Set","The Courier","Frozen Egg 2","Omamori"],"acts_visited":["Exordium","TheCity"],"potions_floor_usage":[],"damage_taken":[{"damage":10.0,"enemies":"2 Louse","floor":3.0,"turns":5.0},{"damage":4.0,"enemies":"Cultist","floor":4.0,"turns":4.0},{"damage":16.0,"enemies":"Small Slimes","floor":5.0,"turns":6.0},{"damage":4.0,"enemies":"3 Louse","floor":8.0,"turns":5.0},{"damage":24.0,"enemies":"Gremlin Nob","floor":10.0,"turns":5.0},{"damage":16.0,"enemies":"Red Slaver","floor":11.0,"turns":4.0},{"damage":8.0,"enemies":"downfall:FleeingMerchant","floor":12.0,"turns":4.0},{"damage":8.0,"enemies":"Large Slime","floor":13.0,"turns":5.0},{"damage":1.0,"enemies":"3 Louse","floor":14.0,"turns":4.0},{"damage":12.0,"enemies":"Lots of Slimes","floor":15.0,"turns":3.0},{"damage":62.0,"enemies":"downfall:Defect","floor":16.0,"turns":11.0},{"damage":5.0,"enemies":"Shell Parasite","floor":20.0,"turns":7.0},{"damage":16.0,"enemies":"3 Byrds","floor":21.0,"turns":4.0},{"damage":36.0,"enemies":"Gremlin Leader","floor":22.0,"turns":5.0},{"damage":28.0,"enemies":"Cultist and Chosen","floor":23.0,"turns":7.0},{"damage":28.0,"enemies":"Slavers","floor":26.0,"turns":4.0},{"damage":35.0,"enemies":"Snecko","floor":28.0,"turns":9.0},{"damage":12.0,"enemies":"Shelled Parasite and Fungi","floor":30.0,"turns":6.0},{"damage":20,"enemies":"Centurion and Healer","floor":32,"turns":8},{"damage":38,"enemies":"downfall:Silent","floor":33,"turns":8}],"seed_played":"-8711824242787320568","potions_obtained":[{"floor":2.0,"key":"SmokeBomb"},{"floor":2.0,"key":"hexamod:EctoCoolerPotion"},{"floor":2.0,"key":"Swift Potion"},{"floor":4.0,"key":"Explosive Potion"},{"floor":10.0,"key":"ColorlessPotion"},{"floor":11.0,"key":"Block Potion"},{"floor":15.0,"key":"SpeedPotion"},{"floor":20.0,"key":"Explosive Potion"},{"floor":23.0,"key":"FairyPotion"},{"floor":28.0,"key":"DistilledChaos"}],"is_trial":false,"path_per_floor":["R","?","M","M","M","R","T","M","R","E","M","$","M","M","M","B",null,"R","?","M","M","E","M","T","R","E","R","M","?","M","?","M","B"],"character_chosen":"SLIMEBOUND","items_purchased":["PreservedInsect","Slimebound:SpikyOuterGoop"],"campfire_rested":0,"item_purchase_floors":[12,12],"current_hp_per_floor":[66,66,62,66,58,58,58,64,64,56,54,60,66,66,66,30,66,66,66,66,56,34,24,24,24,31,31,14,14,24,24,26,0,0],"gold":315,"neow_bonus":"TEN_PERCENT_HP_BONUS","is_daily":false,"chose_seed":false,"campfire_upgraded":4,"win_rate":0.0,"timestamp":1608448521,"path_taken":["R","?","M","M","M","R","T","M","R","E","M","?","M","M","M","BOSS","R","?","?","M","E","M","T","R","E","R","M","?","M","?","M","BOSS"],"items_purchased_type":["Relic","Card"],"build_version":"2020-12-13","purchased_purges":0,"victory":false,"max_hp_per_floor":[66,66,66,66,66,66,66,66,66,66,66,66,66,66,66,66,66,66,66,66,66,66,66,66,66,66,66,66,66,66,66,66,66,66],"card_choices":[{"not_picked":["Slimebound:SplitAcid","Slimebound:SlimeBarrage"],"picked":"Slimebound:LevelUp","floor":3.0},{"not_picked":["Slimebound:SpikyOuterGoop","Slimebound:SplitBruiser"],"picked":"Slimebound:ProtectTheBoss","floor":4.0},{"not_picked":["Slimebound:Prepare","Slimebound:LivingWall"],"picked":"Slimebound:SamplingLick","floor":5.0},{"not_picked":["Slimebound:ViciousTackle","Slimebound:LivingWall"],"picked":"Slimebound:SlimeSpikes","floor":8.0},{"not_picked":["Slimebound:GoopTackle","Slimebound:ComboTackle"],"picked":"Slimebound:Gluttony","floor":10.0},{"not_picked":["Slimebound:SplitMire","Slimebound:GoopSpray","Slimebound:RollThrough"],"picked":"SKIP","floor":11.0},{"not_picked":["Slimebound:Equalize","Slimebound:DisruptingSlam"],"picked":"Slimebound:OneTwoCombo","floor":12.0},{"not_picked":["Slimebound:GrowthPunch","Slimebound:FinishingTackle"],"picked":"Slimebound:SlimeSpikes","floor":13.0},{"not_picked":["Slimebound:ProtectTheBoss","Slimebound:Dissolve","Slimebound:FinishingTackle"],"picked":"SKIP","floor":14.0},{"not_picked":["Slimebound:Chomp","Slimebound:FinishingTackle"],"picked":"Slimebound:SlimeSpikes","floor":15.0},{"not_picked":["Slimebound:Overexert","Slimebound:OozeBath"],"picked":"Slimebound:SelfFormingGoo","floor":16.0},{"not_picked":["Slimebound:RollThrough","Slimebound:ComboTackle","Slimebound:Schlurp+1"],"picked":"SKIP","floor":20.0},{"not_picked":["Slimebound:ViciousTackle","Slimebound:LeechingTouch"],"picked":"Slimebound:RejuvenatingLick","floor":21.0},{"not_picked":["Slimebound:RollThrough","Slimebound:SlimeTap","Slimebound:GoopSpray"],"picked":"SKIP","floor":22.0},{"not_picked":["Slimebound:Nibble+1","Slimebound:SamplingLick"],"picked":"Slimebound:LevelUp","floor":23.0},{"not_picked":["Slimebound:ComboTackle+1","Slimebound:Gluttony+1"],"picked":"Slimebound:OozeBath","floor":26.0},{"not_picked":["Slimebound:GoopTackle+1","Slimebound:SplitBruiser"],"picked":"Slimebound:RainOfGoop+1","floor":28.0},{"not_picked":["Slimebound:FinishingTackle","Slimebound:RollThrough","Slimebound:LeechEnergy"],"picked":"SKIP","floor":30.0},{"not_picked":["Slimebound:ItLooksTasty","Slimebound:ComboTackle"],"picked":"Slimebound:SplitBruiser","floor":32}],"player_experience":210331,"relics_obtained":[{"floor":7.0,"key":"Oddly Smooth Stone"},{"floor":10.0,"key":"Smiling Mask"},{"floor":17.0,"key":"Vajra"},{"floor":17.0,"key":"Gremlin Horn"},{"floor":17.0,"key":"FossilizedHelix"},{"floor":22.0,"key":"Shovel"},{"floor":24.0,"key":"Ancient Tea Set"},{"floor":25.0,"key":"The Courier"},{"floor":26.0,"key":"Frozen Egg 2"},{"floor":27.0,"key":"Omamori"}],"event_choices":[{"damage_healed":0.0,"max_hp_gain":0.0,"max_hp_loss":0.0,"gold_gain":0.0,"event_name":"Lab","player_choice":"Got Potions","floor":2.0,"gold_loss":0.0,"damage_taken":0.0},{"damage_healed":0.0,"max_hp_gain":0.0,"max_hp_loss":0.0,"gold_gain":0.0,"event_name":"Back to Basics","player_choice":"Simplicity","floor":31.0,"gold_loss":0.0,"damage_taken":0.0,"cards_upgraded":["Slimebound:Strike_Slimebound","Slimebound:Strike_Slimebound","Slimebound:Strike_Slimebound","Slimebound:Defend_Slimebound","Slimebound:Defend_Slimebound","Slimebound:Defend_Slimebound","Slimebound:Defend_Slimebound"]}],"is_beta":false,"boss_relics":[{"not_picked":["Sozu","Pandora\u0027s Box"],"picked":"Calling Bell"}],"items_purged_floors":[],"is_endless":false,"potions_floor_spawned":[4,10,11,14,15,20,23,28],"killed_by":"downfall:Silent","ascension_level":0}}