{"host":"qwttrqaysb380yri","time":1608496840,"event":{"mods":["BaseMod","Custom Start","Minty Spire (QoL Compilation)","Permanent Neow","Puzzle Mod","Relic Stats","StSLib","The Cursed","The Hierophant"],"gold_per_floor":[111,111,35,48,62,96,96,96,121,146,159,159,190,65,65,141,141,159,74,24,56,56,89,89,89,89],"floor_reached":25,"playtime":738,"items_purged":["Pain","Regret"],"score":485,"play_id":"ff669e76-a591-4b9d-9e00-f2d691a13378","local_time":"20201220214040","is_ascension_mode":true,"campfire_choices":[{"data":"Turbo","floor":7,"key":"SMITH"},{"data":"Redo","floor":15,"key":"SMITH"},{"data":"Consume","floor":24,"key":"SMITH"}],"circlet_count":0,"master_deck":["AscendersBane","Strike_B","Strike_B+1","Defend_B+1","Defend_B","Defend_B","Zap+1","Dualcast","Darkness+1","Rip and Tear+1","Lockon+1","Rip and Tear+1","Compile Driver","Turbo+1","Steam","Ball Lightning","Glacier","Capacitor","Compile Driver","Rainbow","Redo+1","Biased Cognition","Conserve Battery","Hologram+1","Aggregate","Consume+1"],"relics":["Astrolabe","War Paint","Symbiotic Virus","WarpedTongs","Akabeko","Whetstone","Bird Faced Urn","Bottled Lightning","Philosopher\u0027s Stone","Smiling Mask","Red Mask","Anchor"],"acts_visited":["Exordium","TheCity"],"potions_floor_usage":[6,16,23,25],"damage_taken":[{"damage":1,"enemies":"Cultist","floor":1,"turns":3},{"damage":2,"enemies":"Jaw Worm","floor":4,"turns":2},{"damage":0,"enemies":"Small Slimes","floor":5,"turns":3},{"damage":3,"enemies":"Lagavulin","floor":6,"turns":4},{"damage":0,"enemies":"Gremlin Nob","floor":10,"turns":2},{"damage":7,"enemies":"Exordium Thugs","floor":11,"turns":4},{"damage":7,"enemies":"3 Sentries","floor":13,"turns":4},{"damage":33,"enemies":"The Guardian","floor":16,"turns":8},{"damage":22,"enemies":"3 Byrds","floor":18,"turns":3},{"damage":8,"enemies":"Masked Bandits","floor":21,"turns":3},{"damage":10,"enemies":"Book of Stabbing","floor":23,"turns":3},{"damage":30,"enemies":"Gremlin Leader","floor":25,"turns":4}],"seed_played":"1644442460205839116","potions_obtained":[{"floor":1,"key":"ColorlessPotion"},{"floor":4,"key":"PowerPotion"},{"floor":13,"key":"Energy Potion"},{"floor":21,"key":"DistilledChaos"}],"is_trial":false,"path_per_floor":["M","?","$","M","M","E","R","?","T","E","M","?","E","$","R","B",null,"M","?","$","?","?","E","R","E"],"character_chosen":"DEFECT","items_purchased":["Compile Driver","Turbo","Redo"],"campfire_rested":0,"item_purchase_floors":[3,3,14],"current_hp_per_floor":[63,63,63,61,61,58,58,58,58,58,51,51,44,44,44,13,57,37,37,37,33,33,25,25,0,0],"gold":89,"neow_bonus":"BOSS_RELIC","is_daily":false,"chose_seed":false,"campfire_upgraded":3,"win_rate":0.0,"timestamp":1608496840,"path_taken":["M","?","$","M","M","E","R","?","T","E","?","?","E","?","R","BOSS","M","?","$","?","?","E","R","E"],"items_purchased_type":["Card","Card","Card"],"build_version":"2020-12-13","purchased_purges":2,"victory":false,"max_hp_per_floor":[71,71,71,71,71,71,71,71,71,71,71,71,71,71,71,71,71,71,71,71,71,71,71,71,71,71],"relic_stats":{"counters":[12,43],"Astrolabe":["Darkness","Rip and Tear","Lockon"],"Bird Faced Urn":[12],"Whetstone":["Rip and Tear","Strike_B"],"War Paint":["Defend_B","Zap"],"Smiling Mask":50,"obtain_stats":[{"Astrolabe":0,"Whetstone":10,"War Paint":2,"Smiling Mask":19,"Akabeko":9,"WarpedTongs":8,"Anchor":23,"Bird Faced Urn":12,"Philosopher\u0027s Stone":17,"Red Mask":21,"Bottled Lightning":13,"Cracked Core":0,"Symbiotic Virus":6},{"Astrolabe":0,"Whetstone":5,"War Paint":1,"Smiling Mask":9,"Akabeko":4,"WarpedTongs":4,"Anchor":11,"Bird Faced Urn":6,"Philosopher\u0027s Stone":8,"Red Mask":10,"Bottled Lightning":7,"Cracked Core":0,"Symbiotic Virus":4},{"Astrolabe":0,"Whetstone":14,"War Paint":3,"Smiling Mask":33,"Akabeko":12,"WarpedTongs":12,"Anchor":39,"Bird Faced Urn":18,"Philosopher\u0027s Stone":30,"Red Mask":36,"Bottled Lightning":22,"Cracked Core":0,"Symbiotic Virus":12}],"WarpedTongs":[29]},"card_choices":[{"not_picked":["Streamline","Double Energy"],"picked":"Rip and Tear","floor":1},{"not_picked":["Heatsinks","Turbo"],"picked":"Steam","floor":4},{"not_picked":["Cold Snap","Consume"],"picked":"Ball Lightning","floor":5},{"not_picked":["Loop","Streamline"],"picked":"Glacier","floor":6},{"not_picked":["Leap","Turbo"],"picked":"Capacitor","floor":10},{"not_picked":["Stack","Steam"],"picked":"Compile Driver","floor":11},{"not_picked":["Auto Shields","Reprogram"],"picked":"Rainbow","floor":13},{"not_picked":["Reboot","Hyperbeam"],"picked":"Biased Cognition","floor":16},{"not_picked":["Leap","Steam"],"picked":"Conserve Battery","floor":18},{"not_picked":["Beam Cell","Force Field+1"],"picked":"Hologram+1","floor":21},{"not_picked":["Cold Snap","Reboot"],"picked":"Consume","floor":23}],"player_experience":1912939,"relics_obtained":[{"floor":6,"key":"Symbiotic Virus"},{"floor":9,"key":"Akabeko"},{"floor":10,"key":"Whetstone"},{"floor":13,"key":"Bottled Lightning"},{"floor":21,"key":"Red Mask"},{"floor":23,"key":"Anchor"}],"event_choices":[{"damage_healed":0,"gold_gain":0,"player_choice":"Box","damage_taken":0,"relics_obtained":["War Paint"],"max_hp_gain":0,"max_hp_loss":0,"event_name":"Big Fish","floor":2,"gold_loss":0,"cards_obtained":["Regret"]},{"damage_healed":0,"gold_gain":0,"player_choice":"Rummage","damage_taken":0,"relics_obtained":["WarpedTongs"],"max_hp_gain":0,"max_hp_loss":0,"event_name":"Accursed Blacksmith","floor":8,"gold_loss":0,"cards_obtained":["Pain"]},{"damage_healed":0,"gold_gain":0,"player_choice":"Searched \u00272\u0027 times","damage_taken":0,"relics_obtained":["Bird Faced Urn"],"max_hp_gain":0,"max_hp_loss":0,"event_name":"Dead Adventurer","floor":12,"gold_loss":0},{"damage_healed":0,"gold_gain":0,"player_choice":"Obtained Relic","damage_taken":0,"relics_obtained":["Smiling Mask"],"max_hp_gain":0,"max_hp_loss":0,"event_name":"Addict","floor":19,"gold_loss":85},{"damage_healed":0,"gold_gain":0,"player_choice":"Fought Bandits","damage_taken":0,"max_hp_gain":0,"max_hp_loss":0,"event_name":"Masked Bandits","floor":21,"gold_loss":0},{"damage_healed":0,"gold_gain":0,"player_choice":"Read","damage_taken":0,"max_hp_gain":0,"max_hp_loss":0,"event_name":"The Library","floor":22,"gold_loss":0,"cards_obtained":["Aggregate"]}],"is_beta":false,"boss_relics":[{"not_picked":["Fusion Hammer","Runic Pyramid"],"picked":"Philosopher\u0027s Stone"}],"items_purged_floors":[14,20],"is_endless":false,"potions_floor_spawned":[1,4,13,21],"killed_by":"Gremlin Leader","ascension_level":14}}