{"host":"gj32n68c553yo87c","time":1608445634,"event":{"mods":["BaseMod","Downfall","Minty Spire (QoL Compilation)","Replay The Spire","StSLib","The Cursed"],"gold_per_floor":[116,116,116,116,41,71,71,87,87,114,64,77,95,95,95,190,190,205,205,217,235,247,247,275,275,275,288,288,299,314,324,324,429,429,449,549,567,567,585,585,585,597,597,597,607,607,372,389,389,389],"floor_reached":51,"playtime":3044,"items_purged":["Strike_G","Parasite"],"score":956,"play_id":"75439dc1-a0ce-458e-b729-069274737d3d","local_time":"20201219222714","is_ascension_mode":false,"campfire_choices":[{"data":"Blade Dance","floor":7.0,"key":"SMITH"},{"data":"Finisher","floor":15.0,"key":"SMITH"},{"data":"Hidden Blade","floor":23.0,"key":"SMITH"},{"floor":25.0,"key":"REST"},{"floor":32.0,"key":"REST"},{"data":"Burst","floor":40.0,"key":"SMITH"},{"data":"Adrenaline","floor":44.0,"key":"SMITH"},{"floor":49.0,"key":"REST"}],"circlet_count":0,"master_deck":["Strike_G","Defend_G","Defend_G","Defend_G","Defend_G","Defend_G","Survivor","Neutralize","Blade Dance+1","Terror","Finisher+1","Adrenaline+1","Infinite Blades+1","Hidden Blade+1","Blade Dance","Burst+1","Bullet Time","Phantasmal Killer","Replay:SS_forest_5","Parasite"],"relics":["Ring of the Serpent","NeowsBlessing","Strawberry","Frozen Egg 2","Blood Vial","MealTicket","Letter Opener","Busted Crown","Paper Crane"],"acts_visited":["Exordium","TheCity","TheBeyond"],"potions_floor_usage":[50],"damage_taken":[{"damage":0.0,"enemies":"Small Slimes","floor":1.0,"turns":1.0},{"damage":0.0,"enemies":"Gremlin Nob","floor":6.0,"turns":1.0},{"damage":0.0,"enemies":"Jaw Worm","floor":8.0,"turns":1.0},{"damage":20.0,"enemies":"Lagavulin","floor":10.0,"turns":7.0},{"damage":0.0,"enemies":"2 Louse","floor":12.0,"turns":2.0},{"damage":1.0,"enemies":"Red Slaver","floor":13.0,"turns":3.0},{"damage":0.0,"enemies":"Hexaghost","floor":16.0,"turns":6.0},{"damage":0.0,"enemies":"Spheric Guardian","floor":18.0,"turns":1.0},{"damage":6.0,"enemies":"Chosen","floor":20.0,"turns":2.0},{"damage":4.0,"enemies":"Snecko","floor":21.0,"turns":5.0},{"damage":0.0,"enemies":"Shelled Parasite and Fungi","floor":22.0,"turns":5.0},{"damage":46.0,"enemies":"Gremlin Leader","floor":24.0,"turns":4.0},{"damage":0.0,"enemies":"Centurion and Healer","floor":27.0,"turns":3.0},{"damage":32.0,"enemies":"3 Cultists","floor":29.0,"turns":6.0},{"damage":0.0,"enemies":"Snake Plant","floor":30.0,"turns":1.0},{"damage":7.0,"enemies":"Centurion and Healer","floor":31.0,"turns":2.0},{"damage":40.0,"enemies":"Pondfish","floor":33.0,"turns":13.0},{"damage":0.0,"enemies":"Orb Walker","floor":35.0,"turns":2.0},{"damage":0.0,"enemies":"3 Darklings","floor":37.0,"turns":2.0},{"damage":26.0,"enemies":"Writhing Mass","floor":39.0,"turns":8.0},{"damage":2.0,"enemies":"Sphere and 2 Shapes","floor":42.0,"turns":7.0},{"damage":0.0,"enemies":"Transient","floor":45.0,"turns":5.0},{"damage":12.0,"enemies":"Writhing Mass","floor":48.0,"turns":3.0},{"damage":68,"enemies":"Donu and Deca","floor":50,"turns":9}],"seed_played":"9014840492654767768","potions_obtained":[{"floor":6.0,"key":"DistilledChaos"},{"floor":13.0,"key":"ColorlessPotion"},{"floor":18.0,"key":"Doom Potion"},{"floor":21.0,"key":"ColorlessPotion"},{"floor":27.0,"key":"Elixir"},{"floor":30.0,"key":"SpeedPotion"},{"floor":35.0,"key":"Elixir"},{"floor":39.0,"key":"SpeedPotion"},{"floor":42.0,"key":"Block Potion"}],"is_trial":false,"path_per_floor":["M","?","?","?","$","E","R","M","T","E","?","M","M","$","R","B",null,"M","?","M","M","M","R","E","R","T","M","?","M","M","M","R","B",null,"M","?","M","?","M","R","?","M","T","R","M","?","$","M","R","B",null],"character_chosen":"THE_SILENT","items_purchased":["Strength Potion","Replay:SS_forest_5"],"campfire_rested":3,"item_purchase_floors":[47,47],"current_hp_per_floor":[70,70,70,70,70,77,77,77,77,57,57,59,60,60,60,62,77,77,77,71,69,71,71,27,50,50,52,52,22,24,19,42,4,77,77,77,77,77,51,51,51,51,51,51,53,53,68,58,74,6],"gold":389,"neow_bonus":"THREE_ENEMY_KILL","is_daily":false,"chose_seed":false,"campfire_upgraded":5,"win_rate":0.0,"timestamp":1608445634,"path_taken":["M","?","?","?","?","E","R","M","T","E","?","M","M","$","R","BOSS","M","?","M","M","M","R","E","R","T","M","?","M","M","M","R","BOSS","M","?","?","?","M","R","?","M","T","R","M","?","$","M","R","BOSS"],"items_purchased_type":["Potion","Card"],"build_version":"2020-12-13","purchased_purges":2,"victory":true,"max_hp_per_floor":[70,70,70,70,70,77,77,77,77,77,77,77,77,77,77,77,77,77,77,77,77,77,77,77,77,77,77,77,77,77,77,77,77,77,77,77,77,77,77,77,77,77,77,77,77,77,74,74,74,74],"card_choices":[{"not_picked":["Sucker Punch","Tactician"],"picked":"Blade Dance","floor":1.0},{"not_picked":["Backflip","Choke","Flying Knee"],"picked":"SKIP","floor":6.0},{"not_picked":["Crippling Poison","Sucker Punch","Masterful Stab"],"picked":"SKIP","floor":8.0},{"not_picked":["Prepared","Well Laid Plans+1","Acrobatics"],"picked":"SKIP","floor":10.0},{"not_picked":["Slice","Dagger Throw"],"picked":"Terror","floor":12.0},{"not_picked":["PiercingWail","Eviscerate"],"picked":"Finisher","floor":13.0},{"not_picked":["Atom Bomb","Wraith Form v2+1"],"picked":"Adrenaline","floor":16.0},{"not_picked":["Distraction","Backflip+1"],"picked":"Infinite Blades+1","floor":18.0},{"not_picked":["Deflect+1","Dodge and Roll","Crippling Poison"],"picked":"SKIP","floor":20.0},{"not_picked":["Flechettes","Sucker Punch"],"picked":"Hidden Blade","floor":21.0},{"not_picked":["ReplayTheSpireMod:Scrap Shanks+1","Slice"],"picked":"Blade Dance","floor":22.0},{"not_picked":["ReplayTheSpireMod:Scrap Shanks+1","Dodge and Roll+1"],"picked":"Burst","floor":24.0},{"not_picked":["Blur","ReplayTheSpireMod:Exploit Weakness+1","Backflip"],"picked":"SKIP","floor":27.0},{"not_picked":["Dagger Throw","Hidden Blade"],"picked":"Bullet Time","floor":29.0},{"not_picked":["ReplayTheSpireMod:Exploit Weakness+1","Flying Knee","Deadly Poison"],"picked":"SKIP","floor":30.0},{"not_picked":["Deflect","Endless Agony","Slice"],"picked":"SKIP","floor":31.0},{"not_picked":["Tools of the Trade+1","Venomology"],"picked":"Phantasmal Killer","floor":33.0},{"not_picked":["Deflect"],"picked":"SKIP","floor":35.0},{"not_picked":["ReplayTheSpireMod:Exploit Weakness+1"],"picked":"SKIP","floor":37.0},{"not_picked":["Toxin Wave+1"],"picked":"SKIP","floor":39.0},{"not_picked":["ReplayTheSpireMod:Exploit Weakness+1"],"picked":"SKIP","floor":42.0},{"not_picked":["Poisoned Stab"],"picked":"SKIP","floor":45.0},{"not_picked":["Replay:Poison Smokescreen+1"],"picked":"SKIP","floor":48.0}],"player_experience":44482,"relics_obtained":[{"floor":6.0,"key":"Strawberry"},{"floor":9.0,"key":"Frozen Egg 2"},{"floor":10.0,"key":"Blood Vial"},{"floor":24.0,"key":"MealTicket"},{"floor":26.0,"key":"Letter Opener"},{"floor":43.0,"key":"Paper Crane"}],"event_choices":[{"damage_healed":0.0,"max_hp_gain":0.0,"max_hp_loss":0.0,"gold_gain":0.0,"event_name":"Liars Game","player_choice":"Ignored","floor":3.0,"gold_loss":0.0,"damage_taken":0.0},{"cards_removed":["Strike_G"],"damage_healed":0.0,"max_hp_gain":0.0,"max_hp_loss":0.0,"gold_gain":0.0,"event_name":"Living Wall","player_choice":"Forget","floor":4.0,"gold_loss":0.0,"damage_taken":0.0},{"cards_removed":["Strike_G"],"damage_healed":0.0,"max_hp_gain":0.0,"max_hp_loss":0.0,"gold_gain":0.0,"event_name":"The Cleric","player_choice":"Card Removal","floor":11.0,"gold_loss":50.0,"damage_taken":0.0},{"damage_healed":0.0,"max_hp_gain":0.0,"max_hp_loss":0.0,"gold_gain":0.0,"event_name":"Vampires","player_choice":"Ignored","floor":19.0,"gold_loss":0.0,"damage_taken":0.0},{"damage_healed":0.0,"max_hp_gain":0.0,"max_hp_loss":0.0,"gold_gain":0.0,"event_name":"Cursed Tome","player_choice":"Ignored","floor":28.0,"gold_loss":0.0,"damage_taken":0.0},{"damage_healed":0.0,"max_hp_gain":0.0,"max_hp_loss":0.0,"gold_gain":100.0,"event_name":"Golden Shrine","player_choice":"Pray","floor":36.0,"gold_loss":0.0,"damage_taken":0.0},{"damage_healed":0.0,"max_hp_gain":0.0,"max_hp_loss":0.0,"gold_gain":0.0,"event_name":"Tomb of Lord Red Mask","player_choice":"Ignored","floor":46.0,"gold_loss":0.0,"damage_taken":0.0}],"is_beta":false,"boss_relics":[{"not_picked":["Sozu","Snecko Scales"],"picked":"Ring of the Serpent"},{"not_picked":["Tiny House","Honey Jar"],"picked":"Busted Crown"}],"items_purged_floors":[5,47],"is_endless":false,"potions_floor_spawned":[6,13,18,21,27,30,35,39,42],"ascension_level":0}}