{"host":"muuht28piu81l0ed","time":1608487921,"event":{"mods":["AchievementEnabler","Act Like it!","BaseMod","Minty Spire (QoL Compilation)","Replay The Spire","StSLib"],"gold_per_floor":[116,148,166,186,186,186,19,44,44,57,57,68,78,106,106,119,119,215,215,226,166,166,216,216],"floor_reached":23,"playtime":780,"items_purged":[],"score":221,"play_id":"2a495cf8-b65a-457d-bc4d-749550b7c218","local_time":"20201220191201","is_ascension_mode":true,"campfire_choices":[{"data":"Life Link","floor":9,"key":"SMITH"},{"floor":17,"key":"REST"}],"circlet_count":0,"master_deck":["Strike_R","Strike_R","Strike_R","Strike_R","Strike_R","Defend_R","Defend_R","Defend_R","Defend_R","Rampage","Life Link+1","ReplayTheSpireMod:Muscle Training","Shrug It Off","The Bomb","Cleave","Warcry+1","Eclipse+1","Run Through","Survivor+1","Neutralize","Sentinel+1","Fiend Fire","Dual Wield+1"],"relics":["Burning Blood","FossilizedHelix","InkBottle","Toxic Egg 2","ReplayTheSpireMod:Spearhead","Electric Blood","SsserpentHead"],"acts_visited":["Exordium","TheCity"],"potions_floor_usage":[18],"damage_taken":[{"damage":2,"enemies":"2 Louse","floor":1,"turns":3},{"damage":0,"enemies":"Small Slimes","floor":3,"turns":3},{"damage":10,"enemies":"Cultist","floor":4,"turns":4},{"damage":16,"enemies":"Gremlin Nob","floor":8,"turns":3},{"damage":2,"enemies":"Looter","floor":10,"turns":3},{"damage":0,"enemies":"Exordium Wildlife","floor":12,"turns":3},{"damage":6,"enemies":"Red Slaver","floor":13,"turns":3},{"damage":32,"enemies":"Lagavulin","floor":14,"turns":4},{"damage":9,"enemies":"2 Fungi Beasts","floor":16,"turns":2},{"damage":26,"enemies":"Slime Boss","floor":18,"turns":9},{"damage":45,"enemies":"Spheric Guardian","floor":20,"turns":6},{"damage":0,"enemies":"2 Thieves","floor":23,"turns":1}],"seed_played":"-5412197862435592935","potions_obtained":[{"floor":1,"key":"Regen Potion"},{"floor":10,"key":"Explosive Potion"},{"floor":12,"key":"EssenceOfSteel"},{"floor":20,"key":"Energy Potion"}],"is_trial":false,"path_per_floor":["M","?","M","M","PTL","PTL","$","E","R","M","T","M","M","E","?","M","R","B",null,"M","?","?","M"],"character_chosen":"IRONCLAD","items_purchased":["The Bomb"],"campfire_rested":1,"item_purchase_floors":[7],"current_hp_per_floor":[88,88,88,84,84,84,84,74,74,78,78,84,84,58,58,55,81,61,88,49,49,49,49,49],"gold":216,"neow_bonus":"TEN_PERCENT_HP_BONUS","is_daily":false,"chose_seed":false,"campfire_upgraded":1,"win_rate":0.0,"timestamp":1608487921,"path_taken":["M","?","M","M","PTL","PTL","$","E","R","M","T","?","M","E","?","M","R","BOSS","M","?","?","?"],"items_purchased_type":["Card"],"build_version":"2020-12-13","purchased_purges":0,"victory":false,"max_hp_per_floor":[88,88,88,88,88,88,88,88,88,88,88,88,88,88,88,88,88,88,88,88,88,88,88,88],"card_choices":[{"not_picked":["Twin Strike","Heavy Blade"],"picked":"Rampage","floor":1},{"not_picked":["Iron Wave","Havoc"],"picked":"Life Link","floor":2},{"not_picked":["Blood for Blood","Sword Boomerang"],"picked":"ReplayTheSpireMod:Muscle Training","floor":3},{"not_picked":["Sword Boomerang","Clash"],"picked":"Shrug It Off","floor":4},{"not_picked":["Heavy Blade","Sever Soul","Intimidate"],"picked":"SKIP","floor":8},{"not_picked":["Immolate","Infernal Blade"],"picked":"Cleave","floor":10},{"not_picked":["Wild Strike","Perfected Strike"],"picked":"Warcry+1","floor":12},{"not_picked":["Ghostly Armor+1","Spot Weakness+1"],"picked":"Eclipse+1","floor":13},{"not_picked":["Iron Wave","Fire Breathing"],"picked":"Run Through","floor":14},{"not_picked":["Pommel Strike","Twin Strike"],"picked":"Sentinel+1","floor":16},{"not_picked":["Offering+1","Demon Form"],"picked":"Fiend Fire","floor":18},{"not_picked":["Metallicize","Headbutt"],"picked":"Dual Wield+1","floor":20}],"player_experience":135662,"relics_obtained":[{"floor":2,"key":"FossilizedHelix"},{"floor":8,"key":"InkBottle"},{"floor":11,"key":"Toxic Egg 2"},{"floor":14,"key":"ReplayTheSpireMod:Spearhead"}],"event_choices":[{"damage_healed":0,"gold_gain":0,"player_choice":"Trade","damage_taken":0,"relics_obtained":["SsserpentHead"],"max_hp_gain":0,"max_hp_loss":0,"event_name":"FaceTrader","floor":22,"gold_loss":0}],"is_beta":false,"boss_relics":[{"not_picked":["Snecko Eye","Calling Bell"],"picked":"Electric Blood"}],"items_purged_floors":[],"is_endless":false,"potions_floor_spawned":[1,10,12,14,20],"killed_by":"2 Thieves","ascension_level":2}}