{"host":"j6locglyv7e0c0tm","time":1608447876,"event":{"mods":["BaseMod","Better Altar","Better Match","Better Note","Better Sensory Stone","Better Skull","Better Third Choice","Better Vampires","BetterRewards","Card Forge","Colored Powertips","Custom Start","DeckTracker","Downfall","Googly Eyes","Hermit","Highlight Path","Jorbs\u0027s Wanderer Trilogy","Marked Mod","Minty Spire (QoL Compilation)","Relic Stats","Replay The Spire","Shade Mod","Shop Mod","StSLib","Swap Starting Deck Mod","The Runesmith","TheFirefly"],"gold_per_floor":[117,21,41,41,57,57,70,70,70,84,118,293,293,293,293,422,422,447,471,104,120,100,115,159,173,173,173,192,22,22,22,22,147,147,172,18,34,34,47,63,63,94,94,94,94,94,132,150,150,150,150,150,5,12,12],"floor_reached":54,"playtime":3770,"items_purged":["CommonCold"],"score":967,"play_id":"8d9e3e84-561a-4559-8a2f-564f0cdc258e","local_time":"20201220180436","is_ascension_mode":false,"campfire_choices":[{"floor":6,"key":"RECALL"},{"data":"Replay:SS_forest_6","floor":8,"key":"SMITH"},{"floor":13,"key":"REST"},{"floor":27,"key":"REST"},{"data":"Replay:SS_forest_6","floor":30,"key":"SMITH"},{"data":"hermit:FlashPowder","floor":32,"key":"SMITH"},{"floor":41,"key":"REST"},{"data":"hermit:BlackWind","floor":45,"key":"SMITH"},{"data":"hermit:LowProfile","floor":49,"key":"SMITH"},{"data":"hermit:HoleUp","floor":52,"key":"SMITH"}],"circlet_count":0,"master_deck":["hermit:Strike_Hermit","hermit:Strike_Hermit","hermit:Strike_Hermit","hermit:Strike_Hermit","hermit:Defend_Hermit","hermit:Defend_Hermit","hermit:Defend_Hermit","hermit:Defend_Hermit","hermit:Snapshot","hermit:Covet","hermit:Determination+1","hermit:Desperado+1","hermit:FlashPowder+1","hermit:LowProfile+1","Replay:SS_forest_6+1","hermit:SprayPray","hermit:FlashPowder+1","Doubt","hermit:FinalCanter","stsjorbsmod:Withering","Decay","hermit:Virtue+1","hermit:Determination","Replay:SS_forest_6+1","hermit:HoleUp+1","hermit:BlackWind+1","hermit:Maintenance+1","hermit:ShadowCloak+1","hermit:GhostlyPresence+1","hermit:Scavenge+1","hermit:LoneWolf+1","hermit:ShadowCloak"],"relics":["hermit:Momento","Hammer of Thor","Seething Fire","Anvil of the Gods","Guide Book","Kunai","Golden Idol","Replay:Ancient Bell","Regal Pillow","Replay:Bottled Flurry","Bird Faced Urn","Oddly Smooth Stone","Omamori","Replay:Rubber Ducky","Nunchaku","SacredBark","Toy Ornithopter","CaptainsWheel","Blue Candle","Ring of Searing","ReplayTheSpireMod:Ring of Addiction","Potion Belt","White Beast Statue","Torii","Incense Burner"],"acts_visited":["Exordium","TheCity","TheBeyond","TheEnding"],"potions_floor_usage":[3,18,21,23,24,24,37,40,40,47,48,50,54,54],"damage_taken":[{"damage":3,"enemies":"2 Louse","floor":1,"turns":3},{"damage":0,"enemies":"Cultist","floor":3,"turns":4},{"damage":15,"enemies":"Small Slimes","floor":5,"turns":4},{"damage":1,"enemies":"2 Fungi Beasts","floor":7,"turns":6},{"damage":0,"enemies":"Blue Slaver","floor":10,"turns":4},{"damage":35,"enemies":"Gremlin Nob","floor":11,"turns":5},{"damage":34,"enemies":"The Guardian","floor":16,"turns":11},{"damage":15,"enemies":"3 Byrds","floor":18,"turns":8},{"damage":0,"enemies":"Shell Parasite","floor":19,"turns":6},{"damage":35,"enemies":"Cultist and Chosen","floor":21,"turns":7},{"damage":14,"enemies":"Sentry and Sphere","floor":23,"turns":5},{"damage":32,"enemies":"Slavers","floor":24,"turns":7},{"damage":5,"enemies":"Snecko","floor":25,"turns":9},{"damage":25,"enemies":"Cultist and Chosen","floor":28,"turns":8},{"damage":7,"enemies":"Champ","floor":33,"turns":13},{"damage":3,"enemies":"Orb Walker","floor":35,"turns":8},{"damage":56,"enemies":"3 Darklings","floor":37,"turns":10},{"damage":40,"enemies":"Maw","floor":39,"turns":11},{"damage":60,"enemies":"Sphere and 2 Shapes","floor":40,"turns":14},{"damage":13,"enemies":"R_Hoarder","floor":42,"turns":12},{"damage":44,"enemies":"Reptomancer","floor":47,"turns":11},{"damage":8,"enemies":"Transient","floor":48,"turns":5},{"damage":36,"enemies":"Time Eater","floor":50,"turns":12},{"damage":110,"enemies":"Shield and Spear","floor":54,"turns":9}],"seed_played":"-2963672472291235248","potions_obtained":[{"floor":3,"key":"Fruit Juice"},{"floor":11,"key":"BlessingOfTheForge"},{"floor":16,"key":"hermit:Eclipse"},{"floor":19,"key":"AttackPotion"},{"floor":21,"key":"AttackPotion"},{"floor":22,"key":"hermit:Eclipse"},{"floor":33,"key":"LiquidMemories"},{"floor":35,"key":"Dexterity Potion"},{"floor":37,"key":"Adrenaline Potion"},{"floor":40,"key":"Dexterity Potion"},{"floor":44,"key":"Explosive Potion"},{"floor":44,"key":"Dexterity Potion"},{"floor":44,"key":"Explosive Potion"},{"floor":47,"key":"BlessingOfTheForge"},{"floor":48,"key":"Fruit Juice"}],"is_trial":false,"path_per_floor":["M","$","M","?","M","R","M","R","T","M","E","?","R","?","R","B",null,"M","M","$","M","?","M","E","M","T","R","M","$","R","$","R","B",null,"M","$","M","?","M","M","R","E","T","?","R","T","E","M","R","B",null,"R","$","E"],"character_chosen":"HERMIT","items_purchased":["hermit:Determination","hermit:Desperado","hermit:FlashPowder","Guide Book","Replay:SS_forest_6","Oddly Smooth Stone","Omamori","Replay:SS_forest_6","hermit:HoleUp","Weak Potion","Toy Ornithopter","LiquidMemories","hermit:ShadowCloak"],"campfire_rested":3,"item_purchase_floors":[0,0,0,0,2,20,20,29,29,29,36,53,53],"current_hp_per_floor":[57,57,62,66,51,51,58,58,58,58,23,23,45,27,49,15,75,60,64,64,45,45,47,31,42,42,75,64,64,64,64,64,65,75,72,72,48,52,40,24,61,70,70,70,70,70,51,66,66,45,85,85,85,0,0],"gold":12,"neow_bonus":"","is_daily":false,"chose_seed":false,"campfire_upgraded":6,"win_rate":0.0,"timestamp":1608447876,"path_taken":["M","$","M","?","M","R","M","R","T","?","E","?","R","?","R","BOSS","M","M","$","M","?","M","E","M","T","R","M","$","R","?","R","BOSS","M","$","M","?","M","?","R","E","T","?","R","?","E","M","R","BOSS","R","$","E"],"items_purchased_type":["Card","Card","Card","Relic","Card","Relic","Relic","Card","Card","Potion","Relic","Potion","Card"],"build_version":"2020-12-13","purchased_purges":1,"victory":false,"max_hp_per_floor":[70,70,75,75,75,75,75,75,75,75,75,75,75,75,75,75,75,75,75,75,75,75,75,75,75,75,75,75,75,75,75,75,75,75,75,75,75,75,75,75,75,75,75,75,75,75,75,85,85,85,85,85,85,83,83],"relic_stats":{"Regal Pillow":26,"Nunchaku":[12],"Torii":25,"counters":[59,384],"Golden Idol":137,"Bird Faced Urn":[103],"Blue Candle":[8],"Kunai":[33],"obtain_stats":[{"Regal Pillow":17,"Singing Bowl":11,"Torii":46,"SacredBark":34,"Hammer of Thor":0,"Incense Burner":47,"Replay:Rubber Ducky":24,"Ring of Searing":44,"Centennial Puzzle":0,"Nunchaku":26,"Prayer Wheel":25,"Replay:Bottled Flurry":29,"Kunai":6,"Replay:Bottled Eggs":22,"Replay:Wax Seal":0,"Potion Belt":44,"NeowsBlessing":0,"Happy Flower":17,"Golden Idol":14,"Guide Book":0,"Blue Candle":43,"ReplayTheSpireMod:Ring of Addiction":44,"Oddly Smooth Stone":20,"Replay:WaspNest":6,"Omamori":26,"Replay:Ancient Bell":17,"Seething Fire":0,"Frozen Egg 2":17,"Question Card":9,"White Beast Statue":25,"Anchor":11,"CaptainsWheel":42,"hermit:PetGhost":0,"Anvil of the Gods":0,"Shuriken":19,"Ornamental Fan":20,"Bird Faced Urn":17,"ChewingGum":17,"Art of War":14,"Durian":17,"Grinning Jar":23,"hermit:Momento":0,"Toy Ornithopter":36},{"Regal Pillow":42,"Singing Bowl":25,"Torii":55,"SacredBark":50,"Hammer of Thor":0,"Incense Burner":56,"Replay:Rubber Ducky":47,"Ring of Searing":55,"Centennial Puzzle":20,"Nunchaku":48,"Prayer Wheel":30,"Replay:Bottled Flurry":32,"Kunai":24,"Replay:Bottled Eggs":14,"Replay:Wax Seal":20,"Potion Belt":55,"NeowsBlessing":0,"Happy Flower":28,"Golden Idol":41,"Guide Book":35,"Blue Candle":55,"ReplayTheSpireMod:Ring of Addiction":55,"Oddly Smooth Stone":44,"Replay:WaspNest":5,"Omamori":16,"Replay:Ancient Bell":28,"Seething Fire":0,"Frozen Egg 2":28,"Question Card":25,"White Beast Statue":16,"Anchor":8,"CaptainsWheel":55,"hermit:PetGhost":20,"Anvil of the Gods":0,"Shuriken":29,"Ornamental Fan":29,"Bird Faced Urn":42,"ChewingGum":12,"Art of War":11,"Durian":28,"Grinning Jar":15,"hermit:Momento":0,"Toy Ornithopter":51},{"Regal Pillow":229,"Singing Bowl":122,"Torii":347,"SacredBark":292,"Hammer of Thor":0,"Incense Burner":358,"Replay:Rubber Ducky":262,"Ring of Searing":347,"Centennial Puzzle":102,"Nunchaku":271,"Prayer Wheel":156,"Replay:Bottled Flurry":170,"Kunai":117,"Replay:Bottled Eggs":64,"Replay:Wax Seal":102,"Potion Belt":347,"NeowsBlessing":0,"Happy Flower":141,"Golden Idol":218,"Guide Book":192,"Blue Candle":347,"ReplayTheSpireMod:Ring of Addiction":347,"Oddly Smooth Stone":243,"Replay:WaspNest":22,"Omamori":80,"Replay:Ancient Bell":141,"Seething Fire":0,"Frozen Egg 2":141,"Question Card":122,"White Beast Statue":80,"Anchor":33,"CaptainsWheel":347,"hermit:PetGhost":102,"Anvil of the Gods":0,"Shuriken":147,"Ornamental Fan":147,"Bird Faced Urn":229,"ChewingGum":56,"Art of War":44,"Durian":141,"Grinning Jar":70,"hermit:Momento":0,"Toy Ornithopter":300}],"Toy Ornithopter":31},"card_choices":[{"not_picked":["hermit:Snipe","hermit:WideOpen"],"picked":"hermit:LowProfile","floor":1},{"not_picked":["hermit:Ricochet","hermit:Feint","hermit:DeadOrAlive"],"picked":"SKIP","floor":3},{"not_picked":["hermit:BodyArmor","hermit:Ricochet"],"picked":"hermit:SprayPray","floor":5},{"not_picked":["hermit:BodyArmor","hermit:Quickdraw","hermit:Coalescence"],"picked":"SKIP","floor":7},{"not_picked":["hermit:Midnight","hermit:FromBeyond","hermit:Shortfuse"],"picked":"SKIP","floor":10},{"not_picked":["hermit:ItchyTrigger","hermit:Combo"],"picked":"hermit:FlashPowder","floor":11},{"not_picked":["hermit:DeadOrAlive","hermit:Gambit"],"picked":"hermit:FinalCanter","floor":16},{"not_picked":["Guardian:Aged","betterMatch:CurseCard"],"picked":"stsjorbsmod:Withering","floor":17},{"not_picked":["Guardian:Aged","Parasite"],"picked":"CommonCold","floor":17},{"not_picked":["hermit:ImpendingDoom","Shame"],"picked":"Decay","floor":17},{"not_picked":["hermit:Feint","hermit:Vantage","hermit:Dive"],"picked":"SKIP","floor":18},{"not_picked":["hermit:Scavenge","hermit:TakeAim"],"picked":"hermit:Virtue+1","floor":19},{"not_picked":["hermit:EyeOfTheStorm","hermit:LuckOfTheDraw","hermit:CalledShot"],"picked":"SKIP","floor":21},{"not_picked":["hermit:LuckOfTheDraw","hermit:NoHoldsBarred","hermit:Roulette+1"],"picked":"SKIP","floor":23},{"not_picked":["hermit:Quickdraw","hermit:TrackingShot","hermit:Coalescence"],"picked":"SKIP","floor":24},{"not_picked":["hermit:Combo+1","hermit:TakeCover"],"picked":"hermit:Determination","floor":25},{"not_picked":["hermit:Gestalt+1","hermit:HighCaliber","hermit:Roulette"],"picked":"SKIP","floor":28},{"not_picked":["hermit:Gambit","hermit:FatalDesire"],"picked":"hermit:BlackWind","floor":33},{"not_picked":["hermit:Glare+1","hermit:Quickdraw"],"picked":"hermit:Maintenance+1","floor":35},{"not_picked":["hermit:Feint+1","hermit:HighCaliber"],"picked":"hermit:ShadowCloak+1","floor":37},{"not_picked":["hermit:ItchyTrigger+1","hermit:BigShot"],"picked":"hermit:GhostlyPresence+1","floor":39},{"not_picked":["hermit:TrackingShot","hermit:Coalescence","hermit:Glare"],"picked":"SKIP","floor":40},{"not_picked":["hermit:Ricochet+1","hermit:SprayPray"],"picked":"hermit:Scavenge+1","floor":42},{"not_picked":["hermit:EyeOfTheStorm","hermit:Feint+1"],"picked":"hermit:LoneWolf+1","floor":47},{"not_picked":["hermit:HighCaliber","hermit:PistolWhip+1","hermit:Coalescence"],"picked":"SKIP","floor":48}],"player_experience":789452,"relics_obtained":[{"floor":11,"key":"Kunai"},{"floor":24,"key":"Replay:Rubber Ducky"},{"floor":26,"key":"Nunchaku"},{"floor":42,"key":"CaptainsWheel"},{"floor":43,"key":"Blue Candle"},{"floor":44,"key":"Ring of Searing"},{"floor":44,"key":"ReplayTheSpireMod:Ring of Addiction"},{"floor":44,"key":"Potion Belt"},{"floor":44,"key":"White Beast Statue"},{"floor":46,"key":"Torii"},{"floor":47,"key":"Incense Burner"}],"event_choices":[{"damage_healed":4,"gold_gain":0,"player_choice":"LEAVE ","damage_taken":0,"relics_obtained":[],"max_hp_gain":0,"max_hp_loss":0,"event_name":"betterSkull:BetterSkull","floor":4,"gold_loss":0,"cards_upgraded":[]},{"damage_healed":0,"gold_gain":175,"player_choice":"AGREE","damage_taken":118,"max_hp_gain":0,"max_hp_loss":0,"event_name":"betterThird:BetterSerpent","floor":12,"gold_loss":0},{"damage_healed":0,"gold_gain":0,"player_choice":"Take Damage","damage_taken":18,"relics_obtained":["Golden Idol"],"max_hp_gain":0,"max_hp_loss":0,"event_name":"Golden Idol","floor":14,"gold_loss":0},{"damage_healed":0,"gold_gain":0,"player_choice":"Bought 1 Potion","damage_taken":0,"max_hp_gain":0,"max_hp_loss":0,"event_name":"The Woman in Blue","floor":22,"gold_loss":0},{"damage_healed":4,"gold_gain":0,"player_choice":"LEAVE ","damage_taken":0,"relics_obtained":[],"max_hp_gain":0,"max_hp_loss":0,"event_name":"betterSkull:BetterSkull","floor":38,"gold_loss":0,"cards_upgraded":[]}],"is_beta":false,"boss_relics":[{"not_picked":["Sozu","Honey Jar"],"picked":"Replay:Ancient Bell"},{"not_picked":["Simple Rune","Lantern"],"picked":"Regal Pillow"},{"not_picked":["Replay:Ringing Soul","Sundial"],"picked":"Replay:Bottled Flurry"},{"not_picked":["Thread and Needle","StoneCalendar"],"picked":"Bird Faced Urn"},{"not_picked":["Runesmith:UraniumAnvil","Velvet Choker"],"picked":"SacredBark"}],"items_purged_floors":[20],"is_endless":false,"potions_floor_spawned":[3,11,16,19,21,33,35,37,40,47,48],"killed_by":"Shield and Spear","ascension_level":0}}