{"host":"kstmajdnxm8lto3o","time":1608431171,"event":{"mods":["Aspiration","BaseMod","Better Third Choice","BetterRewards","CCEM","Conspire","Downfall","Gremlin Skip","Highlight Path","Hubris","Minty Spire (QoL Compilation)","Replay The Spire","Shop Mod","Spicy Shops","StSLib"],"gold_per_floor":[115,134,134,134,150,185,185,217,217,232,249,249,268,279,279,379,379,393,492,511,511,175,175,175,175],"floor_reached":24,"playtime":1202,"items_purged":[],"score":218,"play_id":"76afecac-2eb8-4943-99c6-e20d8eee322a","local_time":"20201219212611","is_ascension_mode":true,"campfire_choices":[{"data":"Defragment","floor":7,"key":"SMITH"},{"floor":12,"key":"REST"},{"data":"Redo","floor":15,"key":"SMITH"},{"data":"ReplayTheSpireMod:Calculation Training","floor":23,"key":"SMITH"}],"circlet_count":0,"master_deck":["Strike_B+1","Strike_B","Strike_B","Defend_B","Defend_B","Defend_B","Zap+1","Dualcast+1","Defragment+1","Gash","Darkness","Leap","Conserve Battery","Leap","Electrodynamics","Redo+1","Ball Lightning","Thunder Strike","ReplayTheSpireMod:Calculation Training+1","The Bomb"],"relics":["Cracked Core","Gremlin Food","CCEMRelics:PorcelainBowl","Empty Cage","aspiration:MysteriousAuxiliaryCore"],"acts_visited":["Exordium","TheCity"],"potions_floor_usage":[20,24],"damage_taken":[{"damage":0,"enemies":"2 Louse","floor":1,"turns":2},{"damage":10,"enemies":"Small Slimes","floor":2,"turns":3},{"damage":0,"enemies":"Cultist","floor":5,"turns":3},{"damage":21,"enemies":"Lagavulin","floor":6,"turns":6},{"damage":16,"enemies":"3 Sentries","floor":8,"turns":6},{"damage":0,"enemies":"Exordium Wildlife","floor":10,"turns":4},{"damage":4,"enemies":"Looter","floor":11,"turns":3},{"damage":0,"enemies":"Large Slime","floor":13,"turns":3},{"damage":0,"enemies":"Exordium Wildlife","floor":14,"turns":2},{"damage":7,"enemies":"Fading Forest","floor":16,"turns":11},{"damage":7,"enemies":"Shell Parasite","floor":18,"turns":4},{"damage":13,"enemies":"3 Byrds","floor":20,"turns":3},{"damage":62,"enemies":"Slavers","floor":24,"turns":3}],"seed_played":"-6714877890908866720","potions_obtained":[{"floor":1,"key":"SmokeBomb"},{"floor":6,"key":"DuplicationPotion"},{"floor":11,"key":"SkillPotion"},{"floor":13,"key":"SteroidPotion"}],"is_trial":false,"path_per_floor":["M","M","?","?","M","E","R","E","T","M","M","R","M","M","R","B",null,"M","?","M","?","$","R","E"],"character_chosen":"DEFECT","items_purchased":["The Bomb","aspiration:MysteriousAuxiliaryCore"],"campfire_rested":1,"item_purchase_floors":[22,22],"current_hp_per_floor":[75,65,65,65,65,44,44,28,28,28,24,46,46,46,46,59,75,68,68,55,55,55,55,0,0],"gold":175,"neow_bonus":"UPGRADE_CARD","is_daily":false,"chose_seed":false,"campfire_upgraded":3,"win_rate":0.0,"timestamp":1608431171,"path_taken":["M","M","?","?","M","E","R","E","T","M","M","R","M","M","R","BOSS","M","?","M","?","$","R","E"],"items_purchased_type":["Card","Relic"],"build_version":"2020-12-13","purchased_purges":0,"victory":false,"max_hp_per_floor":[75,75,75,75,75,75,75,75,75,75,75,75,75,75,75,75,75,75,75,75,75,75,75,75,75],"card_choices":[{"not_picked":["ReplayTheSpireMod:GoodbyeWorld","Leap"],"picked":"Defragment","floor":1},{"not_picked":["ReplayTheSpireMod:System Scan","Stack"],"picked":"Gash","floor":2},{"not_picked":["Panic Button","Beam Cell"],"picked":"Darkness","floor":5},{"not_picked":["White Noise","Glacier"],"picked":"Leap","floor":6},{"not_picked":["Genetic Algorithm","Redo"],"picked":"Conserve Battery","floor":8},{"not_picked":["Go for the Eyes","ReplayTheSpireMod:Repulse"],"picked":"Leap","floor":10},{"not_picked":["Sweeping Beam","Conserve Battery"],"picked":"Electrodynamics","floor":11},{"not_picked":["Go for the Eyes","Leap"],"picked":"Redo","floor":13},{"not_picked":["Beam Cell","Defragment"],"picked":"Ball Lightning","floor":14},{"not_picked":["All For One","Buffer"],"picked":"Thunder Strike","floor":16},{"not_picked":["Go for the Eyes","Recycle"],"picked":"ReplayTheSpireMod:Calculation Training","floor":18},{"not_picked":["Redo","Barrage","Hologram"],"picked":"SKIP","floor":20}],"player_experience":469009,"relics_obtained":[{"floor":6,"key":"Gremlin Food"},{"floor":8,"key":"CCEMRelics:PorcelainBowl"}],"event_choices":[{"damage_healed":0,"gold_gain":99,"player_choice":"Steal","damage_taken":0,"max_hp_gain":0,"max_hp_loss":0,"event_name":"betterThird:BetterNest","floor":19,"gold_loss":0},{"damage_healed":0,"gold_gain":0,"player_choice":"Ignored","damage_taken":0,"max_hp_gain":0,"max_hp_loss":0,"event_name":"Vampires","floor":21,"gold_loss":0}],"is_beta":false,"boss_relics":[{"not_picked":["Astrolabe","Cursed Key"],"picked":"Empty Cage"}],"items_purged_floors":[],"is_endless":false,"potions_floor_spawned":[1,6,11,13,14,16],"killed_by":"Slavers","ascension_level":1}}