{"host":"r2b8ojg4o4pyvjvq","time":1608489280,"event":{"mods":["BaseMod","Colored Map","Downfall","Highlight Path","Hubris","Marisa????????","Minty Spire (QoL Compilation)","Quick Restart","Replay The Spire","StSLib","SuperFastMode"],"gold_per_floor":[99,132,132,163,163,163,163,163,189,114,114,29,29,44,59,163,163,88,107,107,107,136,121,121,121,82,113,128,140,40,40,50,145,145,145,195,204,214,214,247,270,296,221,252,267,267,267,287,287,287,287,287],"floor_reached":52,"playtime":2152,"items_purged":["Slimebound:Strike_Slimebound","Slimebound:Strike_Slimebound"],"score":1006,"play_id":"4d2cf5a7-e6fc-4e37-b634-087736be911a","local_time":"20201220193440","is_ascension_mode":true,"campfire_choices":[{"data":"Slimebound:Split","floor":1.0,"key":"SMITH"},{"data":"Slimebound:GrowthPunch","floor":3.0,"key":"SMITH"},{"data":"Slimebound:ComboTackle","floor":5.0,"key":"SMITH"},{"data":"Slimebound:CorrosiveSpit","floor":8.0,"key":"SMITH"},{"floor":10.0,"key":"RECALL"},{"floor":20.0,"key":"REST"},{"floor":25.0,"key":"REST"},{"floor":35.0,"key":"REST"},{"floor":43.0,"key":"REST"}],"circlet_count":0,"master_deck":["sneckomod:Restock+1","Slimebound:Strike_Slimebound","Slimebound:Tackle","Slimebound:Defend_Slimebound","Slimebound:Defend_Slimebound","Slimebound:Defend_Slimebound","Slimebound:Split+1","Slimebound:CorrosiveSpit+1","Slimebound:GrowthPunch+1","Slimebound:ComboTackle+1","Slimebound:LivingWall","Slimebound:MegaLick","Slimebound:SpikyOuterGoop+1","Slimebound:FinishingTackle","Slimebound:Gluttony","Slimebound:Darklings","Slimebound:LeadByExample","Slimebound:ProtectTheBoss","Slimebound:ComboTackle","Slimebound:GoopTackle","Slimebound:SlimeSpikes","Slimebound:HauntingLick","Slimebound:ForwardTackle+1","Slimebound:RejuvenatingLick+1","Slimebound:TagTeam+1","CurseOfTheBell","expansioncontent:ChargeUp+1"],"relics":["Slimebound:AbsorbEndCombat","downfall:HeartsMalice","Singing Bowl","Sundial","hubris:CuriousFeather","Matryoshka","downfall:HeartBlessingGreen","hubris:TinFlute","CaptainsWheel","Fusion Hammer","downfall:HeartBlessingRed","hubris:64BitClover","Potion Belt","Happy Flower","Calipers","White Beast Statue","Nilry\u0027s Codex","Calling Bell","CeramicFish","Toxic Egg 2","hubris:Teleporter","Torii","Gremlin Horn","Orichalcum","downfall:HeartBlessingBlue","Eternal Feather","hubris:Towel","HornCleat"],"acts_visited":["Exordium","TheCity","TheBeyond","TheEnding"],"potions_floor_usage":[52],"damage_taken":[{"damage":0.0,"enemies":"3 Sentries","floor":2.0,"turns":1.0},{"damage":0.0,"enemies":"Replay:BlueRogue","floor":4.0,"turns":1.0},{"damage":0.0,"enemies":"Lagavulin","floor":9.0,"turns":1.0},{"damage":13.0,"enemies":"downfall:FleeingMerchant","floor":12.0,"turns":4.0},{"damage":16.0,"enemies":"Jaw Worm","floor":14.0,"turns":2.0},{"damage":11.0,"enemies":"Small Slimes","floor":15.0,"turns":3.0},{"damage":24.0,"enemies":"downfall:Silent","floor":16.0,"turns":7.0},{"damage":23.0,"enemies":"Chosen","floor":19.0,"turns":3.0},{"damage":29.0,"enemies":"Replay:Snechameleon","floor":22.0,"turns":5.0},{"damage":29.0,"enemies":"downfall:FleeingMerchant","floor":23.0,"turns":4.0},{"damage":26.0,"enemies":"downfall:FleeingMerchant","floor":26.0,"turns":4.0},{"damage":25.0,"enemies":"Gremlin Leader","floor":27.0,"turns":5.0},{"damage":19.0,"enemies":"Spheric Guardian","floor":28.0,"turns":3.0},{"damage":28.0,"enemies":"Shelled Parasite and Fungi","floor":29.0,"turns":4.0},{"damage":22.0,"enemies":"Centurion and Healer","floor":32.0,"turns":4.0},{"damage":24.0,"enemies":"downfall:Defect","floor":33.0,"turns":6.0},{"damage":14.0,"enemies":"Mind Bloom Boss Battle","floor":36.0,"turns":6.0},{"damage":20.0,"enemies":"Orb Walker","floor":38.0,"turns":4.0},{"damage":48.0,"enemies":"Nemesis","floor":40.0,"turns":7.0},{"damage":9.0,"enemies":"R_Hoarder","floor":42.0,"turns":8.0},{"damage":19.0,"enemies":"Nemesis","floor":44.0,"turns":7.0},{"damage":27,"enemies":"3 Darklings","floor":46,"turns":4},{"damage":27,"enemies":"Spire Growth","floor":49,"turns":4},{"damage":31,"enemies":"downfall:Watcher","floor":50,"turns":8},{"damage":148,"enemies":"downfall:CharBossMerchant","floor":52,"turns":9}],"seed_played":"8606023333104118684","potions_obtained":[{"floor":14.0,"key":"SteroidPotion"},{"floor":16.0,"key":"EssenceOfSteel"},{"floor":19.0,"key":"Flashbang"},{"floor":27.0,"key":"Adrenaline Potion"},{"floor":28.0,"key":"Adrenaline Potion"},{"floor":44,"key":"DuplicationPotion"}],"is_trial":false,"path_per_floor":["R","E","R","E","R","?","T","R","E","R","?","$","T","M","M","B",null,"R_BF","M","R","?","E","$","T","R","$","E","M","M","$","?","M","B",null,"R","?","?","M","?","E","T","E","R","E","M","?","?","M","B",null,"E"],"character_chosen":"SLIMEBOUND","items_purchased":["Slimebound:SpikyOuterGoop","Calipers"],"campfire_rested":4,"item_purchase_floors":[12,26],"current_hp_per_floor":[60,60,60,60,60,60,60,60,60,60,65,65,65,65,65,65,65,65,65,65,65,64,62,62,65,55,65,65,57,57,41,59,67,67,67,69,69,65,65,65,65,75,85,87,86,86,86,87,91,91,0,0],"gold":287,"neow_bonus":"THREE_ENEMY_KILL","is_daily":false,"chose_seed":false,"campfire_upgraded":4,"win_rate":0.0,"timestamp":1608489280,"path_taken":["R","E","R","E","R","?","T","R","E","R","?","$","?","M","M","BOSS","R_BF","M","R","?","E","$","T","R","$","E","M","M","$","?","M","BOSS","R","?","?","?","?","E","T","E","R","E","M","?","?","M","BOSS","E"],"items_purchased_type":["Card","Relic"],"build_version":"2020-12-13","purchased_purges":2,"victory":false,"max_hp_per_floor":[60,60,60,60,60,60,60,60,60,60,65,65,65,65,65,65,65,65,65,65,65,65,65,65,65,65,65,65,65,65,65,67,67,67,67,69,69,71,71,73,73,75,85,87,89,89,89,91,91,91,91,91],"card_choices":[{"not_picked":["Slimebound:SplitLeeching","Slimebound:ItLooksTasty"],"picked":"Slimebound:GrowthPunch","floor":2.0},{"not_picked":["Slimebound:RollThrough","Slimebound:FlameTackle"],"picked":"Slimebound:ComboTackle","floor":4.0},{"not_picked":["Slimebound:ComboTackle","Slimebound:DivideAndConquer"],"picked":"Slimebound:LivingWall","floor":9.0},{"not_picked":["Slimebound:SplitSpecialist","Slimebound:RollThrough"],"picked":"Slimebound:MegaLick","floor":12.0},{"not_picked":["Slimebound:ServeAndProtect","Slimebound:ViciousTackle"],"picked":"Slimebound:FinishingTackle","floor":14.0},{"not_picked":["Slimebound:GrowthPunch","Slimebound:DisruptingSlam"],"picked":"Slimebound:Gluttony","floor":15.0},{"not_picked":["Slimebound:WasteNot","Slimebound:OneTwoCombo"],"picked":"Slimebound:Darklings","floor":16.0},{"not_picked":["Slimebound:ServeAndProtect","Slimebound:GoopSpray"],"picked":"Slimebound:LeadByExample","floor":19.0},{"not_picked":["Slimebound:SplitLeeching","Slimebound:FormOfPuddle"],"picked":"Slimebound:ComboTackle","floor":22.0},{"not_picked":["Slimebound:SamplingLick","Slimebound:SplitLeeching"],"picked":"Slimebound:GoopTackle","floor":23.0},{"not_picked":["Slimebound:SplitSpecialist","Slimebound:Replication"],"picked":"Slimebound:SlimeSpikes","floor":26.0},{"not_picked":["Slimebound:ComboTackle","Slimebound:LeechingTouch"],"picked":"Slimebound:HauntingLick","floor":27.0},{"not_picked":["Slimebound:DivideAndConquer+1","Slimebound:GoopTackle"],"picked":"Slimebound:ForwardTackle+1","floor":28.0},{"not_picked":["Slimebound:SplitMire","Slimebound:LeechingTouch+1"],"picked":"Slimebound:RejuvenatingLick+1","floor":29.0},{"not_picked":["Slimebound:SlimeSpikes","Slimebound:SlimeTap+1","Slimebound:CheckThePlaybook"],"picked":"Singing Bowl","floor":32.0},{"not_picked":["Slimebound:MinionMaster","Slimebound:Overexert"],"picked":"Slimebound:TagTeam","floor":33.0},{"not_picked":["Slimebound:ViciousTackle","Slimebound:LeechEnergy+1","Slimebound:SamplingLick+1"],"picked":"Singing Bowl","floor":36.0},{"not_picked":["expansioncontent:BronzeBeam","Replay:SS_hec_2"],"picked":"expansioncontent:ChargeUp+1","floor":37.0},{"not_picked":["Slimebound:LeechingTouch","Slimebound:PressTheAttack","Slimebound:RollThrough+1"],"picked":"Singing Bowl","floor":38.0},{"not_picked":["Slimebound:GrowthPunch","Slimebound:SplitLeeching+1","Slimebound:SlimeBrawl+1"],"picked":"Singing Bowl","floor":40.0},{"not_picked":["Slimebound:Nibble+1","Slimebound:FinishingTackle+1","Slimebound:DouseInSlime+1"],"picked":"Singing Bowl","floor":42.0},{"not_picked":["Slimebound:GrowthPunch","Slimebound:LeechingTouch+1","Slimebound:Prepare+1"],"picked":"Singing Bowl","floor":44},{"not_picked":["Slimebound:LeechingTouch","Slimebound:SamplingLick+1","Slimebound:SplitMire+1"],"picked":"Singing Bowl","floor":46},{"not_picked":["Slimebound:SplitMire+1","Slimebound:SplitBruiser+1","Slimebound:ComboTackle"],"picked":"Singing Bowl","floor":49}],"player_experience":477101,"relics_obtained":[{"floor":2.0,"key":"Singing Bowl"},{"floor":4.0,"key":"Sundial"},{"floor":7.0,"key":"hubris:CuriousFeather"},{"floor":9.0,"key":"Matryoshka"},{"floor":13.0,"key":"hubris:TinFlute"},{"floor":13.0,"key":"CaptainsWheel"},{"floor":22.0,"key":"hubris:64BitClover"},{"floor":24.0,"key":"Potion Belt"},{"floor":24.0,"key":"Happy Flower"},{"floor":27.0,"key":"White Beast Statue"},{"floor":31.0,"key":"Nilry\u0027s Codex"},{"floor":34.0,"key":"CeramicFish"},{"floor":34.0,"key":"Toxic Egg 2"},{"floor":34.0,"key":"hubris:Teleporter"},{"floor":36.0,"key":"Torii"},{"floor":40.0,"key":"Gremlin Horn"},{"floor":42.0,"key":"Orichalcum"},{"floor":44,"key":"Eternal Feather"},{"floor":49,"key":"HornCleat"}],"event_choices":[{"damage_healed":0.0,"max_hp_gain":5.0,"max_hp_loss":0.0,"gold_gain":0.0,"event_name":"Big Fish","player_choice":"Donut","floor":11.0,"gold_loss":0.0,"damage_taken":0.0}],"is_beta":false,"boss_relics":[{"not_picked":["Coffee Dripper","SacredBark"],"picked":"Fusion Hammer"},{"not_picked":["Sozu","Runic Dome"],"picked":"Calling Bell"}],"items_purged_floors":[26,30],"is_endless":false,"potions_floor_spawned":[14,16,19,27,28,29,32,33,36,38,40,42,44,46,49],"killed_by":"downfall:CharBossMerchant","ascension_level":1}}