{"host":"f5n4tidiz2n5sooh","time":1608430718,"event":{"mods":["BaseMod","Bestiary","Colored Map","Minty Spire (QoL Compilation)","Relic Stats","StSLib"],"gold_per_floor":[116,116,129,3,3,38,38,66,66,79,23,98,112,112,112,185,185,200,170,170,85,85,85,85],"floor_reached":23,"playtime":750,"items_purged":["Strike_B"],"score":469,"play_id":"23b62bc9-59b3-4b85-bd2e-8b8ad0e96439","local_time":"20201219201838","is_ascension_mode":true,"campfire_choices":[{"data":"Zap","floor":7,"key":"SMITH"},{"data":"Coolheaded","floor":15,"key":"SMITH"}],"circlet_count":0,"master_deck":["AscendersBane","Strike_B","Strike_B","Strike_B","Defend_B","Defend_B","Defend_B","Defend_B","Zap+1","Dualcast","Barrage","Self Repair","Coolheaded+1","FTL","Glacier","Compile Driver","Cold Snap","Biased Cognition","Capacitor"],"relics":["Cracked Core","NeowsBlessing","Gambling Chip","Thread and Needle","Pear","Black Star","Nunchaku","Enchiridion"],"acts_visited":["Exordium","TheCity"],"potions_floor_usage":[8,23],"damage_taken":[{"damage":0,"enemies":"2 Louse","floor":1,"turns":1},{"damage":0,"enemies":"Cultist","floor":3,"turns":1},{"damage":0,"enemies":"3 Sentries","floor":6,"turns":1},{"damage":32,"enemies":"Gremlin Nob","floor":8,"turns":4},{"damage":0,"enemies":"Small Slimes","floor":10,"turns":4},{"damage":0,"enemies":"2 Fungi Beasts","floor":13,"turns":3},{"damage":35,"enemies":"The Guardian","floor":16,"turns":17},{"damage":0,"enemies":"3 Byrds","floor":18,"turns":5},{"damage":15,"enemies":"2 Thieves","floor":19,"turns":4},{"damage":41,"enemies":"Slavers","floor":23,"turns":4}],"seed_played":"2382876882318578036","potions_obtained":[{"floor":6,"key":"SteroidPotion"},{"floor":8,"key":"SneckoOil"},{"floor":19,"key":"Fruit Juice"}],"is_trial":false,"path_per_floor":["M","?","M","$","?","E","R","E","T","M","$","?","M","?","R","B",null,"M","M","?","?","?","E"],"character_chosen":"DEFECT","items_purchased":["Coolheaded","Compile Driver"],"campfire_rested":0,"item_purchase_floors":[4,11],"current_hp_per_floor":[64,64,64,64,69,69,69,44,54,61,61,50,57,86,86,58,79,86,78,53,53,32,0,0],"gold":85,"neow_bonus":"THREE_ENEMY_KILL","is_daily":false,"chose_seed":false,"campfire_upgraded":2,"win_rate":0.0,"timestamp":1608430718,"path_taken":["M","?","?","?","?","E","R","E","T","M","$","?","M","?","R","BOSS","M","M","?","?","?","E"],"items_purchased_type":["Card","Card"],"build_version":"2020-12-13","purchased_purges":1,"victory":false,"max_hp_per_floor":[71,71,71,71,76,76,76,76,86,86,86,86,86,86,86,86,86,86,86,91,91,91,96,96],"relic_stats":{"Nunchaku":[0],"counters":[10,44],"Gambling Chip":[22],"Black Star":0,"obtain_stats":[{"Nunchaku":21,"Pear":9,"NeowsBlessing":0,"Gambling Chip":6,"Enchiridion":22,"Thread and Needle":8,"Black Star":17,"Cracked Core":0},{"Nunchaku":9,"Pear":4,"NeowsBlessing":0,"Gambling Chip":3,"Enchiridion":9,"Thread and Needle":4,"Black Star":7,"Cracked Core":0},{"Nunchaku":40,"Pear":7,"NeowsBlessing":0,"Gambling Chip":3,"Enchiridion":40,"Thread and Needle":7,"Black Star":31,"Cracked Core":0}]},"card_choices":[{"not_picked":["Scrape","Storm"],"picked":"Barrage","floor":1},{"not_picked":["Go for the Eyes","Reinforced Body"],"picked":"Self Repair","floor":3},{"not_picked":["Stack","Rebound"],"picked":"FTL","floor":6},{"not_picked":["Conserve Battery","Sweeping Beam"],"picked":"Glacier","floor":8},{"not_picked":["Chill","Storm","Barrage"],"picked":"SKIP","floor":10},{"not_picked":["Aggregate","Steam Power"],"picked":"Cold Snap","floor":13},{"not_picked":["Meteor Strike","All For One"],"picked":"Biased Cognition","floor":16},{"not_picked":["Chaos+1","Go for the Eyes"],"picked":"Capacitor","floor":18},{"not_picked":["Barrage","Compile Driver","Recycle"],"picked":"SKIP","floor":19}],"player_experience":1899600,"relics_obtained":[{"floor":6,"key":"Gambling Chip"},{"floor":8,"key":"Thread and Needle"},{"floor":9,"key":"Pear"},{"floor":22,"key":"Enchiridion"}],"event_choices":[{"damage_healed":0,"gold_gain":0,"player_choice":"0 cards matched","damage_taken":0,"max_hp_gain":0,"max_hp_loss":0,"event_name":"Match and Keep!","floor":2,"gold_loss":0,"cards_obtained":[]},{"damage_healed":0,"gold_gain":0,"player_choice":"Donut","damage_taken":0,"max_hp_gain":5,"max_hp_loss":0,"event_name":"Big Fish","floor":5,"gold_loss":0},{"damage_healed":0,"gold_gain":75,"player_choice":"Gather Gold","damage_taken":11,"max_hp_gain":0,"max_hp_loss":0,"event_name":"World of Goop","floor":12,"gold_loss":0},{"damage_healed":29,"gold_gain":0,"player_choice":"Full Heal","damage_taken":0,"max_hp_gain":0,"max_hp_loss":0,"event_name":"Wheel of Change","floor":14,"gold_loss":0},{"damage_healed":0,"gold_gain":0,"player_choice":"Shed Blood","damage_taken":30,"max_hp_gain":5,"max_hp_loss":0,"event_name":"Forgotten Altar","floor":20,"gold_loss":0},{"damage_healed":0,"gold_gain":0,"player_choice":"Obtained Relic","damage_taken":0,"relics_obtained":["Nunchaku"],"max_hp_gain":0,"max_hp_loss":0,"event_name":"Addict","floor":21,"gold_loss":85},{"damage_healed":0,"gold_gain":0,"player_choice":"Obtained Book","damage_taken":21,"max_hp_gain":0,"max_hp_loss":0,"event_name":"Cursed Tome","floor":22,"gold_loss":0}],"is_beta":false,"boss_relics":[{"not_picked":["Astrolabe","FrozenCore"],"picked":"Black Star"}],"items_purged_floors":[4],"is_endless":false,"potions_floor_spawned":[6,8,19],"killed_by":"Slavers","ascension_level":20}}