{"host":"69rply1jf2d1wbmp","time":1608477088,"event":{"mods":["BaseMod","Minty Spire (QoL Compilation)","Quick Restart"],"gold_per_floor":[111,111,36,53,67,97,108,108,108,108,147,1,1,1,1,125,125,138,152,175,30,0,0,43,66,138,138,163,196,266,284,284,412,412,432,453,474,474,490,490,490],"floor_reached":40,"playtime":1492,"items_purged":[],"score":463,"play_id":"15aed68e-5665-4edd-a654-c63e9d1f7266","local_time":"20201220101128","is_ascension_mode":false,"campfire_choices":[{"floor":10,"key":"RECALL"},{"floor":13,"key":"REST"},{"data":"Rampage","floor":15,"key":"SMITH"},{"floor":23,"key":"REST"},{"floor":27,"key":"REST"},{"floor":32,"key":"REST"}],"circlet_count":0,"master_deck":["Strike_R","Strike_R","Strike_R","Strike_R","Defend_R","Defend_R","Defend_R","Defend_R","Bash","Rampage+1","Inflame","Perfected Strike","Injury","Reaper","CurseOfTheBell","Cleave","Twin Strike","Fire Breathing","Rage+1","Shrug It Off+1","Wild Strike+1","Feed","Metallicize+1","Fire Breathing+1"],"relics":["Burning Blood","CaptainsWheel","Regal Pillow","Golden Idol","WingedGreaves","PreservedInsect","Calling Bell","Bronze Scales","Toxic Egg 2","Magic Flower","Brimstone","Omamori","Darkstone Periapt","The Courier","Letter Opener","Black Star"],"acts_visited":["Exordium","TheCity","TheBeyond"],"potions_floor_usage":[6,6,11,18,19,28,28],"damage_taken":[{"damage":2,"enemies":"Small Slimes","floor":1,"turns":4},{"damage":8,"enemies":"2 Louse","floor":4,"turns":2},{"damage":1,"enemies":"Cultist","floor":5,"turns":3},{"damage":0,"enemies":"Gremlin Nob","floor":6,"turns":2},{"damage":5,"enemies":"Looter","floor":7,"turns":4},{"damage":27,"enemies":"3 Sentries","floor":11,"turns":9},{"damage":48,"enemies":"Slime Boss","floor":16,"turns":13},{"damage":9,"enemies":"3 Byrds","floor":18,"turns":4},{"damage":39,"enemies":"Shell Parasite","floor":19,"turns":7},{"damage":51,"enemies":"3 Cultists","floor":20,"turns":6},{"damage":24,"enemies":"Book of Stabbing","floor":24,"turns":4},{"damage":26,"enemies":"Sentry and Sphere","floor":25,"turns":4},{"damage":20,"enemies":"Shelled Parasite and Fungi","floor":28,"turns":3},{"damage":55,"enemies":"Gremlin Leader","floor":29,"turns":6},{"damage":25,"enemies":"Snake Plant","floor":31,"turns":3},{"damage":60,"enemies":"Collector","floor":33,"turns":8},{"damage":16,"enemies":"Orb Walker","floor":35,"turns":4},{"damage":32,"enemies":"3 Shapes","floor":36,"turns":4},{"damage":42,"enemies":"3 Darklings","floor":37,"turns":6},{"damage":60,"enemies":"Sphere and 2 Shapes","floor":39,"turns":6},{"damage":62,"enemies":"Giant Head","floor":40,"turns":6}],"seed_played":"3377744141539957026","potions_obtained":[{"floor":1,"key":"ColorlessPotion"},{"floor":4,"key":"DuplicationPotion"},{"floor":6,"key":"Block Potion"},{"floor":16,"key":"ColorlessPotion"},{"floor":18,"key":"Energy Potion"},{"floor":24,"key":"Energy Potion"},{"floor":25,"key":"Block Potion"},{"floor":33,"key":"GamblersBrew"}],"is_trial":false,"path_per_floor":["M","?","$","M","M","E","M","?","T","R","E","$","R","?","R","B",null,"M","M","M","$","?","R","E","M","T","R","M","E","T","M","R","B",null,"M","M","M","?","M","E"],"character_chosen":"IRONCLAD","items_purchased":["Inflame","PreservedInsect","Brimstone"],"campfire_rested":4,"item_purchase_floors":[3,12,21],"current_hp_per_floor":[60,53,53,51,56,62,63,63,63,63,42,42,80,80,80,38,80,80,64,38,38,38,77,62,57,57,80,78,60,60,44,80,52,80,73,74,83,83,41,0,0],"gold":490,"neow_bonus":"ONE_RARE_RELIC","is_daily":false,"chose_seed":false,"campfire_upgraded":1,"win_rate":0.0,"timestamp":1608477088,"path_taken":["M","?","$","M","M","E","M","?","T","R","E","$","R","?","R","BOSS","M","M","M","?","?","R","E","M","T","R","M","E","?","?","R","BOSS","M","M","M","?","M","E"],"items_purchased_type":["Card","Relic","Relic"],"build_version":"2020-12-13","purchased_purges":0,"victory":false,"max_hp_per_floor":[80,80,80,80,80,80,80,80,80,80,80,80,80,80,80,80,80,80,80,80,80,80,80,80,80,80,80,80,80,80,80,80,80,80,80,83,83,83,83,83,83],"card_choices":[{"not_picked":["Blood for Blood","Flex"],"picked":"Rampage","floor":1},{"not_picked":["Thunderclap","Flex"],"picked":"Perfected Strike","floor":4},{"not_picked":["Headbutt","Second Wind","Shockwave"],"picked":"SKIP","floor":5},{"not_picked":["Iron Wave","Burning Pact","Power Through"],"picked":"SKIP","floor":6},{"not_picked":["Perfected Strike","Pummel","Uppercut"],"picked":"SKIP","floor":7},{"not_picked":["Body Slam","Intimidate","Headbutt"],"picked":"SKIP","floor":11},{"not_picked":["Juggernaut","Brutality"],"picked":"Reaper","floor":16},{"not_picked":["Feel No Pain+1","Wild Strike+1","Havoc+1"],"picked":"SKIP","floor":18},{"not_picked":["Fire Breathing","Perfected Strike"],"picked":"Cleave","floor":19},{"not_picked":["Thunderclap","Whirlwind"],"picked":"Twin Strike","floor":20},{"not_picked":["Corruption","Thunderclap","Intimidate+1"],"picked":"SKIP","floor":24},{"not_picked":["Anger","Reckless Charge"],"picked":"Fire Breathing","floor":25},{"not_picked":["Rupture","Heavy Blade"],"picked":"Rage+1","floor":28},{"not_picked":["Shockwave+1","Clash"],"picked":"Shrug It Off+1","floor":29},{"not_picked":["Sword Boomerang","Combust+1"],"picked":"Wild Strike+1","floor":31},{"not_picked":["Bludgeon","Juggernaut"],"picked":"Feed","floor":33},{"not_picked":["Sever Soul","Twin Strike","Dark Embrace"],"picked":"SKIP","floor":35},{"not_picked":["Fire Breathing+1","Shrug It Off+1"],"picked":"Metallicize+1","floor":36},{"not_picked":["Dark Embrace+1","Anger","Bloodletting+1"],"picked":"SKIP","floor":37},{"not_picked":["Wild Strike+1","True Grit+1"],"picked":"Fire Breathing+1","floor":39}],"player_experience":364141,"relics_obtained":[{"floor":6,"key":"Regal Pillow"},{"floor":11,"key":"WingedGreaves"},{"floor":17,"key":"Bronze Scales"},{"floor":17,"key":"Toxic Egg 2"},{"floor":17,"key":"Magic Flower"},{"floor":24,"key":"Omamori"},{"floor":26,"key":"Darkstone Periapt"},{"floor":29,"key":"The Courier"},{"floor":30,"key":"Letter Opener"}],"event_choices":[{"cards_removed":["Strike_R"],"damage_healed":0,"gold_gain":0,"player_choice":"Card Removal","damage_taken":7,"max_hp_gain":0,"max_hp_loss":0,"event_name":"Golden Wing","floor":2,"gold_loss":0},{"damage_healed":0,"gold_gain":0,"player_choice":"Take Wound","damage_taken":0,"relics_obtained":["Golden Idol"],"max_hp_gain":0,"max_hp_loss":0,"event_name":"Golden Idol","floor":8,"gold_loss":0,"cards_obtained":["Injury"]},{"damage_healed":0,"gold_gain":0,"player_choice":"Ignored","damage_taken":0,"max_hp_gain":0,"max_hp_loss":0,"event_name":"NoteForYourself","floor":14,"gold_loss":0},{"damage_healed":0,"gold_gain":0,"player_choice":"Paid Fearfully","damage_taken":0,"max_hp_gain":0,"max_hp_loss":0,"event_name":"Masked Bandits","floor":22,"gold_loss":30},{"damage_healed":21,"gold_gain":0,"player_choice":"Writhe","damage_taken":0,"max_hp_gain":0,"max_hp_loss":0,"event_name":"Winding Halls","floor":38,"gold_loss":0,"cards_obtained":["Writhe"]}],"is_beta":false,"boss_relics":[{"not_picked":["Astrolabe","Fusion Hammer"],"picked":"Calling Bell"},{"not_picked":["Sozu","Coffee Dripper"],"picked":"Black Star"}],"items_purged_floors":[],"is_endless":false,"potions_floor_spawned":[1,4,6,16,18,24,25,33],"killed_by":"Giant Head","ascension_level":0}}