{"host":"rcanb95qz4o6v6pp","time":1608478837,"event":{"mods":["AchievementEnabler","BaseMod","Better Third Choice","Colored Map","Downfall","Minty Spire (QoL Compilation)","Replay The Spire","Spicy Shops","StSLib"],"gold_per_floor":[111,111,26,36,48,80,80,110,110,110,135,173,173,213,213,335,335,375,2,2,80,149,149,149,234,286,321,405,455,485,8,8,104,404,465,505,234,277,327,362,393,222,301,351,351,227,0,27,27,27,27,27,27,54,54],"floor_reached":56,"playtime":23762,"items_purged":["Pain","Slimebound:Icky","Amnesia"],"score":1505,"play_id":"78de17ce-d387-428a-8fce-2baaf750459e","local_time":"20201220104037","daily_mods":["SealedDeck","Heirloom","Flight","DeadlyEvents"],"is_ascension_mode":false,"campfire_choices":[{"data":"BattleHymn","floor":7,"key":"SMITH"},{"floor":13,"key":"REST"},{"floor":15,"key":"REST"},{"floor":23,"key":"REST"},{"floor":24,"key":"REST"},{"floor":32,"key":"REST"},{"floor":45,"key":"RECALL"},{"data":"DevaForm","floor":49,"key":"SMITH"},{"data":"ReplayUltimateDefense","floor":49,"key":"SMITH"},{"floor":52,"key":"DIG"}],"circlet_count":0,"master_deck":["Guardian:TemporalStrike","Guardian:ShieldCharger","Consecrate","Evaluate","FlyingSleeves","Consecrate","BattleHymn+1","Guardian:ArmoredProtocol","Guardian:Gem_Green","FlyingSleeves","Guardian:FloatingOrbs","Guardian:Gem_Green","Prostrate","Guardian:ChargeCore","Guardian:Gem_Cyan","EmptyBody","Wish","Guardian:BronzeOrb","CarveReality","Clash","BowlingBash","Guardian:CompilePackage","Wish","LikeWater","Prostrate","Protect","Guardian:Gem_Purple","Worship+1","Guardian:PrismaticBeam","Replay:Parry","Guardian:Gem_Cyan","Sanctity","Guardian:Gem_Green","Guardian:Gem_Green","ReplayUltimateDefense+1","Panacea","Guardian:Orbwalk+1","Shame","DevaForm+1"],"relics":["Ring of Chaos","Prayer Wheel","Counterbalance","TeardropLocket","Replay:Arrowhead","Replay:M_SmolderingBlood","Oddly Smooth Stone","Philosopher\u0027s Stone","champ:DuelingGlove","ReplayTheSpireMod:Shallot","ReplayTheSpireMod:Lightbulb","Guardian:PocketSentry","Replay:WaspNest","Nunchaku","MealTicket","Membership Card","Thread and Needle","Bird Faced Urn","Replay:Ancient Bell","Omamori","Shuriken","Old Coin","Durian","Vajra","Gremlin Food","Replay:Multitool","Gremlin Horn","Replay:Bottled Flurry","ReplayTheSpireMod:CursedCoin","Iron Hammer","Pantograph","Ring of Peace","Ring of Greed","Smiling Mask","Blue Doll","BargainBundle","Ginger","Replay:Kaleidoscope","Toy Ornithopter","Replay:Bottled Snecko","sneckomod:BlankCard"],"acts_visited":["Exordium","TheCity","TheBeyond","TheEnding"],"potions_floor_usage":[6,6,11,21,22,25,25,27,28,38,38,55,55,55,55,55],"damage_taken":[{"damage":1,"enemies":"2 Louse","floor":1,"turns":2},{"damage":3,"enemies":"Cultist","floor":4,"turns":4},{"damage":5,"enemies":"Small Slimes","floor":5,"turns":3},{"damage":15,"enemies":"3 Sentries","floor":6,"turns":4},{"damage":12,"enemies":"Lagavulin","floor":8,"turns":6},{"damage":12,"enemies":"3 Sentries","floor":11,"turns":5},{"damage":2,"enemies":"Looter","floor":12,"turns":3},{"damage":13,"enemies":"2 Fungi Beasts","floor":14,"turns":3},{"damage":4,"enemies":"Hexaghost","floor":16,"turns":7},{"damage":0,"enemies":"Spheric Guardian","floor":18,"turns":3},{"damage":51,"enemies":"Book of Stabbing","floor":21,"turns":5},{"damage":3,"enemies":"Shell Parasite","floor":22,"turns":3},{"damage":27,"enemies":"Slavers","floor":25,"turns":4},{"damage":6,"enemies":"Centurion and Healer","floor":27,"turns":3},{"damage":0,"enemies":"Gremlin Leader","floor":28,"turns":5},{"damage":0,"enemies":"Replay:Snechameleon","floor":30,"turns":3},{"damage":0,"enemies":"Champ","floor":33,"turns":7},{"damage":0,"enemies":"Orb Walker","floor":35,"turns":4},{"damage":0,"enemies":"3 Shapes","floor":38,"turns":3},{"damage":0,"enemies":"Giant Head","floor":39,"turns":4},{"damage":0,"enemies":"Nemesis","floor":40,"turns":5},{"damage":2,"enemies":"R_Hoarder","floor":41,"turns":6},{"damage":0,"enemies":"Giant Head","floor":48,"turns":4},{"damage":0,"enemies":"Replay:Hell Engine","floor":50,"turns":9},{"damage":0,"enemies":"Shield and Spear","floor":54,"turns":4},{"damage":0,"enemies":"The Heart","floor":55,"turns":5}],"seed_played":"-4948845166643277145","potions_obtained":[{"floor":1,"key":"Elixir"},{"floor":2,"key":"SteroidPotion"},{"floor":2,"key":"Energy Potion"},{"floor":8,"key":"Guardian:BlockOnCardUsePotion"},{"floor":11,"key":"SmokeBomb"},{"floor":12,"key":"DuplicationPotion"},{"floor":21,"key":"Fruit Juice"},{"floor":22,"key":"Weak Potion"},{"floor":25,"key":"Weak Potion"},{"floor":27,"key":"BlessingOfTheForge"},{"floor":35,"key":"Adrenaline Potion"},{"floor":38,"key":"SteroidPotion"},{"floor":40,"key":"EssenceOfSteel"}],"is_trial":true,"path_per_floor":["M","?","$","M","M","E","R","E","T","?","E","M","R","M","R","B",null,"M","$","?","E","M","R","R","E","T","M","E","?","E","$","R","B",null,"M","?","$","M","E","E","E","$","T","?","R","$","$","E","R","B",null,"R","$","E","B",null],"character_chosen":"WATCHER","items_purchased":["Guardian:FloatingOrbs","Guardian:Gem_Green","champ:DuelingGlove","Guardian:Gem_Crimson","MealTicket","Membership Card","Thread and Needle","Bird Faced Urn","Vajra","Gremlin Food","Replay:Parry","BlessingOfTheForge","ReplayTheSpireMod:CursedCoin","Iron Hammer","Pantograph","Sanctity","PowerPotion","Guardian:Gem_Green","BargainBundle","PowerPotion","PowerPotion","ReplayUltimateDefense","Panacea","Guardian:Orbwalk+1","Ginger","Replay:Kaleidoscope"],"campfire_rested":5,"item_purchase_floors":[3,3,19,19,31,31,31,31,37,37,37,37,42,42,42,42,42,46,46,46,46,46,46,47,47,47],"current_hp_per_floor":[71,71,71,68,63,48,48,36,36,36,24,22,43,30,51,47,72,72,72,72,21,23,46,69,42,42,36,36,36,36,36,59,69,77,77,82,82,82,82,82,80,82,82,82,82,82,82,82,82,82,82,82,82,82,82],"gold":54,"neow_bonus":"","is_daily":false,"chose_seed":false,"campfire_upgraded":3,"win_rate":0.0,"timestamp":1608478837,"path_taken":["M","?","?","M","?","E","R","?","T","?","E","?","R","M","R","BOSS","M","$","?","?","?","R","R","?","T","?","E","?","?","$","R","BOSS","M","?","$","M","?","E","E","$","T","?","R","?","$","E","R","BOSS","R","$","E","BOSS"],"items_purchased_type":["Card","Card","Relic","Card","Relic","Relic","Relic","Relic","Relic","Relic","Card","Potion","Relic","Relic","Relic","Card","Potion","Card","Relic","Potion","Potion","Card","Card","Card","Relic","Relic"],"build_version":"2020-12-13","purchased_purges":3,"victory":true,"max_hp_per_floor":[72,72,72,72,72,72,72,72,72,72,72,72,72,72,72,72,72,72,72,72,72,77,77,77,77,77,77,77,77,77,77,77,77,77,77,82,82,82,82,82,82,82,82,82,82,82,82,82,82,82,82,82,82,82,82],"card_choices":[{"not_picked":["Consecrate","Guardian:DecasProtection"],"picked":"Guardian:Gem_Red","floor":1},{"not_picked":["Tantrum","Guardian:BronzeArmor"],"picked":"FlyingSleeves","floor":1},{"not_picked":["Guardian:Gem_Green","Scrawl"],"picked":"Prostrate","floor":4},{"not_picked":["FlurryOfBlows","EmptyBody"],"picked":"Guardian:ChargeCore","floor":4},{"not_picked":["Indignation","Replay:BluntJabs"],"picked":"Guardian:Gem_Cyan","floor":5},{"not_picked":["ForeignInfluence","Guardian:Recover","Guardian:CrystalBeam"],"picked":"SKIP","floor":5},{"not_picked":["Replay:AtTheReady","Prostrate"],"picked":"EmptyBody","floor":6},{"not_picked":["BowlingBash","Guardian:Reroute"],"picked":"Wish","floor":8},{"not_picked":["Guardian:SentryBeam","Guardian:RollAttack"],"picked":"Guardian:BronzeOrb","floor":11},{"not_picked":["Replay:AtTheReady","Crescendo"],"picked":"CarveReality","floor":12},{"not_picked":["Conclude","Guardian:CrystalBeam","Crescendo"],"picked":"SKIP","floor":12},{"not_picked":["Guardian:SentryBeam","Adaptation"],"picked":"Clash","floor":14},{"not_picked":["Replay:Vibes","Guardian:ShieldSpikes"],"picked":"BowlingBash","floor":14},{"not_picked":["ConjureBlade","Guardian:BaubleBeam"],"picked":"Guardian:CompilePackage","floor":16},{"not_picked":["Guardian:CrystalBeam","Replay:ManipulateFuture","SignatureMove"],"picked":"SKIP","floor":18},{"not_picked":["Guardian:ShieldSpikes","LikeWater+1","SashWhip"],"picked":"SKIP","floor":18},{"not_picked":["Guardian:PrismaticBeam","ClearTheMind","Crescendo+1"],"picked":"SKIP","floor":21},{"not_picked":["ForeignInfluence","Halt"],"picked":"LikeWater","floor":22},{"not_picked":["Guardian:BronzeArmor","Guardian:Emergency"],"picked":"Prostrate","floor":22},{"not_picked":["Indignation","Guardian:Harden"],"picked":"Protect","floor":25},{"not_picked":["Conclude","SignatureMove","Nirvana"],"picked":"SKIP","floor":27},{"not_picked":["Guardian:FuturePlans","SashWhip","WheelKick"],"picked":"SKIP","floor":27},{"not_picked":["Nirvana","Guardian:MultiBeam","MentalFortress"],"picked":"SKIP","floor":28},{"not_picked":["SashWhip","ClearTheMind","Guardian:Gem_Yellow"],"picked":"SKIP","floor":30},{"not_picked":["Guardian:GatlingBeam","Guardian:HyperBeam_Guardian"],"picked":"Guardian:Gem_Orange","floor":33},{"not_picked":["Normality","hexamod:Haunted"],"picked":"Shame","floor":34},{"not_picked":["CurseOfTheBell","Voices"],"picked":"Writhe","floor":34},{"not_picked":["Amnesia","CurseOfTheBell"],"picked":"Slimebound:Icky","floor":34},{"not_picked":["EmptyBody+1","Guardian:Clone+1"],"picked":"Guardian:Gem_Purple","floor":35},{"not_picked":["Guardian:PrimingBeam","Replay:Hum"],"picked":"Worship+1","floor":35},{"not_picked":["ReachHeaven+1","Guardian:DonusPower+1"],"picked":"Guardian:PrismaticBeam","floor":36},{"not_picked":["Guardian:TemporalShield","Guardian:Recover"],"picked":"Guardian:Gem_Cyan","floor":38},{"not_picked":["Replay:Battleflow","Sanctity","Guardian:FuturePlans"],"picked":"SKIP","floor":38},{"not_picked":["Fasting2","Guardian:VentSteam","CrushJoints+1"],"picked":"SKIP","floor":39},{"not_picked":["Worship+1","Guardian:Suspension+1","FollowUp+1"],"picked":"SKIP","floor":40},{"not_picked":["Consecrate+1","Guardian:PiercingHide","Replay:AllIn"],"picked":"SKIP","floor":41},{"not_picked":["ForeignInfluence+1","ClearTheMind+1"],"picked":"DevaForm","floor":48},{"not_picked":["Guardian:FastForward","Replay:AtTheReady+1","Crescendo+1"],"picked":"SKIP","floor":54}],"player_experience":1350774,"relics_obtained":[{"floor":6,"key":"Counterbalance"},{"floor":8,"key":"TeardropLocket"},{"floor":9,"key":"Replay:Arrowhead"},{"floor":11,"key":"Oddly Smooth Stone"},{"floor":21,"key":"ReplayTheSpireMod:Shallot"},{"floor":25,"key":"ReplayTheSpireMod:Lightbulb"},{"floor":26,"key":"Guardian:PocketSentry"},{"floor":28,"key":"Replay:WaspNest"},{"floor":30,"key":"Nunchaku"},{"floor":36,"key":"Durian"},{"floor":39,"key":"Replay:Multitool"},{"floor":40,"key":"Gremlin Horn"},{"floor":41,"key":"Replay:Bottled Flurry"},{"floor":44,"key":"Ring of Peace"},{"floor":44,"key":"Ring of Greed"},{"floor":44,"key":"Smiling Mask"},{"floor":44,"key":"Blue Doll"},{"floor":48,"key":"Toy Ornithopter"},{"floor":52,"key":"Replay:Bottled Snecko"},{"floor":54,"key":"sneckomod:BlankCard"}],"event_choices":[{"damage_healed":0,"gold_gain":0,"player_choice":"Got Potions","damage_taken":0,"max_hp_gain":0,"max_hp_loss":0,"event_name":"Lab","floor":2,"gold_loss":0},{"damage_healed":0,"gold_gain":0,"player_choice":"Copied","damage_taken":0,"max_hp_gain":0,"max_hp_loss":0,"event_name":"Duplicator","floor":20,"gold_loss":0,"cards_obtained":["Wish"]},{"damage_healed":0,"gold_gain":100,"player_choice":"Bet on Murderer","damage_taken":0,"max_hp_gain":0,"max_hp_loss":0,"event_name":"The Joust","floor":29,"gold_loss":50}],"is_beta":false,"boss_relics":[{"not_picked":["Coffee Dripper","ReplayTheSpireMod:DimensionalGlitch"],"picked":"Philosopher\u0027s Stone"},{"not_picked":["Empty Cage","Painkiller Herb"],"picked":"Replay:Ancient Bell"},{"not_picked":["Regal Pillow","Happy Flower"],"picked":"Omamori"},{"not_picked":["Chameleon Ring","Meat on the Bone"],"picked":"Shuriken"},{"not_picked":["Unceasing Top","Girya"],"picked":"Old Coin"}],"items_purged_floors":[31,37,46],"is_endless":false,"potions_floor_spawned":[1,8,11,12,14,21,22,25,27,35,38,40,54],"ascension_level":0}}