{"host":"v0dnu0zs4qo0v13s","time":1608481399,"event":{"mods":["BaseMod","Colored Map","Colored Powertips","Minty Spire (QoL Compilation)","Relic Stats","StSLib","SuperFastMode","everything is the same but u backflip on backflip"],"gold_per_floor":[111,36,46,46,59,91,91,101,128,143,163,63,81,81,81,155,155,170,170,190,43,59,59,79,112,187,14,14,33,33,33],"floor_reached":30,"playtime":1625,"items_purged":["Strike_R","Strike_R"],"score":419,"play_id":"63e44865-d972-4ca9-a114-75500653aed6","local_time":"20201220112319","is_ascension_mode":true,"campfire_choices":[{"floor":7.0,"key":"REST"},{"data":"Power Through","floor":15.0,"key":"SMITH"},{"data":"Intimidate","floor":23.0,"key":"SMITH"},{"floor":28.0,"key":"REST"}],"circlet_count":0,"master_deck":["AscendersBane","Defend_R+1","Defend_R+1","Bash+1","Rampage+1","Intimidate+1","Power Through+1","Impervious","Sever Soul","Disarm","Burning Pact","Second Wind"],"relics":["Burning Blood","War Paint","Whetstone","Empty Cage","Potion Belt","Lee\u0027s Waffle","Turnip","Frozen Egg 2"],"acts_visited":["Exordium","TheCity"],"potions_floor_usage":[30],"damage_taken":[{"damage":11.0,"enemies":"Jaw Worm","floor":1.0,"turns":5.0},{"damage":1.0,"enemies":"Cultist","floor":3.0,"turns":3.0},{"damage":12.0,"enemies":"Small Slimes","floor":5.0,"turns":3.0},{"damage":25.0,"enemies":"Lagavulin","floor":6.0,"turns":6.0},{"damage":18.0,"enemies":"Exordium Thugs","floor":8.0,"turns":7.0},{"damage":9.0,"enemies":"Large Slime","floor":10.0,"turns":5.0},{"damage":9.0,"enemies":"Exordium Wildlife","floor":11.0,"turns":4.0},{"damage":0.0,"enemies":"2 Fungi Beasts","floor":13.0,"turns":4.0},{"damage":46.0,"enemies":"Slime Boss","floor":16.0,"turns":13.0},{"damage":50.0,"enemies":"3 Byrds","floor":18.0,"turns":10.0},{"damage":9.0,"enemies":"Shell Parasite","floor":20.0,"turns":5.0},{"damage":22.0,"enemies":"Cultist and Chosen","floor":22.0,"turns":11.0},{"damage":13.0,"enemies":"Snake Plant","floor":24.0,"turns":7.0},{"damage":57.0,"enemies":"Book of Stabbing","floor":25.0,"turns":9.0},{"damage":1.0,"enemies":"Centurion and Healer","floor":29.0,"turns":10.0},{"damage":40,"enemies":"Slavers","floor":30,"turns":5}],"seed_played":"-8200483506522331846","potions_obtained":[{"floor":1.0,"key":"Block Potion"},{"floor":5.0,"key":"Fire Potion"},{"floor":8.0,"key":"Weak Potion"},{"floor":16.0,"key":"GamblersBrew"},{"floor":22.0,"key":"FearPotion"}],"is_trial":false,"path_per_floor":["M","$","M","?","M","E","R","M","T","M","M","$","M","?","R","B",null,"M","?","M","$","M","R","M","E","T","$","R","M","E"],"character_chosen":"IRONCLAD","items_purchased":["Lee\u0027s Waffle","Second Wind","CultistPotion"],"campfire_rested":2,"item_purchase_floors":[21,27,27],"current_hp_per_floor":[46,46,51,51,45,26,50,38,38,35,32,32,38,64,64,24,66,22,22,19,87,71,71,64,13,13,13,39,44,4,4],"gold":33,"neow_bonus":"REMOVE_TWO","is_daily":false,"chose_seed":false,"campfire_upgraded":2,"win_rate":0.0,"timestamp":1608481399,"path_taken":["M","$","M","?","M","E","R","M","T","M","M","$","?","?","R","BOSS","M","?","?","$","M","R","M","E","T","$","R","M","E"],"items_purchased_type":["Relic","Card","Potion"],"build_version":"2020-12-13","purchased_purges":2,"victory":false,"max_hp_per_floor":[80,80,80,80,80,80,80,80,80,80,80,80,80,80,80,80,80,80,80,80,87,87,87,87,87,87,87,87,87,87,87],"relic_stats":{"Lee\u0027s Waffle":68,"counters":[16,107],"Turnip":[8],"Whetstone":["Bash","Rampage"],"War Paint":["Defend_R","Defend_R"],"obtain_stats":[{"Potion Belt":19,"Lee\u0027s Waffle":21,"Turnip":25,"Whetstone":9,"War Paint":6,"Frozen Egg 2":26,"Empty Cage":17,"Burning Blood":0},{"Potion Belt":10,"Lee\u0027s Waffle":11,"Turnip":14,"Whetstone":5,"War Paint":4,"Frozen Egg 2":14,"Empty Cage":9,"Burning Blood":0},{"Potion Belt":60,"Lee\u0027s Waffle":65,"Turnip":92,"Whetstone":24,"War Paint":17,"Frozen Egg 2":92,"Empty Cage":50,"Burning Blood":0}],"Burning Blood":90},"card_choices":[{"not_picked":["Iron Wave","Twin Strike","Warcry"],"picked":"SKIP","floor":1.0},{"not_picked":["Infernal Blade","Clothesline"],"picked":"Rampage","floor":3.0},{"not_picked":["Wild Strike","Iron Wave"],"picked":"Intimidate","floor":5.0},{"not_picked":["Limit Break","Carnage"],"picked":"Intimidate","floor":6.0},{"not_picked":["Warcry","Anger","Bloodletting"],"picked":"SKIP","floor":8.0},{"not_picked":["Searing Blow","Entrench","Pommel Strike"],"picked":"SKIP","floor":10.0},{"not_picked":["Headbutt","Cleave","Hemokinesis"],"picked":"SKIP","floor":11.0},{"not_picked":["Sever Soul","Shrug It Off"],"picked":"Power Through","floor":13.0},{"not_picked":["Limit Break","Double Tap"],"picked":"Impervious","floor":16.0},{"not_picked":["Clothesline","Havoc"],"picked":"Sever Soul","floor":18.0},{"not_picked":["Searing Blow","Sword Boomerang"],"picked":"Disarm","floor":20.0},{"not_picked":["Clothesline","Flame Barrier","Infernal Blade+1"],"picked":"SKIP","floor":22.0},{"not_picked":["Warcry","Body Slam","Clash"],"picked":"SKIP","floor":24.0},{"not_picked":["Intimidate","Pommel Strike"],"picked":"Burning Pact","floor":25.0},{"not_picked":["Dual Wield","Shrug It Off","Wild Strike"],"picked":"SKIP","floor":29.0}],"player_experience":626051,"relics_obtained":[{"floor":6.0,"key":"War Paint"},{"floor":9.0,"key":"Whetstone"},{"floor":25.0,"key":"Turnip"},{"floor":26.0,"key":"Frozen Egg 2"}],"event_choices":[{"cards_removed":["Strike_R"],"damage_healed":0.0,"max_hp_gain":0.0,"max_hp_loss":0.0,"gold_gain":0.0,"event_name":"Purifier","player_choice":"Purged","floor":4.0,"gold_loss":0.0,"damage_taken":0.0},{"damage_healed":26.0,"max_hp_gain":0.0,"max_hp_loss":0.0,"gold_gain":0.0,"event_name":"Big Fish","player_choice":"Banana","floor":14.0,"gold_loss":0.0,"damage_taken":0.0},{"cards_removed":["Intimidate"],"damage_healed":0.0,"max_hp_gain":0.0,"max_hp_loss":0.0,"gold_gain":0.0,"event_name":"WeMeetAgain","player_choice":"Gave Card","floor":19.0,"gold_loss":0.0,"damage_taken":0.0,"relics_obtained":["Potion Belt"]}],"is_beta":false,"boss_relics":[{"not_picked":["Busted Crown","Tiny House"],"picked":"Empty Cage"}],"items_purged_floors":[2,12],"is_endless":false,"potions_floor_spawned":[1,5,8,16,18,22],"killed_by":"Slavers","ascension_level":13}}