{"host":"aioitfzuz1h9wkvz","time":1608460812,"event":{"mods":["AchievementEnabler","BaseMod","Colored Map","Minty Spire (QoL Compilation)","Quick Restart","Relic Stats","Spicy Shops","StSLib"],"gold_per_floor":[110,110,110,110,285,285,318,329,329,343,343,363,363,363],"floor_reached":13,"playtime":318,"items_purged":[],"score":95,"play_id":"2b3a909d-d601-4436-87db-8c7b42aae050","local_time":"20201220204012","is_ascension_mode":true,"campfire_choices":[{"data":"Flex","floor":6,"key":"SMITH"}],"circlet_count":0,"master_deck":["Strike_R","Strike_R","Strike_R","Strike_R","Defend_R","Defend_R","Defend_R","Defend_R","Bash","Sword Boomerang","Flex+1","Doubt","Shrug It Off+1","Flex+1","Inflame","Double Tap+1"],"relics":["Burning Blood","Toxic Egg 2","Toy Ornithopter","CaptainsWheel","Happy Flower"],"acts_visited":["Exordium"],"potions_floor_usage":[8,13],"damage_taken":[{"damage":5,"enemies":"Small Slimes","floor":1,"turns":4},{"damage":64,"enemies":"Gremlin Nob","floor":7,"turns":6},{"damage":0,"enemies":"Jaw Worm","floor":8,"turns":2},{"damage":3,"enemies":"2 Louse","floor":10,"turns":4},{"damage":11,"enemies":"Looter","floor":12,"turns":3},{"damage":33,"enemies":"3 Sentries","floor":13,"turns":7}],"seed_played":"1718421513388396738","potions_obtained":[{"floor":7,"key":"SkillPotion"},{"floor":10,"key":"Dexterity Potion"}],"is_trial":false,"path_per_floor":["M","$","?","?","?","R","E","M","T","M","T","M","E"],"character_chosen":"IRONCLAD","items_purchased":[],"campfire_rested":0,"item_purchase_floors":[],"current_hp_per_floor":[80,80,80,73,73,73,15,26,26,29,29,24,0,0],"gold":363,"neow_bonus":"TRANSFORM_CARD","is_daily":false,"chose_seed":false,"campfire_upgraded":1,"win_rate":0.0,"timestamp":1608460812,"path_taken":["M","$","?","?","?","R","E","M","T","M","?","M","E"],"items_purchased_type":[],"build_version":"2020-12-13","purchased_purges":0,"victory":false,"max_hp_per_floor":[80,80,80,80,80,80,80,80,80,80,80,80,80,80],"relic_stats":{"Happy Flower":[3],"counters":[6,26],"obtain_stats":[{"CaptainsWheel":9,"Happy Flower":11,"Toxic Egg 2":3,"Burning Blood":0,"Toy Ornithopter":7},{"CaptainsWheel":3,"Happy Flower":4,"Toxic Egg 2":1,"Burning Blood":0,"Toy Ornithopter":2},{"CaptainsWheel":12,"Happy Flower":16,"Toxic Egg 2":4,"Burning Blood":0,"Toy Ornithopter":10}],"Burning Blood":29,"Toy Ornithopter":10},"card_choices":[{"not_picked":["Havoc","Perfected Strike"],"picked":"Flex","floor":1},{"not_picked":["Iron Wave","True Grit+1"],"picked":"Shrug It Off+1","floor":7},{"not_picked":["Carnage","Clothesline"],"picked":"Flex+1","floor":8},{"not_picked":["Intimidate+1","Rage+1"],"picked":"Inflame","floor":10},{"not_picked":["Sentinel+1","Havoc+1"],"picked":"Double Tap+1","floor":12}],"player_experience":679718,"relics_obtained":[{"floor":7,"key":"Toy Ornithopter"},{"floor":9,"key":"CaptainsWheel"},{"floor":11,"key":"Happy Flower"}],"event_choices":[{"damage_healed":0,"gold_gain":0,"player_choice":"Box","damage_taken":0,"relics_obtained":["Toxic Egg 2"],"max_hp_gain":0,"max_hp_loss":0,"event_name":"Big Fish","floor":3,"gold_loss":0,"cards_obtained":["Regret"]},{"cards_removed":["Regret"],"damage_healed":0,"gold_gain":0,"player_choice":"Card Removal","damage_taken":7,"max_hp_gain":0,"max_hp_loss":0,"event_name":"Golden Wing","floor":4,"gold_loss":0},{"damage_healed":0,"gold_gain":175,"player_choice":"AGREE","damage_taken":0,"max_hp_gain":0,"max_hp_loss":0,"event_name":"Liars Game","floor":5,"gold_loss":0,"cards_obtained":["Doubt"]}],"is_beta":false,"boss_relics":[],"items_purged_floors":[],"is_endless":false,"potions_floor_spawned":[7,10],"killed_by":"3 Sentries","ascension_level":3}}