{"host":"4id8injl4bo2b6ih","time":1608446757,"event":{"mods":["Act Like it!","BaseMod","Better Third Choice","Colored Map","Downfall","Friendly Minions","Highlight Path","Minty Spire (QoL Compilation)","Robot Space Explorer","Shop Mod","Spicy Shops","StSLib"],"gold_per_floor":[99,109,124,124,138,151,151,185,185,213,231,250,268,280,293,396,396,321,321,321,321,340,340,340,340,368,218,229,244,255,268,279,381,381,381,411,411,435,450,468,468,468,483,483,494,479,497,507,519,519],"floor_reached":51,"playtime":3828,"items_purged":[],"score":716,"play_id":"14937173-96a6-4be6-8b48-c81d43c5e3b1","local_time":"20201220074557","is_ascension_mode":false,"campfire_choices":[{"data":"sneckomod:SnekBite","floor":1.0,"key":"SMITH"},{"data":"sneckomod:UnknownUncommonPower","floor":4.0,"key":"SMITH"},{"data":"sneckomod:SerpentIdol","floor":18.0,"key":"SMITH"},{"data":"sneckomod:UnknownRareAttack","floor":21.0,"key":"SMITH"},{"data":"sneckomod:CheapStock","floor":23.0,"key":"SMITH"},{"floor":25.0,"key":"RECALL"},{"data":"sneckomod:UnknownUncommonPower","floor":27.0,"key":"SMITH"},{"data":"sneckomod:PureSnecko","floor":35.0,"key":"SMITH"},{"data":"sneckomod:MorePower","floor":37.0,"key":"SMITH"},{"floor":42.0,"key":"REST"},{"floor":44.0,"key":"REST"}],"circlet_count":0,"master_deck":["sneckomod:TailWhip","sneckomod:SnekBite+1","sneckomod:Unknown","sneckomod:Unknown","sneckomod:UnknownUncommonPower+1","sneckomod:SerpentIdol+1","sneckomod:UnknownClassSLIMEBOUND","sneckomod:UnknownClassBLUE","sneckomod:UnknownClassTHE_CHAMP_GRAY","sneckomod:UnknownRareAttack+1","sneckomod:UnknownClassPURPLE","sneckomod:UnknownClassSLIMEBOUND","sneckomod:UnknownClassGREEN","sneckomod:UnknownRareSkill+1","sneckomod:Bewildered","sneckomod:CheapStock+1","sneckomod:UnknownUncommonPower+1","sneckomod:WideSting+1","sneckomod:UnknownRareAttack","sneckomod:UnknownClassGREEN","sneckomod:UnknownBlock+1","sneckomod:MorePower+1","sneckomod:UnknownUncommonSkill","sneckomod:UnknownUncommonPower","sneckomod:SoulRoll","sneckomod:SlitherStrike","sneckomod:WideSting","sneckomod:PureSnecko+1","sneckomod:RainOfDice+1","sneckomod:UnknownBlock+1","sneckomod:UnknownClassRED+1","sneckomod:UnknownColorless+1","sneckomod:Unknown2Cost+1","sneckomod:UnknownRarePower+1","sneckomod:SoulCleanse+1","sneckomod:UnknownUncommonSkill","sneckomod:UnknownClassHEXA_GHOST_PURPLE+1","sneckomod:UnknownClassTHE_CHAMP_GRAY+1","sneckomod:Unknown0Cost+1","sneckomod:UnknownEthereal"],"relics":["sneckomod:SneckoSoul","Oddly Smooth Stone","Nunchaku","InkBottle","downfall:ShatteredFragment","Unceasing Top","Runic Pyramid","downfall:HeartBlessingGreen","sneckomod:BabySnecko","Bronze Scales","downfall:HeartBlessingBlue","downfall:HeartBlessingRed","Pandora\u0027s Box","Toy Ornithopter","Du-Vu Doll"],"acts_visited":["Exordium","TheCity","TheBeyond"],"potions_floor_usage":[],"damage_taken":[{"damage":0.0,"enemies":"Cultist","floor":2.0,"turns":3.0},{"damage":0.0,"enemies":"Jaw Worm","floor":3.0,"turns":3.0},{"damage":0.0,"enemies":"2 Louse","floor":5.0,"turns":2.0},{"damage":3.0,"enemies":"Red Slaver","floor":6.0,"turns":4.0},{"damage":16.0,"enemies":"Gremlin Nob","floor":8.0,"turns":3.0},{"damage":19.0,"enemies":"Lagavulin","floor":10.0,"turns":6.0},{"damage":0.0,"enemies":"Gremlin Gang","floor":11.0,"turns":2.0},{"damage":0.0,"enemies":"2 Fungi Beasts","floor":12.0,"turns":2.0},{"damage":5.0,"enemies":"3 Louse","floor":13.0,"turns":3.0},{"damage":5.0,"enemies":"Large Slime","floor":14.0,"turns":2.0},{"damage":10.0,"enemies":"Lots of Slimes","floor":15.0,"turns":3.0},{"damage":22.0,"enemies":"downfall:Silent","floor":16.0,"turns":8.0},{"damage":15.0,"enemies":"Spheric Guardian","floor":22.0,"turns":3.0},{"damage":44.0,"enemies":"Slavers","floor":26.0,"turns":5.0},{"damage":1.0,"enemies":"Shell Parasite","floor":28.0,"turns":4.0},{"damage":8.0,"enemies":"Centurion and Healer","floor":29.0,"turns":4.0},{"damage":15.0,"enemies":"Snecko","floor":30.0,"turns":4.0},{"damage":2.0,"enemies":"Sentry and Sphere","floor":31.0,"turns":3.0},{"damage":2.0,"enemies":"Centurion and Healer","floor":32.0,"turns":4.0},{"damage":41.0,"enemies":"downfall:Watcher","floor":33.0,"turns":8.0},{"damage":10.0,"enemies":"3 Shapes","floor":36.0,"turns":6.0},{"damage":15.0,"enemies":"Orb Walker","floor":39.0,"turns":3.0},{"damage":46.0,"enemies":"Spire Growth","floor":40.0,"turns":4.0},{"damage":45.0,"enemies":"3 Darklings","floor":43.0,"turns":4.0},{"damage":13.0,"enemies":"4 Shapes","floor":45.0,"turns":2.0},{"damage":0.0,"enemies":"downfall:FleeingMerchant","floor":46.0,"turns":4.0},{"damage":19,"enemies":"Spire Growth","floor":47,"turns":5},{"damage":24,"enemies":"Maw","floor":48,"turns":5},{"damage":27,"enemies":"3 Darklings","floor":49,"turns":4},{"damage":52,"enemies":"downfall:Defect","floor":50,"turns":7}],"seed_played":"6088943430419271374","potions_obtained":[{"floor":3.0,"key":"ColorlessPotion"},{"floor":5.0,"key":"Swift Potion"},{"floor":6.0,"key":"Ancient Potion"},{"floor":22.0,"key":"Regen Potion"},{"floor":32.0,"key":"BlessingOfTheForge"},{"floor":45.0,"key":"SpeedPotion"},{"floor":47,"key":"Fire Potion"}],"is_trial":false,"path_per_floor":["R","M","M","R","M","M","T","E","?","E","M","M","M","M","M","B",null,"R","?","?","R","M","R","T","R","E","R","M","M","M","M","M","B",null,"R","M","R","T","M","M","T","R","M","R","M","$","M","M","M","B",null],"character_chosen":"THE_SNECKO","items_purchased":[],"campfire_rested":2,"item_purchase_floors":[],"current_hp_per_floor":[90,91,91,91,92,90,90,77,56,37,48,48,44,40,31,10,99,99,99,99,99,99,99,99,99,61,71,70,62,57,56,59,18,119,119,109,109,109,96,64,64,100,67,104,91,107,93,91,64,12],"gold":519,"neow_bonus":"RANDOM_COMMON_RELIC","is_daily":false,"chose_seed":false,"campfire_upgraded":8,"win_rate":0.0,"timestamp":1608446757,"path_taken":["R","M","M","R","M","M","T","E","?","E","M","M","M","M","M","BOSS","R","?","?","R","M","R","T","R","E","R","M","M","M","M","M","BOSS","R","M","R","?","M","?","T","R","M","R","M","$","?","M","M","BOSS"],"items_purchased_type":[],"build_version":"2020-12-13","purchased_purges":0,"victory":true,"max_hp_per_floor":[90,91,91,91,92,93,93,94,94,94,95,95,96,97,98,99,99,99,99,99,99,99,99,99,99,100,110,110,110,111,112,117,117,119,119,119,119,119,121,123,123,123,124,124,124,125,127,129,129,129],"card_choices":[{"not_picked":["sneckomod:UnknownExhaust","sneckomod:TrashToTreasure"],"picked":"sneckomod:UnknownUncommonPower","floor":2.0},{"not_picked":["sneckomod:UnknownVulnerable","sneckomod:SoulRoll"],"picked":"sneckomod:SerpentIdol","floor":3.0},{"not_picked":["sneckomod:QuickBite","sneckomod:DiceCrush"],"picked":"sneckomod:UnknownClassSLIMEBOUND","floor":5.0},{"not_picked":["sneckomod:UnknownBlock","sneckomod:UnknownClassPURPLE"],"picked":"sneckomod:UnknownClassBLUE","floor":6.0},{"not_picked":["sneckomod:UnknownUncommonAttack","sneckomod:UnknownCommonAttack"],"picked":"sneckomod:UnknownClassTHE_CHAMP_GRAY","floor":8.0},{"not_picked":["sneckomod:RainOfDice","sneckomod:WideSting","sneckomod:QuickBite"],"picked":"SKIP","floor":10.0},{"not_picked":["sneckomod:UnknownExhaust","sneckomod:UnknownCommonAttack"],"picked":"sneckomod:UnknownRareAttack","floor":11.0},{"not_picked":["sneckomod:SoulRoll","sneckomod:QuickBite","sneckomod:UnknownWeak"],"picked":"SKIP","floor":12.0},{"not_picked":["sneckomod:TrashToTreasure","sneckomod:UnknownCommonAttack"],"picked":"sneckomod:UnknownClassPURPLE","floor":13.0},{"not_picked":["sneckomod:UnknownWeak","sneckomod:QuickMove"],"picked":"sneckomod:UnknownClassSLIMEBOUND","floor":14.0},{"not_picked":["sneckomod:UnknownCommonAttack","sneckomod:QuickMove"],"picked":"sneckomod:UnknownClassGREEN","floor":15.0},{"not_picked":["sneckomod:SoulExchange","sneckomod:Mudshield"],"picked":"sneckomod:UnknownRareSkill","floor":16.0},{"not_picked":["sneckomod:SoulRoll","sneckomod:RainOfDice+1"],"picked":"sneckomod:CheapStock","floor":22.0},{"not_picked":["sneckomod:RainOfDice","sneckomod:UnknownClassGREEN"],"picked":"sneckomod:UnknownUncommonPower","floor":26.0},{"not_picked":["sneckomod:QuickMove","sneckomod:UnknownStrike","sneckomod:DiceCrush"],"picked":"SKIP","floor":28.0},{"not_picked":["sneckomod:UnknownUncommonAttack","sneckomod:UnknownClassPURPLE"],"picked":"sneckomod:WideSting+1","floor":29.0},{"not_picked":["sneckomod:Rotation","sneckomod:WideSting"],"picked":"sneckomod:UnknownRareAttack","floor":30.0},{"not_picked":["sneckomod:Nope","sneckomod:Unknown1Cost+1"],"picked":"sneckomod:UnknownClassGREEN","floor":31.0},{"not_picked":["sneckomod:QuickBite","sneckomod:UnknownCommonSkill"],"picked":"sneckomod:UnknownBlock+1","floor":32.0},{"not_picked":["sneckomod:Cheat","sneckomod:UnknownRarePower"],"picked":"sneckomod:MorePower","floor":33.0},{"not_picked":["sneckomod:Unknown0Cost","sneckomod:UnknownWeak"],"picked":"sneckomod:RainOfDice+1","floor":36.0},{"not_picked":["sneckomod:UnknownCommonSkill+1","sneckomod:UnknownUncommonAttack+1"],"picked":"sneckomod:UnknownBlock+1","floor":39.0},{"not_picked":["sneckomod:UnknownX+1","sneckomod:UnknownClassGREEN+1"],"picked":"sneckomod:UnknownClassRED+1","floor":39.0},{"not_picked":["sneckomod:UnknownCommonSkill+1","sneckomod:UnknownClassTHE_CHAMP_GRAY+1"],"picked":"sneckomod:UnknownColorless+1","floor":40.0},{"not_picked":["sneckomod:Rotation+1","sneckomod:DiceBoulder+1"],"picked":"sneckomod:Unknown2Cost+1","floor":40.0},{"not_picked":["sneckomod:UnknownCommonSkill+1","sneckomod:UnknownUncommonAttack+1"],"picked":"sneckomod:UnknownRarePower+1","floor":43.0},{"not_picked":["sneckomod:UnknownVulnerable","sneckomod:QuickMove"],"picked":"sneckomod:SoulCleanse+1","floor":43.0},{"not_picked":["sneckomod:DiceBlock","sneckomod:SlitherStrike+1","sneckomod:SnekBeam"],"picked":"SKIP","floor":45.0},{"not_picked":["sneckomod:UnknownVulnerable+1","sneckomod:UnknownCommonAttack"],"picked":"sneckomod:UnknownUncommonSkill","floor":46},{"not_picked":["sneckomod:UnknownUncommonAttack+1","sneckomod:UnknownClassTHE_CHAMP_GRAY+1"],"picked":"sneckomod:UnknownClassHEXA_GHOST_PURPLE+1","floor":47},{"not_picked":["sneckomod:UnknownClassHEXA_GHOST_PURPLE+1","sneckomod:UnknownX"],"picked":"sneckomod:UnknownClassTHE_CHAMP_GRAY+1","floor":47},{"not_picked":["sneckomod:UnknownClassGREEN+1","sneckomod:UnknownClassRED+1"],"picked":"sneckomod:Unknown0Cost+1","floor":48},{"not_picked":["sneckomod:RainOfDice+1","sneckomod:SoulDraw+1"],"picked":"sneckomod:UnknownEthereal","floor":48},{"not_picked":["sneckomod:UnknownStrike+1","sneckomod:IronFang","sneckomod:SoulDraw+1"],"picked":"SKIP","floor":49}],"player_experience":359029,"relics_obtained":[{"floor":7.0,"key":"Nunchaku"},{"floor":8.0,"key":"InkBottle"},{"floor":10.0,"key":"Unceasing Top"},{"floor":26.0,"key":"Bronze Scales"},{"floor":38.0,"key":"Toy Ornithopter"},{"floor":41.0,"key":"Du-Vu Doll"}],"event_choices":[{"damage_healed":0.0,"max_hp_gain":0.0,"max_hp_loss":0.0,"gold_gain":0.0,"event_name":"Upgrade Shrine","player_choice":"Upgraded","floor":20.0,"gold_loss":0.0,"damage_taken":0.0,"cards_upgraded":["sneckomod:UnknownRareSkill"]}],"is_beta":false,"boss_relics":[{"not_picked":["Runic Dome","Fusion Hammer"],"picked":"Runic Pyramid"},{"not_picked":["Philosopher\u0027s Stone","Empty Cage"],"picked":"Pandora\u0027s Box"}],"items_purged_floors":[],"is_endless":false,"potions_floor_spawned":[3,5,6,12,13,22,26,32,33,40,45,47,48,49],"ascension_level":0}}