{"host":"cz3p2o9n3b1gdmkz","time":1608477120,"event":{"mods":["AchievementEnabler","BaseMod","CapriCore","GungeonMod","Hermit","Lobotomy","Minty Spire (QoL Compilation)","Replay The Spire","Shop Mod","StSLib","SuperFastMode","The Cursed","The Dragon Tamer","The Gatherer","The Jungle","The Poker Player","The Runesmith"],"gold_per_floor":[119,119,394,411,426,426,437,67,67,95,113,38,38,38,38,109,109,121,481,492,492,508,536,451,451,502,537,537,462,489,226,226,304,304,318,318,152,163,163,163,178,209,233,233,253,265,285,68,68,68,68],"floor_reached":52,"playtime":1730,"items_purged":["Regret"],"score":1512,"play_id":"a0c5ce28-15e6-4715-a283-3bb6701efccd","local_time":"20201221001200","is_ascension_mode":true,"campfire_choices":[{"data":"hermit:ItchyTrigger","floor":6.0,"key":"SMITH"},{"floor":25.0,"key":"REST"},{"floor":28.0,"key":"REST"},{"floor":32.0,"key":"REST"},{"floor":40.0,"key":"REST"},{"floor":44.0,"key":"REST"}],"circlet_count":0,"master_deck":["AscendersBane","hermit:Strike_Hermit","hermit:Strike_Hermit","hermit:Defend_Hermit","hermit:Defend_Hermit","hermit:Snapshot","hermit:Covet","hermit:ItchyTrigger+1","hermit:BlackWind","Mayhem","hermit:ItchyTrigger","hermit:Shortfuse","hermit:CalledShot+1","hermit:OverwhelmingPower","hermit:Roulette+1","hermit:Combo","hermit:ItchyTrigger+1","Apotheosis","hermit:OverwhelmingPower","Writhe","hermit:Roulette","hermit:Adapt","hermit:Headshot"],"relics":["Snecko Eye","Blood Vial","DemoMod:MeatBun","Snack Pack","DemoMod:Metronome","DemoMod:RiddleOfLead","ReplayTheSpireMod:Lightbulb","Mercury Hourglass","DemoMod:LamentConfigurum","Matryoshka","Anchor","Ring of Chaos","Bag of Preparation","Strawberry","Replay:Rubber Ducky","Potion Belt"],"acts_visited":["Exordium","TheCity","TheBeyond"],"potions_floor_usage":[50,50,50],"damage_taken":[{"damage":0.0,"enemies":"2 Louse","floor":1.0,"turns":2.0},{"damage":7.0,"enemies":"Small Slimes","floor":4.0,"turns":3.0},{"damage":0.0,"enemies":"Cultist","floor":5.0,"turns":3.0},{"damage":6.0,"enemies":"Exordium Wildlife","floor":7.0,"turns":3.0},{"damage":12.0,"enemies":"3 Sentries","floor":10.0,"turns":4.0},{"damage":0.0,"enemies":"Large Slime","floor":11.0,"turns":2.0},{"damage":0.0,"enemies":"Slime Boss","floor":16.0,"turns":4.0},{"damage":4.0,"enemies":"Spheric Guardian","floor":18.0,"turns":2.0},{"damage":5.0,"enemies":"3 Byrds","floor":20.0,"turns":4.0},{"damage":25.0,"enemies":"Shelled Parasite and Fungi","floor":22.0,"turns":3.0},{"damage":15.0,"enemies":"Slavers","floor":23.0,"turns":3.0},{"damage":9.0,"enemies":"Book of Stabbing","floor":27.0,"turns":2.0},{"damage":45.0,"enemies":"Slavers","floor":30.0,"turns":5.0},{"damage":26.0,"enemies":"Champ","floor":33.0,"turns":6.0},{"damage":9.0,"enemies":"Orb Walker","floor":35.0,"turns":2.0},{"damage":19.0,"enemies":"3 Shapes","floor":38.0,"turns":3.0},{"damage":16.0,"enemies":"Spire Growth","floor":41.0,"turns":3.0},{"damage":60.0,"enemies":"Reptomancer","floor":42.0,"turns":4.0},{"damage":6.0,"enemies":"Jaw Worm Horde","floor":45.0,"turns":3.0},{"damage":53.0,"enemies":"Transient","floor":46.0,"turns":6.0},{"damage":4.0,"enemies":"Sphere and 2 Shapes","floor":47.0,"turns":2.0},{"damage":27,"enemies":"Donu and Deca","floor":50,"turns":2}],"seed_played":"3642414489049263343","potions_obtained":[{"floor":1.0,"key":"Milkshake"},{"floor":5.0,"key":"Energy Potion"},{"floor":10.0,"key":"GamblersBrew"},{"floor":18.0,"key":"LiquidMemories"},{"floor":22.0,"key":"Weak Potion"},{"floor":27.0,"key":"EssenceOfSteel"},{"floor":30.0,"key":"FearPotion"},{"floor":35.0,"key":"SteroidPotion"},{"floor":38.0,"key":"SteroidPotion"},{"floor":47.0,"key":"CultistPotion"}],"is_trial":false,"path_per_floor":["M","?","?","M","M","R","M","$","T","E","M","$","?","?","R","B",null,"M","?","M","?","M","E","?","R","T","E","R","?","E","$","R","B",null,"M","?","$","M","?","R","M","E","T","R","M","M","M","$","R","B",null,null],"character_chosen":"HERMIT","items_purchased":["DemoMod:MeatBun","Mayhem","Apotheosis","PowerPotion","Bag of Preparation","SneckoOil","Adrenaline Potion","Weak Potion"],"campfire_rested":5,"item_purchase_floors":[8,8,31,31,37,48,48,48],"current_hp_per_floor":[64,29,29,24,26,26,22,36,36,30,36,36,36,36,36,46,81,81,45,48,48,29,20,20,44,44,41,65,65,24,24,48,36,70,65,65,65,50,66,81,71,28,28,54,52,11,13,13,39,30,30],"gold":68,"neow_bonus":"BOSS_RELIC","is_daily":false,"chose_seed":false,"campfire_upgraded":1,"win_rate":0.0,"timestamp":1608477120,"path_taken":["M","?","?","M","M","R","M","$","T","E","?","$","?","?","R","BOSS","M","?","?","?","?","E","?","R","T","E","R","?","E","?","R","BOSS","M","?","$","?","?","R","M","E","T","R","M","M","M","$","R","BOSS"],"items_purchased_type":["Relic","Card","Card","Potion","Relic","Potion","Potion","Potion"],"build_version":"2020-12-13","purchased_purges":1,"victory":true,"max_hp_per_floor":[71,71,71,71,71,71,71,71,71,71,71,71,71,71,71,71,81,81,81,81,81,81,81,81,81,81,81,81,81,81,81,81,81,81,81,81,81,81,81,81,81,88,88,88,88,88,88,88,88,88,88],"card_choices":[{"not_picked":["hermit:CursedWeapon","hermit:HighCaliber"],"picked":"hermit:ItchyTrigger","floor":1.0},{"not_picked":["hermit:Quickdraw","hermit:Vantage","hermit:Horror"],"picked":"SKIP","floor":4.0},{"not_picked":["hermit:Headshot","hermit:ItchyTrigger"],"picked":"hermit:BlackWind","floor":5.0},{"not_picked":["hermit:HighCaliber","hermit:WideOpen","hermit:TrackingShot"],"picked":"SKIP","floor":7.0},{"not_picked":["hermit:Magnum","hermit:TrackingShot"],"picked":"hermit:ItchyTrigger","floor":10.0},{"not_picked":["hermit:Ricochet","hermit:Snipe","hermit:Gambit"],"picked":"SKIP","floor":11.0},{"not_picked":["hermit:Gambit","hermit:FinalCanter"],"picked":"hermit:OverwhelmingPower","floor":16.0},{"not_picked":["hermit:Manifest","hermit:NoHoldsBarred+1"],"picked":"hermit:Roulette","floor":18.0},{"not_picked":["hermit:Scavenge","hermit:Quickdraw"],"picked":"hermit:Combo","floor":20.0},{"not_picked":["hermit:Headshot","hermit:Quickdraw"],"picked":"hermit:ItchyTrigger+1","floor":22.0},{"not_picked":["hermit:Feint","hermit:HeroicBravado","hermit:Misfire"],"picked":"SKIP","floor":23.0},{"not_picked":["hermit:FlashPowder","hermit:Determination","hermit:Horror"],"picked":"SKIP","floor":27.0},{"not_picked":["hermit:Vantage","hermit:BigShot","hermit:Snipe"],"picked":"SKIP","floor":30.0},{"not_picked":["hermit:FinalCanter","hermit:Gambit"],"picked":"hermit:OverwhelmingPower","floor":33.0},{"not_picked":["hermit:Dive+1","hermit:BodyArmor","hermit:Horror"],"picked":"SKIP","floor":35.0},{"not_picked":["hermit:Maintenance","hermit:Roulette+1","hermit:Vantage+1"],"picked":"SKIP","floor":38.0},{"not_picked":["hermit:Glare","hermit:TakeCover+1"],"picked":"hermit:Roulette","floor":41.0},{"not_picked":["hermit:Showdown","hermit:NoHoldsBarred","hermit:LowProfile"],"picked":"SKIP","floor":42.0},{"not_picked":["hermit:HighCaliber","hermit:Adapt","hermit:Manifest+1"],"picked":"SKIP","floor":45.0},{"not_picked":["hermit:HighCaliber","hermit:Manifest+1"],"picked":"hermit:Adapt","floor":45.0},{"not_picked":["hermit:DeadMansHand","hermit:Roulette","hermit:Glare"],"picked":"SKIP","floor":46.0},{"not_picked":["hermit:HighCaliber","hermit:GoldenBullet+1"],"picked":"hermit:Headshot","floor":47.0}],"player_experience":996767,"relics_obtained":[{"floor":9.0,"key":"Snack Pack"},{"floor":10.0,"key":"DemoMod:Metronome"},{"floor":23.0,"key":"ReplayTheSpireMod:Lightbulb"},{"floor":26.0,"key":"DemoMod:LamentConfigurum"},{"floor":27.0,"key":"Matryoshka"},{"floor":30.0,"key":"DemoMod:WeirdEgg"},{"floor":42.0,"key":"Strawberry"},{"floor":43.0,"key":"Replay:Rubber Ducky"},{"floor":43.0,"key":"Potion Belt"}],"event_choices":[{"damage_healed":0.0,"max_hp_gain":0.0,"max_hp_loss":0.0,"gold_gain":0.0,"event_name":"Scrap Ooze","player_choice":"Success","floor":2.0,"gold_loss":0.0,"damage_taken":35.0,"relics_obtained":["Blood Vial"]},{"damage_healed":0.0,"max_hp_gain":0.0,"max_hp_loss":0.0,"gold_gain":275.0,"event_name":"Golden Shrine","player_choice":"Desecrate","floor":3.0,"gold_loss":0.0,"damage_taken":0.0,"cards_obtained":["Regret"]},{"damage_healed":0.0,"max_hp_gain":0.0,"max_hp_loss":0.0,"gold_gain":0.0,"event_name":"The Cleric","player_choice":"Leave","floor":13.0,"gold_loss":0.0,"damage_taken":0.0},{"damage_healed":0.0,"max_hp_gain":0.0,"max_hp_loss":0.0,"gold_gain":0.0,"cards_transformed":["hermit:Strike_Hermit"],"event_name":"Living Wall","player_choice":"Change","floor":14.0,"gold_loss":0.0,"damage_taken":0.0,"cards_obtained":["hermit:Shortfuse"]},{"damage_healed":0.0,"max_hp_gain":0.0,"max_hp_loss":0.0,"gold_gain":360.0,"event_name":"Knowing Skull","player_choice":"GOLD GOLD GOLD GOLD ","floor":19.0,"potions_obtained":[],"gold_loss":0.0,"damage_taken":36.0,"cards_obtained":[]},{"damage_healed":0.0,"max_hp_gain":0.0,"max_hp_loss":0.0,"gold_gain":0.0,"event_name":"Golden Shrine","player_choice":"Ignored","floor":21.0,"gold_loss":0.0,"damage_taken":0.0},{"damage_healed":0.0,"max_hp_gain":0.0,"max_hp_loss":0.0,"gold_gain":0.0,"event_name":"Addict","player_choice":"Obtained Relic","floor":24.0,"gold_loss":85.0,"damage_taken":0.0,"relics_obtained":["Mercury Hourglass"]},{"cards_removed":["hermit:Defend_Hermit"],"damage_healed":0.0,"max_hp_gain":0.0,"max_hp_loss":0.0,"gold_gain":0.0,"event_name":"Beggar","player_choice":"Gave Gold","floor":29.0,"gold_loss":75.0,"damage_taken":0.0},{"cards_removed":["hermit:Defend_Hermit"],"damage_healed":0.0,"max_hp_gain":0.0,"max_hp_loss":0.0,"gold_gain":0.0,"event_name":"Purifier","player_choice":"Purged","floor":36.0,"gold_loss":0.0,"damage_taken":0.0},{"damage_healed":16.0,"max_hp_gain":0.0,"max_hp_loss":0.0,"gold_gain":0.0,"event_name":"Winding Halls","player_choice":"Writhe","floor":39.0,"gold_loss":0.0,"damage_taken":0.0,"cards_obtained":["Writhe"]}],"is_beta":false,"boss_relics":[{"not_picked":["Runic Dome","Replay:Ancient Bell"],"picked":"DemoMod:RiddleOfLead"},{"not_picked":["ReplayTheSpireMod:DimensionalGlitch","Tiny House"],"picked":"Ring of Chaos"}],"items_purged_floors":[12],"is_endless":false,"potions_floor_spawned":[1,5,10,11,18,22,27,30,35,38,47],"ascension_level":17}}