{"host":"q9718omregw4er46","time":1608498176,"event":{"mods":["BaseMod","Bestiary","Colored Powertips","Minty Spire (QoL Compilation)","Quick Restart","Relic Stats"],"gold_per_floor":[111,122,142,157,82,116,116,143,169,198,211,224,224,324,324,401,401,414,414,314,314,327,361,361,379,406,418,430,430,463,170,170,269,269,308,385,385,173,242,298,298,357,383,443,129,179,179,197,197,197,197,197,197,34,89,89,89],"floor_reached":56,"playtime":2416,"items_purged":["Strike_P","Strike_P","Defend_P","Strike_P","Shame"],"score":2650,"play_id":"74153c59-3000-4688-9e54-8822fb3a70e4","local_time":"20201221020256","is_ascension_mode":true,"campfire_choices":[{"data":"Wallop","floor":7.0,"key":"SMITH"},{"data":"Conclude","floor":13.0,"key":"SMITH"},{"data":"EmptyFist","floor":15.0,"key":"SMITH"},{"data":"Ragnarok","floor":24.0,"key":"SMITH"},{"data":"WheelKick","floor":29.0,"key":"SMITH"},{"floor":32.0,"key":"REST"},{"data":"MentalFortress","floor":41.0,"key":"SMITH"},{"floor":47.0,"key":"RECALL"},{"floor":49.0,"key":"REST"},{"floor":53.0,"key":"REST"}],"circlet_count":0,"master_deck":["AscendersBane","Strike_P","Defend_P","Defend_P","Defend_P","Eruption","Vigilance","Wallop+1","EmptyFist+1","Conclude+1","FlurryOfBlows","Vault","WheelKick+1","Ragnarok+1","Swivel+1","MentalFortress+1","HandOfGreed+1","Ragnarok+1","Adaptation","Wallop+1","Scrawl","Vault","Wireheading"],"relics":["PureWater","Nunchaku","Dream Catcher","Happy Flower","PreservedInsect","Snecko Eye","Singing Bowl","Nilry\u0027s Codex","Gremlin Horn","Smiling Mask","Dead Branch","Cursed Key","DollysMirror","Damaru","Centennial Puzzle","Pen Nib","Mummified Hand","Bottled Lightning","Pantograph"],"acts_visited":["Exordium","TheCity","TheBeyond","TheEnding"],"potions_floor_usage":[],"damage_taken":[{"damage":0.0,"enemies":"Cultist","floor":1.0,"turns":4.0},{"damage":0.0,"enemies":"Jaw Worm","floor":2.0,"turns":4.0},{"damage":2.0,"enemies":"2 Louse","floor":3.0,"turns":2.0},{"damage":13.0,"enemies":"Lots of Slimes","floor":4.0,"turns":4.0},{"damage":11.0,"enemies":"3 Sentries","floor":6.0,"turns":11.0},{"damage":25.0,"enemies":"Gremlin Nob","floor":8.0,"turns":4.0},{"damage":2.0,"enemies":"3 Sentries","floor":10.0,"turns":4.0},{"damage":0.0,"enemies":"2 Fungi Beasts","floor":11.0,"turns":1.0},{"damage":0.0,"enemies":"3 Louse","floor":12.0,"turns":3.0},{"damage":0.0,"enemies":"Slime Boss","floor":16.0,"turns":5.0},{"damage":0.0,"enemies":"Shell Parasite","floor":18.0,"turns":3.0},{"damage":0.0,"enemies":"Chosen","floor":22.0,"turns":3.0},{"damage":0.0,"enemies":"Slavers","floor":23.0,"turns":3.0},{"damage":13.0,"enemies":"Snake Plant","floor":25.0,"turns":3.0},{"damage":0.0,"enemies":"3 Cultists","floor":27.0,"turns":2.0},{"damage":0.0,"enemies":"Cultist and Chosen","floor":28.0,"turns":5.0},{"damage":0.0,"enemies":"Gremlin Leader","floor":30.0,"turns":3.0},{"damage":8.0,"enemies":"Automaton","floor":33.0,"turns":5.0},{"damage":0.0,"enemies":"Orb Walker","floor":35.0,"turns":5.0},{"damage":19.0,"enemies":"3 Shapes","floor":36.0,"turns":8.0},{"damage":0.0,"enemies":"Jaw Worm Horde","floor":39.0,"turns":4.0},{"damage":0.0,"enemies":"Reptomancer","floor":40.0,"turns":3.0},{"damage":0.0,"enemies":"Nemesis","floor":42.0,"turns":2.0},{"damage":0.0,"enemies":"Reptomancer","floor":44.0,"turns":3.0},{"damage":0.0,"enemies":"Nemesis","floor":46.0,"turns":4.0},{"damage":0.0,"enemies":"3 Darklings","floor":48.0,"turns":3.0},{"damage":42.0,"enemies":"Time Eater","floor":50.0,"turns":10.0},{"damage":0.0,"enemies":"Donu and Deca","floor":51.0,"turns":7.0},{"damage":0.0,"enemies":"Shield and Spear","floor":55.0,"turns":6.0},{"damage":114,"enemies":"The Heart","floor":56,"turns":5}],"seed_played":"-2462767113843146029","potions_obtained":[{"floor":1.0,"key":"Energy Potion"},{"floor":4.0,"key":"AttackPotion"},{"floor":8.0,"key":"Weak Potion"},{"floor":27.0,"key":"AttackPotion"},{"floor":33.0,"key":"Swift Potion"},{"floor":35.0,"key":"FearPotion"}],"is_trial":false,"path_per_floor":["M","M","M","M","$","E","R","E","T","E","M","M","R","?","R","B",null,"M","T","$","?","M","E","R","M","T","M","M","R","E","$","R","B",null,"M","M","?","$","M","E","R","E","T","E","$","E","R","M","R","B","B",null,"R","$","E","B"],"character_chosen":"WATCHER","items_purchased":["MentalFortress","HandOfGreed","DollysMirror","Mummified Hand","Vault","Wireheading"],"campfire_rested":3,"item_purchase_floors":[31,31,38,45,54,54],"current_hp_per_floor":[67,67,65,52,52,41,41,16,16,14,14,14,14,14,14,14,59,59,59,59,38,38,38,38,27,27,29,29,29,31,31,57,51,76,78,61,61,61,61,63,63,63,63,65,65,67,67,67,96,54,54,86,98,98,100,0,0],"gold":89,"neow_bonus":"TEN_PERCENT_HP_BONUS","is_daily":false,"chose_seed":false,"campfire_upgraded":6,"win_rate":0.0,"timestamp":1608498176,"path_taken":["M","M","M","M","$","E","R","E","T","E","M","M","R","?","R","BOSS","M","?","$","?","M","E","R","M","T","M","M","R","E","$","R","BOSS","M","M","?","$","M","E","R","E","T","E","$","E","R","M","R","BOSS","BOSS","R","$","E","BOSS"],"items_purchased_type":["Card","Card","Relic","Relic","Card","Card"],"build_version":"2020-12-13","purchased_purges":5,"victory":false,"max_hp_per_floor":[74,74,74,74,74,74,74,74,74,74,74,74,74,74,74,74,74,74,74,74,74,74,74,74,76,76,78,78,78,80,80,82,84,84,86,88,88,88,88,90,90,90,90,92,92,94,94,94,96,96,96,96,98,98,100,100,100],"relic_stats":{"Happy Flower":[33],"Singing Bowl":26,"Gremlin Horn":[17,19],"counters":[30,129],"Dead Branch":[76],"PreservedInsect":385,"Pen Nib":[9],"Smiling Mask":300,"Cursed Key":1,"Nunchaku":[24],"Dream Catcher":3,"Centennial Puzzle":[6],"Mummified Hand":[41],"Pantograph":0,"Snecko Eye":[167,159,168,169],"obtain_stats":[{"Happy Flower":9,"Singing Bowl":19,"Gremlin Horn":23,"Nilry\u0027s Codex":21,"Dead Branch":30,"Damaru":40,"PreservedInsect":10,"Pen Nib":44,"Smiling Mask":26,"Cursed Key":34,"Nunchaku":6,"Dream Catcher":8,"Centennial Puzzle":42,"DollysMirror":38,"Mummified Hand":45,"Pantograph":55,"Snecko Eye":17,"Bottled Lightning":46,"PureWater":0},{"Happy Flower":6,"Singing Bowl":11,"Gremlin Horn":13,"Nilry\u0027s Codex":11,"Dead Branch":17,"Damaru":22,"PreservedInsect":7,"Pen Nib":24,"Smiling Mask":14,"Cursed Key":18,"Nunchaku":5,"Dream Catcher":6,"Centennial Puzzle":23,"DollysMirror":20,"Mummified Hand":24,"Pantograph":29,"Snecko Eye":10,"Bottled Lightning":25,"PureWater":0},{"Happy Flower":29,"Singing Bowl":45,"Gremlin Horn":51,"Nilry\u0027s Codex":45,"Dead Branch":64,"Damaru":89,"PreservedInsect":33,"Pen Nib":94,"Smiling Mask":54,"Cursed Key":69,"Nunchaku":25,"Dream Catcher":29,"Centennial Puzzle":91,"DollysMirror":82,"Mummified Hand":94,"Pantograph":124,"Snecko Eye":42,"Bottled Lightning":98,"PureWater":0}]},"card_choices":[{"not_picked":["JustLucky","CutThroughFate"],"picked":"Wallop","floor":1.0},{"not_picked":["CrushJoints","Collect"],"picked":"EmptyFist","floor":2.0},{"not_picked":["EmptyBody","ThirdEye","Halt"],"picked":"SKIP","floor":3.0},{"not_picked":["SignatureMove","BattleHymn","WaveOfTheHand"],"picked":"SKIP","floor":4.0},{"not_picked":["ClearTheMind","Sanctity","PathToVictory"],"picked":"SKIP","floor":6.0},{"not_picked":["Sanctity","Devotion"],"picked":"Conclude","floor":8.0},{"not_picked":["ClearTheMind","FollowUp","EmptyBody"],"picked":"SKIP","floor":10.0},{"not_picked":["ForeignInfluence","Consecrate","FlyingSleeves"],"picked":"SKIP","floor":11.0},{"not_picked":["SashWhip","WaveOfTheHand"],"picked":"FlurryOfBlows","floor":12.0},{"not_picked":["Wish","ConjureBlade"],"picked":"Vault","floor":16.0},{"not_picked":["Halt","CrushJoints","Nirvana"],"picked":"SKIP","floor":18.0},{"not_picked":["Crescendo","Prostrate"],"picked":"WheelKick","floor":22.0},{"not_picked":["Meditate","Vengeance"],"picked":"Ragnarok","floor":23.0},{"not_picked":["Prostrate","Evaluate","FlurryOfBlows"],"picked":"Singing Bowl","floor":25.0},{"not_picked":["Consecrate","Indignation+1","Prostrate"],"picked":"Singing Bowl","floor":27.0},{"not_picked":["Conclude+1","FearNoEvil"],"picked":"Swivel+1","floor":28.0},{"not_picked":["Pray","Halt","Sanctity"],"picked":"Singing Bowl","floor":30.0},{"not_picked":["Indignation","CrushJoints","Halt"],"picked":"Singing Bowl","floor":32.0},{"not_picked":["Judgement","Brilliance","Devotion"],"picked":"Singing Bowl","floor":33.0},{"not_picked":["Consecrate","CrushJoints","CutThroughFate"],"picked":"Singing Bowl","floor":35.0},{"not_picked":["FollowUp","LikeWater","Protect"],"picked":"Singing Bowl","floor":36.0},{"not_picked":["WreathOfFlame","FlurryOfBlows"],"picked":"Adaptation","floor":39.0},{"not_picked":["CrushJoints+1","Perseverance","ReachHeaven"],"picked":"Singing Bowl","floor":40.0},{"not_picked":["SpiritShield","Indignation"],"picked":"Wallop+1","floor":42.0},{"not_picked":["BowlingBash","Adaptation+1","FlyingSleeves+1"],"picked":"Singing Bowl","floor":44.0},{"not_picked":["FlyingSleeves","BowlingBash+1","CarveReality"],"picked":"Singing Bowl","floor":46.0},{"not_picked":["Wireheading","WheelKick"],"picked":"Scrawl","floor":48.0},{"not_picked":["Halt","Conclude","WaveOfTheHand"],"picked":"Singing Bowl","floor":49.0},{"not_picked":["ClearTheMind","Fasting2","ThirdEye"],"picked":"Singing Bowl","floor":53.0},{"not_picked":["Conclude","Devotion","EmptyBody"],"picked":"Singing Bowl","floor":55.0}],"player_experience":1081770,"relics_obtained":[{"floor":6.0,"key":"Nunchaku"},{"floor":8.0,"key":"Dream Catcher"},{"floor":9.0,"key":"Happy Flower"},{"floor":10.0,"key":"PreservedInsect"},{"floor":19.0,"key":"Singing Bowl"},{"floor":21.0,"key":"Nilry\u0027s Codex"},{"floor":23.0,"key":"Gremlin Horn"},{"floor":26.0,"key":"Smiling Mask"},{"floor":30.0,"key":"Dead Branch"},{"floor":40.0,"key":"Damaru"},{"floor":42.0,"key":"Centennial Puzzle"},{"floor":44.0,"key":"Pen Nib"},{"floor":46.0,"key":"Bottled Lightning"},{"floor":55.0,"key":"Pantograph"}],"event_choices":[{"damage_healed":0.0,"max_hp_gain":0.0,"max_hp_loss":0.0,"gold_gain":100.0,"event_name":"Wheel of Change","player_choice":"Gold","floor":14.0,"gold_loss":0.0,"damage_taken":0.0},{"damage_healed":0.0,"max_hp_gain":0.0,"max_hp_loss":0.0,"gold_gain":0.0,"event_name":"Cursed Tome","player_choice":"Obtained Book","floor":21.0,"gold_loss":0.0,"damage_taken":21.0},{"damage_healed":0.0,"max_hp_gain":0.0,"max_hp_loss":0.0,"gold_gain":0.0,"event_name":"Upgrade Shrine","player_choice":"Upgraded","floor":37.0,"gold_loss":0.0,"damage_taken":0.0,"cards_upgraded":["HandOfGreed"]}],"is_beta":false,"boss_relics":[{"not_picked":["Empty Cage","Ectoplasm"],"picked":"Snecko Eye"},{"not_picked":["Fusion Hammer","Philosopher\u0027s Stone"],"picked":"Cursed Key"}],"items_purged_floors":[5,20,31,38,45],"is_endless":false,"potions_floor_spawned":[1,4,8,23,27,28,30,33,35,36],"killed_by":"The Heart","ascension_level":20}}