{"host":"eil9x6nly2al6731","time":1608470075,"event":{"mods":["Aspiration","BaseMod","Better Third Choice","Colored Powertips","Conspire","Energized Spire","Friendly Minions","Halation","Hubris","Infinite Spire","Minty Spire (QoL Compilation)","Random Character Button","Replay The Spire","Robot Space Explorer","Shop Mod","StSLib","The Druid","The Factory","The Jungle","The Mystic","The Servant 0.9.4","TheBandit"],"gold_per_floor":[115,129,40,40,56,56,76,76,76,76,86,86,97,110,110,187,187,198,208,208,208,220,220,251,251,274,287,301,301,64,64,64,135,135,150,150,150,150,150],"floor_reached":38,"playtime":1344,"items_purged":["Strike_B"],"score":772,"play_id":"d273092e-8984-4eb1-8f6f-7e54e31b77e2","local_time":"20201220211435","is_ascension_mode":true,"campfire_choices":[{"data":"Defragment","floor":6.0,"key":"SMITH"},{"floor":8.0,"key":"REST"},{"data":"Defragment+1","floor":12.0,"key":"SMITH"},{"data":"Defragment+2","floor":15.0,"key":"SMITH"},{"data":"Go for the Eyes","floor":23,"key":"SMITH"},{"data":"Defragment+3","floor":25,"key":"SMITH"},{"floor":29,"key":"REST"},{"data":"infinitespire:Oblivion","floor":32,"key":"SMITH"}],"circlet_count":0,"master_deck":["AscendersBane","Strike_B","Strike_B","Strike_B","Defend_B","Defend_B","Defend_B","Defend_B","Zap+1","Dualcast","Genetic Algorithm","Conserve Battery","Defragment+4","hubris:NaturalOne","Cold Snap","Coolheaded","Ball Lightning","Machine Learning","Go for the Eyes+1","Time Bomb","infinitespire:Oblivion+1","Redo+1","hubris:PowerSurge","Conserve Battery"],"relics":["Cracked Core","hubris:Icosahedron","conspire:InfiniteJournal","MealTicket","halation:Prosthetics","Replay:Ringing Soul","aspiration:EnhancedActuators","MerchantsRug","MutagenicStrength","SlaversCollar","hubris:Towel"],"acts_visited":["Exordium","TheCity","TheBeyond"],"potions_floor_usage":[16,24],"damage_taken":[{"damage":1.0,"enemies":"Cultist","floor":1.0,"turns":3.0},{"damage":9.0,"enemies":"2 Louse","floor":2.0,"turns":4.0},{"damage":12.0,"enemies":"Small Slimes","floor":5.0,"turns":4.0},{"damage":6.0,"enemies":"Looter","floor":7.0,"turns":3.0},{"damage":2.0,"enemies":"2 Fungi Beasts","floor":11.0,"turns":5.0},{"damage":14.0,"enemies":"Exordium Wildlife","floor":13.0,"turns":4.0},{"damage":6.0,"enemies":"Blue Slaver","floor":14.0,"turns":3.0},{"damage":40,"enemies":"Fading Forest","floor":16,"turns":13},{"damage":0,"enemies":"conspire:FuzzyDice","floor":18,"turns":8},{"damage":8,"enemies":"Shell Parasite","floor":19,"turns":8},{"damage":0,"enemies":"Snecko","floor":22,"turns":5},{"damage":11,"enemies":"conspire:Head Lice","floor":24,"turns":8},{"damage":3,"enemies":"Cultist and Chosen","floor":27,"turns":5},{"damage":0,"enemies":"Snake Plant","floor":28,"turns":4},{"damage":7,"enemies":"Automaton","floor":33,"turns":9},{"damage":0,"enemies":"3 Shapes","floor":35,"turns":5},{"damage":50,"enemies":"3 Darklings","floor":38,"turns":2}],"seed_played":"-4300833992493573177","potions_obtained":[{"floor":2.0,"key":"SteroidPotion"},{"floor":7.0,"key":"Block Potion"},{"floor":18,"key":"ColorlessPotion"},{"floor":24,"key":"Venom Potion"}],"is_trial":false,"path_per_floor":["M","M","$","?","M","R","M","R","T","?","M","R","M","M","R","B",null,"M","M","AVR","?","M","R","E","R","T","M","M","R","$","?","R","B",null,"M","?","T","M"],"character_chosen":"DEFECT","items_purchased":["Defragment","MerchantsRug"],"campfire_rested":2,"item_purchase_floors":[3,30],"current_hp_per_floor":[63,54,54,54,42,42,36,57,57,57,55,55,41,35,35,19,32,32,24,24,24,24,24,16,16,16,13,13,24,39,39,39,32,37,40,40,40,0,0],"gold":150,"neow_bonus":"RANDOM_EVENT","is_daily":false,"chose_seed":false,"campfire_upgraded":6,"win_rate":0.0,"timestamp":1608470075,"path_taken":["M","M","$","?","M","R","M","R","T","?","M","R","M","M","R","BOSS","M","M","AVR","?","M","R","E","R","T","M","M","R","?","?","R","BOSS","M","?","?","M"],"items_purchased_type":["Card","Relic"],"build_version":"2020-12-13","purchased_purges":1,"victory":false,"max_hp_per_floor":[71,71,71,71,71,71,71,71,71,71,71,71,71,71,71,71,36,36,36,36,36,36,36,39,39,39,39,39,39,39,39,39,39,39,42,42,42,42,42],"card_choices":[{"not_picked":["Conserve Battery","ReplayTheSpireMod:System Scan"],"picked":"Genetic Algorithm","floor":1.0},{"not_picked":["Skim","Turbo"],"picked":"Conserve Battery","floor":2.0},{"not_picked":["Hologram","Coolheaded"],"picked":"Cold Snap","floor":5.0},{"not_picked":["Hello World","Aggregate"],"picked":"Coolheaded","floor":7.0},{"not_picked":["Barrage","ReplayTheSpireMod:Omega Cannon"],"picked":"Ball Lightning","floor":11.0},{"not_picked":["White Noise","Aggregate","Consume"],"picked":"SKIP","floor":13.0},{"not_picked":["Sweeping Beam","ReplayGash","BasicCrystalCard"],"picked":"SKIP","floor":14.0},{"not_picked":["Reboot","Meteor Strike"],"picked":"Machine Learning","floor":16},{"not_picked":["Cold Snap","Redo"],"picked":"Go for the Eyes","floor":18},{"not_picked":["Compile Driver","Coolheaded"],"picked":"Time Bomb","floor":19},{"not_picked":["Turbo","Thunder Strike"],"picked":"Redo+1","floor":22},{"not_picked":["White Noise","Coolheaded"],"picked":"hubris:PowerSurge","floor":24},{"not_picked":["Beam Cell","Consume","Storm"],"picked":"SKIP","floor":27},{"not_picked":["ReplayTheSpireMod:Reroute Power","Turbo","Go for the Eyes+1"],"picked":"SKIP","floor":28},{"not_picked":["Stack","Ball Lightning"],"picked":"Conserve Battery","floor":35}],"player_experience":1465254,"relics_obtained":[{"floor":9.0,"key":"conspire:InfiniteJournal"},{"floor":10.0,"key":"MealTicket"},{"floor":24,"key":"Replay:Ringing Soul"},{"floor":26,"key":"aspiration:EnhancedActuators"}],"event_choices":[{"damage_healed":0.0,"max_hp_gain":0.0,"max_hp_loss":0.0,"gold_gain":0.0,"event_name":"Living Wall","player_choice":"Grow","floor":0.0,"gold_loss":0.0,"damage_taken":0.0,"cards_upgraded":["Zap"]},{"damage_healed":0.0,"max_hp_gain":0.0,"max_hp_loss":0.0,"gold_gain":0.0,"event_name":"Wheel of Change","player_choice":"Relic","floor":10.0,"gold_loss":0.0,"damage_taken":0.0},{"damage_healed":0,"gold_gain":0,"player_choice":"Got Potions","damage_taken":0,"max_hp_gain":0,"max_hp_loss":0,"event_name":"Lab","floor":21,"gold_loss":0},{"damage_healed":0,"gold_gain":0,"player_choice":"Inject Mutagens","damage_taken":0,"relics_obtained":["MutagenicStrength"],"max_hp_gain":0,"max_hp_loss":0,"event_name":"Drug Dealer","floor":31,"gold_loss":0}],"is_beta":false,"boss_relics":[{"not_picked":["ReplayTheSpireMod:DimensionalGlitch","Kintsugi"],"picked":"halation:Prosthetics"},{"not_picked":["Abe\u0027s Treasure","Honey Jar"],"picked":"SlaversCollar"}],"items_purged_floors":[30],"is_endless":false,"potions_floor_spawned":[2,7,18,22,24,33],"killed_by":"3 Darklings","ascension_level":20}}