{"host":"jm9833yuloeli2yd","time":1608424975,"event":{"mods":["AchievementEnabler","BaseMod","Better Altar","Better Match","Better Note","Better Sensory Stone","Better Skull","Better Vampires","Colored Map","Colored Powertips","DeckTracker","Minty Spire (QoL Compilation)","Permanent Neow","Quick Restart","Replay The Spire","StSLib","SuperFastMode"],"gold_per_floor":[116,141,159,178,195,195,153,153,178,213,213,213,252,28,28,135,135,157,17,17,26,26,26,64,80,104,144,164,189,205,6,6,6,6],"floor_reached":33,"playtime":1004,"items_purged":["Spreading Infection","Strike_P"],"score":523,"play_id":"582785d0-4d02-44c9-9752-aebe5fd1f615","local_time":"20201219194255","is_ascension_mode":true,"campfire_choices":[{"data":"Devotion","floor":6.0,"key":"SMITH"},{"data":"TalkToTheHand","floor":8.0,"key":"SMITH"},{"floor":15.0,"key":"REST"},{"data":"Eruption","floor":23.0,"key":"SMITH"},{"floor":32,"key":"REST"}],"circlet_count":0,"master_deck":["Strike_P","Strike_P","Strike_P","Defend_P","Defend_P","Defend_P","Defend_P","Eruption+1","Vigilance","Devotion+1","SandsOfTime+1","FlurryOfBlows","FlyingSleeves","FlurryOfBlows","TalkToTheHand+1","Replay:Battleflow","Flash of Steel","Prostrate+1","LessonLearned+1","EmptyFist","Halt+1","TalkToTheHand+1","WaveOfTheHand+1","ClearTheMind","ThirdEye+1"],"relics":["PureWater","Centennial Puzzle","ReplayTheSpireMod:CursedCoin","Simple Rune","Bag of Preparation","CeramicFish","VioletLotus","Replay:Wax Seal","Happy Flower","Calipers","Replay:WaspNest","Medical Kit"],"acts_visited":["Exordium","TheCity"],"potions_floor_usage":[30,33,33],"damage_taken":[{"damage":2.0,"enemies":"Cultist","floor":1.0,"turns":3.0},{"damage":0.0,"enemies":"2 Louse","floor":3.0,"turns":3.0},{"damage":4.0,"enemies":"Jaw Worm","floor":4.0,"turns":2.0},{"damage":10.0,"enemies":"Lots of Slimes","floor":5.0,"turns":4.0},{"damage":20.0,"enemies":"Gremlin Nob","floor":10.0,"turns":3.0},{"damage":19.0,"enemies":"3 Sentries","floor":13.0,"turns":6.0},{"damage":0.0,"enemies":"Slime Boss","floor":16.0,"turns":3.0},{"damage":17.0,"enemies":"Spheric Guardian","floor":18.0,"turns":5.0},{"damage":23.0,"enemies":"Gremlin Leader","floor":24.0,"turns":6.0},{"damage":10.0,"enemies":"Shell Parasite","floor":25.0,"turns":5.0},{"damage":7.0,"enemies":"Book of Stabbing","floor":27.0,"turns":7.0},{"damage":14.0,"enemies":"Sentry and Sphere","floor":28.0,"turns":4.0},{"damage":16.0,"enemies":"Slavers","floor":29.0,"turns":7.0},{"damage":0,"enemies":"3 Cultists","floor":30,"turns":4},{"damage":31,"enemies":"Automaton","floor":33,"turns":6}],"seed_played":"-1781940164319547641","potions_obtained":[{"floor":3.0,"key":"Block Potion"},{"floor":5.0,"key":"FairyPotion"},{"floor":24.0,"key":"CultistPotion"},{"floor":28.0,"key":"Weak Potion"},{"floor":29.0,"key":"Strength Potion"},{"floor":30,"key":"Strength Potion"}],"is_trial":false,"path_per_floor":["M","T","M","M","M","R","$","R","T","E","?","?","E","$","R","B",null,"M","$","?","?","$","R","E","M","T","E","M","E","M","$","R","B"],"character_chosen":"WATCHER","items_purchased":["ReplayTheSpireMod:CursedCoin","TalkToTheHand","Strength Potion","Flash of Steel","Prostrate","CultistPotion","Halt","Medical Kit","Weak Potion"],"campfire_rested":2,"item_purchase_floors":[7,7,7,14,14,19,19,31,31],"current_hp_per_floor":[63,63,63,59,49,49,49,49,49,29,34,34,15,15,38,38,67,50,50,50,50,50,50,27,17,17,10,23,7,7,7,30,0,0],"gold":6,"neow_bonus":"ONE_RANDOM_RARE_CARD","is_daily":false,"chose_seed":false,"campfire_upgraded":3,"win_rate":0.0,"timestamp":1608424975,"path_taken":["M","?","?","M","M","R","$","R","T","E","?","?","E","$","R","BOSS","M","?","?","?","$","R","E","M","T","E","?","E","M","$","R","BOSS"],"items_purchased_type":["Relic","Card","Potion","Card","Card","Potion","Card","Relic","Potion"],"build_version":"2020-12-13","purchased_purges":2,"victory":false,"max_hp_per_floor":[72,72,72,72,72,72,72,72,72,72,77,77,77,77,77,77,77,77,77,77,77,77,77,77,77,77,77,77,77,77,77,77,77,77],"card_choices":[{"not_picked":["JustLucky","Prostrate"],"picked":"SandsOfTime","floor":1.0},{"not_picked":["BowlingBash","FollowUp"],"picked":"FlurryOfBlows","floor":3.0},{"not_picked":["FollowUp","JustLucky"],"picked":"FlyingSleeves","floor":4.0},{"not_picked":["Prostrate","FollowUp"],"picked":"FlurryOfBlows","floor":5.0},{"not_picked":["Adaptation","Worship","Crescendo"],"picked":"SKIP","floor":10.0},{"not_picked":["Adaptation","Worship","Crescendo"],"picked":"SKIP","floor":10.0},{"not_picked":["FlyingSleeves","Collect"],"picked":"Replay:Battleflow","floor":13.0},{"not_picked":["Vault","Wish"],"picked":"LessonLearned","floor":16.0},{"not_picked":["FlyingSleeves","CutThroughFate"],"picked":"EmptyFist","floor":18.0},{"not_picked":["Judgement","Protect"],"picked":"WaveOfTheHand+1","floor":24.0},{"not_picked":["Study","Replay:ManipulateFuture","Replay:AtTheReady"],"picked":"SKIP","floor":25.0},{"not_picked":["JustLucky","DeceiveReality"],"picked":"ClearTheMind","floor":27.0},{"not_picked":["InnerPeace","Consecrate"],"picked":"ThirdEye+1","floor":28.0},{"not_picked":["InnerPeace","CutThroughFate+1","JustLucky"],"picked":"SKIP","floor":29.0},{"not_picked":["Fasting2","Replay:Hum","BattleHymn"],"picked":"SKIP","floor":30}],"player_experience":1130812,"relics_obtained":[{"floor":2.0,"key":"Centennial Puzzle"},{"floor":9.0,"key":"Simple Rune"},{"floor":10.0,"key":"Bag of Preparation"},{"floor":13.0,"key":"CeramicFish"},{"floor":24.0,"key":"Replay:Wax Seal"},{"floor":26.0,"key":"Happy Flower"},{"floor":27.0,"key":"Calipers"},{"floor":29.0,"key":"Replay:WaspNest"}],"event_choices":[{"damage_healed":0.0,"max_hp_gain":5.0,"max_hp_loss":0.0,"gold_gain":0.0,"event_name":"Big Fish","player_choice":"Donut","floor":11.0,"gold_loss":0.0,"damage_taken":0.0},{"damage_healed":0.0,"max_hp_gain":0.0,"max_hp_loss":0.0,"gold_gain":0.0,"event_name":"Lab","player_choice":"Got Potions","floor":12.0,"gold_loss":0.0,"damage_taken":0.0},{"damage_healed":0.0,"max_hp_gain":0.0,"max_hp_loss":0.0,"gold_gain":0.0,"event_name":"Duplicator","player_choice":"Copied","floor":21.0,"gold_loss":0.0,"damage_taken":0.0,"cards_obtained":["TalkToTheHand"]}],"is_beta":false,"boss_relics":[{"not_picked":["Honey Jar","Kintsugi"],"picked":"VioletLotus"}],"items_purged_floors":[7,14],"is_endless":false,"potions_floor_spawned":[3,5,10,13,24,28,29,30],"killed_by":"Automaton","ascension_level":9}}