{"host":"j4nfyhit1dl35m08","time":1608450476,"event":{"mods":["BaseMod","Highlight Path","Minty Spire (QoL Compilation)","StSLib"],"gold_per_floor":[116,136,156,175,188,220,220,232,232,232,3,3,35,35,35,138,138,158,174,174,174,190,223,235,20,20,48,60,10,10,25,25,124,124,141,155,170,170,170,170,203,203,203,229,248,42,60,72,72,72,72,72,22,51,51,51],"floor_reached":55,"playtime":5218,"items_purged":["Strike_R","Flex","Bash","Sword Boomerang"],"score":1008,"play_id":"b0c984b7-7315-41b0-b140-63a1011a7504","local_time":"20201220014756","is_ascension_mode":true,"campfire_choices":[{"data":"Clothesline","floor":7,"key":"SMITH"},{"floor":10,"key":"REST"},{"data":"Carnage","floor":15,"key":"SMITH"},{"floor":30,"key":"REST"},{"floor":32,"key":"REST"},{"floor":40,"key":"RECALL"},{"floor":42,"key":"REST"},{"floor":49,"key":"REST"},{"floor":52,"key":"REST"}],"circlet_count":0,"master_deck":["Clothesline+1","Shrug It Off","Twin Strike","Limit Break","Feel No Pain","Carnage+1","Berserk","Spot Weakness","Second Wind","Flame Barrier","Brutality","Pummel","Exhume","Sword Boomerang","Shrug It Off+1","Flame Barrier+1","Havoc+1","Rupture+1","Inflame","Exhume","Reaper","True Grit+1","Rage","Exhume","True Grit+1","Armaments+1","Uppercut+1","Dual Wield+1","Flame Barrier+1","Heavy Blade+1"],"relics":["Velvet Choker","Regal Pillow","Bag of Marbles","OrangePellets","Smiling Mask","Pandora\u0027s Box","MutagenicStrength","FaceOfCleric","Dream Catcher","White Beast Statue","Fusion Hammer","Question Card","Ginger","Art of War","Lee\u0027s Waffle","Nunchaku"],"acts_visited":["Exordium","TheCity","TheBeyond","TheEnding"],"potions_floor_usage":[6,16,16,19,23,27,33,44,44,44,45,50,50,55,55],"damage_taken":[{"damage":6,"enemies":"Small Slimes","floor":1,"turns":4},{"damage":0,"enemies":"Cultist","floor":2,"turns":2},{"damage":0,"enemies":"2 Louse","floor":3,"turns":3},{"damage":4,"enemies":"Large Slime","floor":4,"turns":5},{"damage":16,"enemies":"Lots of Slimes","floor":5,"turns":4},{"damage":15,"enemies":"Lagavulin","floor":6,"turns":5},{"damage":10,"enemies":"Exordium Thugs","floor":8,"turns":3},{"damage":16,"enemies":"Gremlin Nob","floor":13,"turns":3},{"damage":26,"enemies":"Hexaghost","floor":16,"turns":6},{"damage":0,"enemies":"Chosen","floor":18,"turns":3},{"damage":3,"enemies":"2 Thieves","floor":19,"turns":2},{"damage":0,"enemies":"Centurion and Healer","floor":22,"turns":4},{"damage":19,"enemies":"Book of Stabbing","floor":23,"turns":4},{"damage":0,"enemies":"Snecko","floor":24,"turns":2},{"damage":49,"enemies":"Gremlin Leader","floor":27,"turns":5},{"damage":11,"enemies":"Cultist and Chosen","floor":28,"turns":4},{"damage":24,"enemies":"Snake Plant","floor":31,"turns":2},{"damage":10,"enemies":"Champ","floor":33,"turns":6},{"damage":0,"enemies":"Orb Walker","floor":35,"turns":3},{"damage":12,"enemies":"3 Darklings","floor":36,"turns":4},{"damage":0,"enemies":"Maw","floor":37,"turns":4},{"damage":27,"enemies":"Giant Head","floor":41,"turns":6},{"damage":86,"enemies":"Reptomancer","floor":44,"turns":7},{"damage":37,"enemies":"Sphere and 2 Shapes","floor":45,"turns":7},{"damage":23,"enemies":"Jaw Worm Horde","floor":47,"turns":5},{"damage":19,"enemies":"4 Shapes","floor":48,"turns":4},{"damage":78,"enemies":"Time Eater","floor":50,"turns":10},{"damage":72,"enemies":"Shield and Spear","floor":54,"turns":5},{"damage":100,"enemies":"The Heart","floor":55,"turns":6}],"seed_played":"-8855356342580791770","potions_obtained":[{"floor":5,"key":"BlessingOfTheForge"},{"floor":6,"key":"LiquidBronze"},{"floor":8,"key":"DuplicationPotion"},{"floor":13,"key":"DuplicationPotion"},{"floor":14,"key":"Fire Potion"},{"floor":19,"key":"Regen Potion"},{"floor":22,"key":"Dexterity Potion"},{"floor":24,"key":"SpeedPotion"},{"floor":28,"key":"Ancient Potion"},{"floor":31,"key":"Block Potion"},{"floor":33,"key":"SkillPotion"},{"floor":36,"key":"LiquidMemories"},{"floor":41,"key":"Fire Potion"},{"floor":44,"key":"LiquidMemories"},{"floor":45,"key":"GamblersBrew"},{"floor":47,"key":"BlessingOfTheForge"},{"floor":48,"key":"ColorlessPotion"},{"floor":54,"key":"Explosive Potion"}],"is_trial":false,"path_per_floor":["M","M","M","M","M","E","R","M","T","R","$","?","E","?","R","B",null,"M","M","?","?","M","E","M","$","T","E","M","$","R","M","R","B",null,"M","M","M","?","?","R","E","R","T","E","M","$","M","M","R","B",null,"R","$","E","B"],"character_chosen":"IRONCLAD","items_purchased":["OrangePellets","Inflame","Exhume","Lee\u0027s Waffle"],"campfire_rested":6,"item_purchase_floors":[11,25,25,46],"current_hp_per_floor":[66,66,66,62,46,31,31,21,21,60,60,53,37,37,37,11,63,63,60,60,60,61,57,58,58,58,10,15,15,55,41,81,85,87,88,89,90,90,90,90,64,91,91,54,18,100,78,60,102,40,87,103,103,100,0,0],"gold":51,"neow_bonus":"BOSS_RELIC","is_daily":false,"chose_seed":false,"campfire_upgraded":2,"win_rate":0.0,"timestamp":1608450476,"path_taken":["M","M","M","M","M","E","R","M","T","R","$","?","E","?","R","BOSS","M","?","?","?","M","E","?","?","T","E","M","$","R","?","R","BOSS","M","M","M","?","?","R","E","R","T","E","M","$","?","M","R","BOSS","R","$","E","BOSS"],"items_purchased_type":["Relic","Card","Card","Relic"],"build_version":"2020-12-13","purchased_purges":4,"victory":false,"max_hp_per_floor":[80,80,80,80,80,80,80,80,80,80,80,80,80,80,80,80,80,80,80,80,80,81,82,83,83,83,84,85,85,85,86,86,87,87,88,89,90,90,90,90,91,91,91,92,93,100,101,102,102,103,103,103,103,104,104,104],"card_choices":[{"not_picked":["Headbutt","Thunderclap"],"picked":"Clothesline","floor":1},{"not_picked":["Sword Boomerang","Pommel Strike"],"picked":"Shrug It Off","floor":2},{"not_picked":["Disarm","Headbutt"],"picked":"Twin Strike","floor":3},{"not_picked":["Bloodletting","Headbutt"],"picked":"Limit Break","floor":4},{"not_picked":["Pommel Strike","Pummel"],"picked":"Sword Boomerang","floor":5},{"not_picked":["Clash","Perfected Strike"],"picked":"Feel No Pain","floor":6},{"not_picked":["Evolve","Iron Wave","Power Through"],"picked":"SKIP","floor":8},{"not_picked":["Perfected Strike","Reckless Charge"],"picked":"Carnage","floor":13},{"not_picked":["Juggernaut","Impervious"],"picked":"Berserk","floor":16},{"not_picked":["Wild Strike+1","Clothesline"],"picked":"Shrug It Off+1","floor":18},{"not_picked":["Dual Wield","Sword Boomerang+1"],"picked":"Flame Barrier+1","floor":19},{"not_picked":["Wild Strike","Fire Breathing"],"picked":"Flex","floor":22},{"not_picked":["Thunderclap+1","Infernal Blade"],"picked":"Havoc+1","floor":23},{"not_picked":["Pommel Strike+1","Clothesline"],"picked":"Rupture+1","floor":24},{"not_picked":["Thunderclap","Sentinel+1"],"picked":"Reaper","floor":27},{"not_picked":["Anger","Sever Soul+1","True Grit"],"picked":"SKIP","floor":28},{"not_picked":["Cleave","Fire Breathing"],"picked":"True Grit+1","floor":30},{"not_picked":["Body Slam","Pommel Strike","Sword Boomerang"],"picked":"SKIP","floor":31},{"not_picked":["Pommel Strike","Shrug It Off"],"picked":"Rage","floor":32},{"not_picked":["Limit Break","Barricade"],"picked":"Exhume","floor":33},{"not_picked":["Wild Strike","Perfected Strike+1","Thunderclap"],"picked":"SKIP","floor":35},{"not_picked":["Clash","Shrug It Off"],"picked":"True Grit+1","floor":36},{"not_picked":["Clash+1","Corruption","Flex"],"picked":"SKIP","floor":37},{"not_picked":["Ghostly Armor","Warcry+1"],"picked":"Armaments+1","floor":41},{"not_picked":["Warcry","Uppercut","Intimidate","Cleave"],"picked":"SKIP","floor":44},{"not_picked":["Pommel Strike","Clash","Sever Soul+1"],"picked":"Uppercut+1","floor":45},{"not_picked":["Pommel Strike","Wild Strike+1","Bloodletting","Whirlwind"],"picked":"SKIP","floor":47},{"not_picked":["Havoc+1","Anger","Carnage+1"],"picked":"Dual Wield+1","floor":48},{"not_picked":["Cleave+1","Armaments","Flex+1"],"picked":"Flame Barrier+1","floor":49},{"not_picked":["Thunderclap+1","Spot Weakness+1","Clothesline"],"picked":"Heavy Blade+1","floor":52},{"not_picked":["Dropkick+1","Carnage","Pommel Strike+1","Bloodletting"],"picked":"SKIP","floor":54}],"player_experience":299912,"relics_obtained":[{"floor":6,"key":"Regal Pillow"},{"floor":9,"key":"Bag of Marbles"},{"floor":13,"key":"Smiling Mask"},{"floor":23,"key":"Dream Catcher"},{"floor":27,"key":"White Beast Statue"},{"floor":41,"key":"Question Card"},{"floor":43,"key":"Ginger"},{"floor":44,"key":"Art of War"},{"floor":54,"key":"Nunchaku"}],"event_choices":[{"cards_removed":["Strike_R"],"damage_healed":0,"gold_gain":0,"player_choice":"Card Removal","damage_taken":7,"max_hp_gain":0,"max_hp_loss":0,"event_name":"Golden Wing","floor":12,"gold_loss":0},{"damage_healed":0,"gold_gain":0,"player_choice":"Got Potions","damage_taken":0,"max_hp_gain":0,"max_hp_loss":0,"event_name":"Lab","floor":14,"gold_loss":0},{"damage_healed":0,"gold_gain":0,"player_choice":"Inject Mutagens","damage_taken":0,"relics_obtained":["MutagenicStrength"],"max_hp_gain":0,"max_hp_loss":0,"event_name":"Drug Dealer","floor":20,"gold_loss":0},{"damage_healed":0,"gold_gain":0,"player_choice":"Trade","damage_taken":0,"relics_obtained":["FaceOfCleric"],"max_hp_gain":0,"max_hp_loss":0,"event_name":"FaceTrader","floor":21,"gold_loss":0},{"damage_healed":0,"gold_gain":0,"player_choice":"Memory 1","damage_taken":0,"max_hp_gain":0,"max_hp_loss":0,"event_name":"SensoryStone","floor":38,"gold_loss":0},{"damage_healed":0,"gold_gain":0,"player_choice":"Ignored","damage_taken":0,"max_hp_gain":0,"max_hp_loss":0,"event_name":"SecretPortal","floor":39,"gold_loss":0}],"is_beta":false,"boss_relics":[{"not_picked":["Astrolabe","Ectoplasm"],"picked":"Pandora\u0027s Box"},{"not_picked":["Coffee Dripper","Philosopher\u0027s Stone"],"picked":"Fusion Hammer"}],"items_purged_floors":[11,29,46,53],"is_endless":false,"potions_floor_spawned":[5,6,8,13,19,22,24,28,31,33,35,36,37,41,44,45,47,48,54],"killed_by":"The Heart","ascension_level":6}}