{"host":"Justin","time":1608478446,"event":{"mods":["BaseMod","BetterRewards","Colored Map","Colored Powertips","DeckTracker","Highlight Path","Hubris","Infinite Spire","Minty Spire (QoL Compilation)","Replay The Spire","Shop Mod","StSLib","The Jungle"],"gold_per_floor":[111,111,111,111,111,141,141,169,193,245,245,258,258,277,277,374,374,387,387,404,504,504,504,504],"floor_reached":23,"playtime":1039,"items_purged":[],"score":215,"play_id":"8fc55f55-8f53-4b7a-a945-d443a41f21a6","local_time":"20201220163406","is_ascension_mode":true,"campfire_choices":[{"data":"Perfected Strike","floor":7.0,"key":"SMITH"},{"floor":11.0,"key":"REST"},{"floor":13.0,"key":"REST"},{"floor":15.0,"key":"REST"}],"circlet_count":0,"master_deck":["Strike_R+1","Strike_R+1","Strike_R+1","Strike_R+1","Strike_R+1","Defend_R+1","Defend_R+1","Defend_R+1","Perfected Strike+1","Eruption","Sword Boomerang","EmptyFist","Pummel","FollowUp","Shrug It Off","Demon Form","Shrug It Off+1","Iron Wave","Metallicize"],"relics":["Replay:M_SmolderingBlood","hubris:BundleOfHerbs","King of Hearts","PreservedInsect","ReplayTheSpireMod:Spearhead","Replay:Rubber Ducky","Replay:Drink Me","hubris:MobiusCoin"],"acts_visited":["Exordium","TheCity"],"potions_floor_usage":[16,20,23],"damage_taken":[{"damage":1.0,"enemies":"Cultist","floor":1.0,"turns":3.0},{"damage":29.0,"enemies":"Gremlin Nob","floor":6.0,"turns":4.0},{"damage":54.0,"enemies":"Lagavulin","floor":8.0,"turns":7.0},{"damage":0.0,"enemies":"Small Slimes","floor":12.0,"turns":1.0},{"damage":10.0,"enemies":"2 Louse","floor":14.0,"turns":2.0},{"damage":32,"enemies":"Slime Boss","floor":16,"turns":7},{"damage":29,"enemies":"2 Thieves","floor":18,"turns":4},{"damage":23,"enemies":"3 Byrds","floor":20,"turns":8},{"damage":38,"enemies":"Slavers","floor":23,"turns":3}],"seed_played":"-4897947652796250963","potions_obtained":[{"floor":1.0,"key":"SteroidPotion"},{"floor":14.0,"key":"DuplicationPotion"},{"floor":16,"key":"CultistPotion"},{"floor":18,"key":"SkillPotion"}],"is_trial":false,"path_per_floor":["M","$","?","?","?","E","R","E","T","T","R","M","R","M","R","B",null,"M","?","M","T","?","E"],"character_chosen":"IRONCLAD","items_purchased":[],"campfire_rested":3,"item_purchase_floors":[],"current_hp_per_floor":[72,72,72,72,72,49,49,1,1,1,22,22,43,33,54,22,54,25,25,32,32,32,0,0],"gold":504,"neow_bonus":"RANDOM_COLORLESS_2","is_daily":false,"chose_seed":false,"campfire_upgraded":1,"win_rate":0.0,"timestamp":1608478446,"path_taken":["M","$","?","?","?","E","R","E","T","?","R","M","R","M","R","BOSS","M","?","M","?","?","E"],"items_purchased_type":[],"build_version":"2020-11-17","purchased_purges":0,"victory":false,"max_hp_per_floor":[72,72,72,72,72,72,72,72,72,72,72,72,72,72,72,72,54,54,54,54,54,54,54,54],"card_choices":[{"not_picked":["Secret Weapon","Thinking Ahead"],"picked":"Metamorphosis","floor":0.0},{"not_picked":["Anger","Thunderclap"],"picked":"Perfected Strike","floor":1.0},{"not_picked":["Disarm","Shockwave"],"picked":"EmptyFist","floor":6.0},{"not_picked":["Halt","Anger"],"picked":"Pummel","floor":8.0},{"not_picked":["Rage","Sentinel"],"picked":"FollowUp","floor":12.0},{"not_picked":["Replay:Undeath\u0027s Touch","Pommel Strike"],"picked":"Shrug It Off","floor":14.0},{"not_picked":["Limit Break","Reaper"],"picked":"Demon Form","floor":16},{"not_picked":["hubris:ReadiedAction+1","Dropkick"],"picked":"Shrug It Off+1","floor":18},{"not_picked":["Flex","Clash"],"picked":"Iron Wave","floor":20}],"player_experience":132202,"relics_obtained":[{"floor":6.0,"key":"King of Hearts"},{"floor":8.0,"key":"PreservedInsect"},{"floor":9.0,"key":"ReplayTheSpireMod:Spearhead"},{"floor":10.0,"key":"Replay:Rubber Ducky"},{"floor":21,"key":"hubris:MobiusCoin"}],"event_choices":[{"damage_healed":0.0,"max_hp_gain":0.0,"max_hp_loss":0.0,"gold_gain":0.0,"event_name":"Big Fish","player_choice":"Box","floor":4.0,"gold_loss":0.0,"damage_taken":0.0,"relics_obtained":["hubris:BundleOfHerbs"],"cards_obtained":["Regret"]},{"damage_healed":0,"gold_gain":0,"player_choice":"Simplicity","damage_taken":0,"max_hp_gain":0,"max_hp_loss":0,"event_name":"Back to Basics","floor":19,"gold_loss":0,"cards_upgraded":["Strike_R","Strike_R","Strike_R","Strike_R","Strike_R","Defend_R","Defend_R","Defend_R"]},{"damage_healed":0,"gold_gain":0,"player_choice":"Read","damage_taken":0,"max_hp_gain":0,"max_hp_loss":0,"event_name":"The Library","floor":22,"gold_loss":0,"cards_obtained":["Metallicize"]}],"is_beta":true,"boss_relics":[{"not_picked":["Mark of Pain","Replay:Fungal Core"],"picked":"Replay:Drink Me"}],"items_purged_floors":[],"is_endless":false,"potions_floor_spawned":[1,14,16,18],"killed_by":"Slavers","ascension_level":2}}