{"host":"kmq7aw60w430zvtx","time":1608494057,"event":{"mods":["BaseMod","Downfall","GifTheSpireLib","Hermit","Hubris","Minty Spire (QoL Compilation)","Replay The Spire","StSLib","The Construct","The Cursed","The Hierophant","The Jungle","The Necromancer","The Runesmith"],"gold_per_floor":[112,21,32,43,43,43,74,90,116,116,133,133,149,179,179,284,284,304,316,159,221,57,85,96,128,128,128,38,51,76,90,90,192,192,206,59,59,72,85,85,110,160,160,176,176,176,188,204,204,204,204,204,31,61,61],"floor_reached":56,"playtime":3517,"items_purged":["Strike_R"],"score":1846,"play_id":"00cab40a-96f9-4eb7-a150-17c686910199","local_time":"20201220205417","is_ascension_mode":true,"campfire_choices":[{"data":"Armaments","floor":6,"key":"SMITH"},{"floor":10,"key":"RECALL"},{"data":"Flame Barrier","floor":15,"key":"SMITH"},{"floor":32,"key":"DIG"},{"data":"Dark Embrace","floor":40,"key":"SMITH"},{"data":"Corruption","floor":49,"key":"SMITH"},{"data":"Feel No Pain","floor":52,"key":"SMITH"}],"circlet_count":0,"master_deck":["Strike_R+2","Strike_R+1","Strike_R+1","Strike_R+1","Defend_R+2","Defend_R+1","Defend_R+1","Bash+1","Corruption+1","Clothesline","expansioncontent:ChargeUp","Pummel","Armaments+1","Flame Barrier+1","Anger+1","ReplayTheSpireMod:Strike From Hell","Limit Break+1","Anger+1","Heavy Blade","Impervious","Havoc","Dark Embrace+1","Warcry","Feel No Pain+1","Havoc","Havoc","Havoc","Eclipse","Seeing Red","Replay:Undeath\u0027s Touch+1","Pommel Strike+1","Demonic Infusion","Shockwave+1","Replay:Undeath\u0027s Touch","Seeing Red","True Grit","Bloodletting+1","Sentinel+1","Spot Weakness+1","Thunderclap+1","Entrench+1","Rage+1"],"relics":["Burning Blood","Replay:Bottled Steam","InkBottle","hubris:TerracottaHorce","Dream Catcher","Simple Rune","Pantograph","Snack Pack","Matryoshka","theJungle:BirthdayCakeSlice","theJungle:ParSnip","Torii","Bird Faced Urn","hubris:RunicObelisk","ClockworkSouvenir","hubris:Towel","Iron Hammer","Calipers","Toxic Egg 2","Ancient Tea Set","Replay:Bottled Eggs","Pet Ghost","Kunai","Sundial"],"acts_visited":["Exordium","theJungle:Jungle","TheBeyond","TheEnding"],"potions_floor_usage":[7,11,16,16,16,16,19,29,30,31,39,48,50,54,55,55],"damage_taken":[{"damage":0,"enemies":"Cultist","floor":1,"turns":4},{"damage":4,"enemies":"Jaw Worm","floor":3,"turns":4},{"damage":0,"enemies":"Small Slimes","floor":4,"turns":4},{"damage":0,"enemies":"3 Sentries","floor":7,"turns":11},{"damage":11,"enemies":"Looter","floor":8,"turns":4},{"damage":1,"enemies":"Lots of Slimes","floor":11,"turns":2},{"damage":20,"enemies":"Large Slime","floor":13,"turns":6},{"damage":12,"enemies":"Gremlin Nob","floor":14,"turns":4},{"damage":28,"enemies":"Slime Boss","floor":16,"turns":9},{"damage":8,"enemies":"theJungle:GiantWrat","floor":18,"turns":5},{"damage":16,"enemies":"Shell Parasite","floor":19,"turns":6},{"damage":0,"enemies":"theJungle:Cassacara","floor":23,"turns":6},{"damage":0,"enemies":"theJungle:Lyon","floor":24,"turns":4},{"damage":3,"enemies":"theJungle:2_Phrogs","floor":25,"turns":7},{"damage":0,"enemies":"theJungle:2_Snecko_Cultists","floor":29,"turns":5},{"damage":10,"enemies":"theJungle:Cassacara","floor":30,"turns":6},{"damage":12,"enemies":"theJungle:JungleHuntersEncounter","floor":31,"turns":7},{"damage":6,"enemies":"theJungle:FunGuy","floor":33,"turns":8},{"damage":21,"enemies":"3 Shapes","floor":35,"turns":5},{"damage":2,"enemies":"Orb Walker","floor":38,"turns":4},{"damage":1,"enemies":"Transient","floor":39,"turns":5},{"damage":16,"enemies":"R_Hoarder","floor":41,"turns":8},{"damage":0,"enemies":"Mind Bloom Boss Battle","floor":42,"turns":4},{"damage":22,"enemies":"4 Shapes","floor":44,"turns":6},{"damage":3,"enemies":"Spire Growth","floor":47,"turns":4},{"damage":0,"enemies":"Jaw Worm Horde","floor":48,"turns":3},{"damage":18,"enemies":"Donu and Deca","floor":50,"turns":5},{"damage":34,"enemies":"Shield and Spear","floor":54,"turns":5},{"damage":3,"enemies":"The Heart","floor":55,"turns":8}],"seed_played":"6240762160578626172","potions_obtained":[{"floor":4,"key":"ColorlessPotion"},{"floor":8,"key":"Explosive Potion"},{"floor":11,"key":"LifebloodPotion"},{"floor":13,"key":"EntropicBrew"},{"floor":16,"key":"Energy Potion"},{"floor":18,"key":"Flashbang"},{"floor":21,"key":"SpeedPotion"},{"floor":21,"key":"LifebloodPotion"},{"floor":24,"key":"SkillPotion"},{"floor":29,"key":"SkillPotion"},{"floor":33,"key":"Languid Potion"},{"floor":35,"key":"EssenceOfSteel"},{"floor":39,"key":"Venom Potion"},{"floor":48,"key":"Fire Potion"},{"floor":54,"key":"AttackPotion"}],"is_trial":false,"path_per_floor":["M","$","M","M","$","R","E","M","T","R","M","?","M","E","R","B",null,"M","M","$","?","$","E","M","E","T","?","?","M","E","M","R","B",null,"M","$","?","M","M","R","E","?","T","M","T","?","M","M","R","B",null,"R","$","E","B",null],"character_chosen":"IRONCLAD","items_purchased":["expansioncontent:ChargeUp","Dream Catcher","Feel No Pain","Havoc","ClockworkSouvenir","Entrench+1","Adrenaline Potion","Energy Potion"],"campfire_rested":0,"item_purchase_floors":[2,20,22,22,36,53,53,53],"current_hp_per_floor":[80,80,80,80,80,80,80,75,75,75,80,80,66,60,60,38,70,68,58,58,58,58,64,70,73,73,78,78,85,85,81,81,85,85,78,78,78,85,85,85,85,85,85,77,77,77,85,85,85,85,85,85,85,71,85],"gold":61,"neow_bonus":"ONE_RANDOM_RARE_CARD","is_daily":false,"chose_seed":false,"campfire_upgraded":5,"win_rate":0.0,"timestamp":1608494057,"path_taken":["M","?","?","M","$","R","E","M","T","R","M","?","M","E","R","BOSS","M","M","$","?","$","E","?","E","T","?","?","M","E","M","R","BOSS","M","$","?","M","M","R","E","?","T","M","?","?","?","M","R","BOSS","R","$","E","BOSS"],"items_purchased_type":["Card","Relic","Card","Card","Relic","Card","Potion","Potion"],"build_version":"2020-12-13","purchased_purges":1,"victory":true,"max_hp_per_floor":[80,80,80,80,80,80,80,80,80,80,80,80,80,80,80,80,80,80,80,80,80,80,80,80,80,80,85,85,85,85,85,85,85,85,85,85,85,85,85,85,85,85,85,85,85,85,85,85,85,85,85,85,85,85,85],"card_choices":[{"not_picked":["ReplayTheSpireMod:LeadingStrike","Bloodletting"],"picked":"Clothesline","floor":1},{"not_picked":["Life Link","Shrug It Off"],"picked":"Pummel","floor":3},{"not_picked":["Rampage","Flex"],"picked":"Armaments","floor":4},{"not_picked":["Cleave","Iron Wave"],"picked":"Flame Barrier","floor":7},{"not_picked":["Perfected Strike","Abandon"],"picked":"Anger","floor":8},{"not_picked":["Clothesline","Infernal Blade"],"picked":"ReplayTheSpireMod:Strike From Hell","floor":11},{"not_picked":["Fire Breathing","Searing Blow"],"picked":"Anger","floor":13},{"not_picked":["Sentinel","Sword Boomerang"],"picked":"Heavy Blade","floor":14},{"not_picked":["Barricade","Demonic Infusion"],"picked":"Impervious","floor":16},{"not_picked":["Pommel Strike","Whirlwind+1"],"picked":"Havoc","floor":18},{"not_picked":["Pommel Strike","Run Through"],"picked":"Dark Embrace","floor":19},{"not_picked":["Power Through","Life Link"],"picked":"Warcry","floor":21},{"not_picked":["Inflame+1","ReplayTheSpireMod:LeadingStrike+1"],"picked":"Havoc","floor":23},{"not_picked":["Battle Trance","Body Slam"],"picked":"Havoc","floor":24},{"not_picked":["Flex","Run Through"],"picked":"Eclipse","floor":25},{"not_picked":["Burning Pact","Flex"],"picked":"Seeing Red","floor":29},{"not_picked":["hubris:StunningStrike","Rupture"],"picked":"Replay:Undeath\u0027s Touch+1","floor":30},{"not_picked":["Shrug It Off","Cleave"],"picked":"Pommel Strike+1","floor":31},{"not_picked":["Brutality","Berserk"],"picked":"Demonic Infusion","floor":33},{"not_picked":["Run Through","Warcry+1"],"picked":"Shockwave+1","floor":35},{"not_picked":["hubris:ReadiedAction+1","Dropkick+1"],"picked":"Replay:Undeath\u0027s Touch","floor":38},{"not_picked":["Iron Wave","ReplayTheSpireMod:Corrosion Curse"],"picked":"Seeing Red","floor":39},{"not_picked":["Cleave","Iron Wave"],"picked":"True Grit","floor":41},{"not_picked":["Clash","Blood for Blood"],"picked":"Bloodletting+1","floor":42},{"not_picked":["Uppercut","Shockwave+1"],"picked":"Sentinel+1","floor":44},{"not_picked":["ReplayTheSpireMod:Limb From Limb","Flex+1"],"picked":"Spot Weakness+1","floor":47},{"not_picked":["Ghostly Armor+1","Flex+1"],"picked":"Thunderclap+1","floor":48},{"not_picked":["Barricade","ReplayTheSpireMod:LeadingStrike"],"picked":"Rage+1","floor":54}],"player_experience":242448,"relics_obtained":[{"floor":7,"key":"Replay:Bottled Steam"},{"floor":14,"key":"InkBottle"},{"floor":21,"key":"Simple Rune"},{"floor":23,"key":"Pantograph"},{"floor":25,"key":"Snack Pack"},{"floor":26,"key":"Matryoshka"},{"floor":30,"key":"Torii"},{"floor":32,"key":"Bird Faced Urn"},{"floor":41,"key":"Iron Hammer"},{"floor":42,"key":"Calipers"},{"floor":43,"key":"Toxic Egg 2"},{"floor":43,"key":"Ancient Tea Set"},{"floor":45,"key":"Replay:Bottled Eggs"},{"floor":45,"key":"Pet Ghost"},{"floor":54,"key":"Sundial"}],"event_choices":[{"damage_healed":0,"gold_gain":0,"player_choice":"Fight","damage_taken":0,"max_hp_gain":0,"max_hp_loss":0,"event_name":"MindBloom","floor":42,"gold_loss":0},{"damage_healed":0,"gold_gain":0,"player_choice":"Gave Potion","damage_taken":0,"relics_obtained":["Kunai"],"max_hp_gain":0,"max_hp_loss":0,"event_name":"WeMeetAgain","floor":46,"gold_loss":0}],"is_beta":false,"boss_relics":[{"not_picked":["Replay:Grab Bag","ReplayTheSpireMod:DimensionalGlitch"],"picked":"hubris:TerracottaHorce"},{"not_picked":["Electric Blood","Coffee Dripper"],"picked":"hubris:RunicObelisk"}],"items_purged_floors":[22],"is_endless":false,"potions_floor_spawned":[4,8,11,13,16,18,24,29,33,35,39,48,54],"ascension_level":9}}