{"host":"kdt6w7ix8lwe69i9","time":1608477474,"event":{"mods":["Bartender","BaseMod","Downfall","Fiend Mod","Jorbs\u0027s Wanderer Trilogy","Minty Spire (QoL Compilation)","Reimu（博丽灵梦）","Robot Space Explorer","StSLib","The Cursed","The Disciple","The Dragon Tamer","The Druid","The Elementalist","The Forsaken","The Gatherer","The Judge","TheBandit"],"gold_per_floor":[111,131,0,50,50,50,67,67,92,92,92,92,112,126,126,256,256,270,285,285,299,31,75,75,75,75,75,75,75,94,113,113,241,541,562,28,46,46,61,61,86,14,14,14,55,55,55,71,71,71,71,71],"floor_reached":50,"playtime":3257,"items_purged":[],"score":555,"play_id":"ecce9f6c-8314-43af-b857-59ca120c6e63","local_time":"20201220101754","is_ascension_mode":false,"metric_token":1171,"campfire_choices":[{"data":"DTMod:Inferno","floor":6,"key":"SMITH"},{"data":"DTMod:InvisibleFlame","floor":8,"key":"SMITH"},{"floor":15,"key":"REST"},{"floor":27,"key":"RECALL"},{"floor":29,"key":"REST"},{"floor":32,"key":"REST"},{"floor":40,"key":"REST"},{"floor":49,"key":"REST"}],"dtmod_dragon_data":[0,50,3,3,2,3],"circlet_count":0,"master_deck":["DTMod:DoubleHit","DTMod:SwitchingTactic","DTMod:InvisibleFlame+1","DTMod:TagTeam","DTMod:BuildUp","DTMod:Dissolve","DTMod:Inferno+1","DTMod:ComboAttack","DTMod:TagTeam","DTMod:HeatWave","DTMod:Harmonize","DTMod:HeatWave","DTMod:Safeguard","DTMod:Observe","DTMod:Harmonize","DTMod:Observe","DTMod:CalculatedDefense","DTMod:RunningTactic","DTMod:Shift","DTMod:BlueScale","DTMod:Feint","DTMod:ShadowImage","DTMod:CleansingStrike","DTMod:DarkBreath","DTMod:Training+1","DTMod:ForkedFire","DTMod:CrossStep","DTMod:Training","DTMod:RepeatStrike","CurseOfTheBell","DTMod:BurningForce+1","DTMod:StarRain+1","DTMod:BurningForce","DTMod:ShieldDrain+1","DTMod:ResonanceForm","DTMod:FlameSlash+1","DTMod:CleansingStrike","DTMod:Dissolve+1"],"relics":["Silver_Glasses","RuthlessExorcism:ReiMu","Golden Idol","Mastiff:ReiMu","Ice Cream","Pandora\u0027s Box","MutagenicStrength","Dream Catcher","Sundial","Calling Bell","MealTicket","Shuriken","Old Coin","DTMod:SolidMemories","Toxic Egg 2","Blue Candle","TungstenRod"],"acts_visited":["Exordium","TheCity","TheBeyond"],"potions_floor_usage":[18,19,21,21,21,23,31,33,37,41,45,45,50,50],"damage_taken":[{"damage":4,"enemies":"Jaw Worm","floor":1,"turns":4},{"damage":0,"enemies":"2 Louse","floor":2,"turns":2},{"damage":4,"enemies":"Cultist","floor":7,"turns":3},{"damage":0,"enemies":"2 Fungi Beasts","floor":13,"turns":2},{"damage":4,"enemies":"Looter","floor":14,"turns":2},{"damage":23,"enemies":"The Guardian","floor":16,"turns":11},{"damage":30,"enemies":"Spheric Guardian","floor":18,"turns":4},{"damage":6,"enemies":"Chosen","floor":19,"turns":3},{"damage":0,"enemies":"Sentry and Sphere","floor":21,"turns":3},{"damage":4,"enemies":"Slavers","floor":23,"turns":3},{"damage":4,"enemies":"Centurion and Healer","floor":30,"turns":3},{"damage":4,"enemies":"Shelled Parasite and Fungi","floor":31,"turns":4},{"damage":11,"enemies":"Collector","floor":33,"turns":6},{"damage":0,"enemies":"3 Shapes","floor":35,"turns":2},{"damage":0,"enemies":"Orb Walker","floor":37,"turns":2},{"damage":0,"enemies":"Transient","floor":39,"turns":5},{"damage":0,"enemies":"3 Darklings","floor":41,"turns":1},{"damage":17,"enemies":"Nemesis","floor":45,"turns":7},{"damage":10,"enemies":"Maw","floor":48,"turns":5},{"damage":50,"enemies":"Awakened One","floor":50,"turns":9}],"seed_played":"-5379312068400430411","potions_obtained":[{"floor":1,"key":"BlessingOfTheForge"},{"floor":2,"key":"BlessingOfTheForge"},{"floor":14,"key":"ZuzhouPotion:ReiMu"},{"floor":19,"key":"EntropicBrew"},{"floor":30,"key":"ColorlessPotion"},{"floor":33,"key":"Guardian:BlockOnCardUsePotion"},{"floor":35,"key":"Fire Potion"},{"floor":39,"key":"DuplicationPotion"},{"floor":45,"key":"Explosive Potion"},{"floor":48,"key":"LiquidMemories"}],"is_trial":false,"path_per_floor":["M","M","$","?","?","R","M","R","T","?","?","T","M","M","R","B",null,"M","M","?","M","$","E","?","?","T","R","?","R","M","M","R","B",null,"M","$","M","?","M","R","M","$","T","?","E","$","?","M","R","B"],"character_chosen":"THE_DT","items_purchased":["DTMod:BuildUp","DTMod:Dissolve","Dream Catcher","DTMod:ShadowImage","DTMod:CleansingStrike","DTMod:SolidMemories","Toxic Egg 2","EssenceOfSteel"],"campfire_rested":5,"item_purchase_floors":[3,3,22,22,22,36,36,42],"current_hp_per_floor":[41,41,41,41,41,41,37,37,37,37,30,30,30,26,39,16,45,15,9,9,9,9,5,5,20,20,20,20,33,29,25,38,27,45,45,45,45,45,45,45,45,45,45,45,28,43,43,33,45,0,0,0],"gold":71,"neow_bonus":"BOSS_RELIC","is_daily":false,"chose_seed":false,"campfire_upgraded":2,"win_rate":0.0,"timestamp":1608477474,"path_taken":["M","M","$","?","?","R","?","R","T","?","?","?","M","M","R","BOSS","M","M","?","M","$","E","?","?","T","R","?","R","M","M","R","BOSS","M","$","M","?","?","R","M","?","T","?","E","$","?","?","R","BOSS"],"items_purchased_type":["Card","Card","Relic","Card","Card","Relic","Relic","Potion"],"build_version":"2020-12-13","purchased_purges":0,"victory":false,"max_hp_per_floor":[45,45,45,45,45,45,45,45,45,45,45,45,45,45,45,45,45,45,45,45,45,45,45,45,45,45,45,45,45,45,45,45,45,45,45,45,45,45,45,45,45,45,45,45,45,45,45,45,45,45,45,45],"card_choices":[{"not_picked":["DTMod:CrossStep","DTMod:SneakAttack"],"picked":"DTMod:InvisibleFlame","floor":1},{"not_picked":["DTMod:BizarreTactic","DTMod:Dissolve"],"picked":"DTMod:TagTeam","floor":2},{"not_picked":["DTMod:TauntingStrike","DTMod:BurningEnergy"],"picked":"DTMod:ComboAttack","floor":7},{"not_picked":["DTMod:CalculatedDefense","DTMod:FlameSlash"],"picked":"DTMod:TagTeam","floor":13},{"not_picked":["DTMod:MasterPlan","DTMod:RunningTactic"],"picked":"DTMod:HeatWave","floor":14},{"not_picked":["DTMod:HeadStart","DTMod:Inferno"],"picked":"DTMod:Harmonize","floor":16},{"not_picked":["DTMod:MaximumCharge+1","DTMod:MagicField"],"picked":"DTMod:Shift","floor":18},{"not_picked":["DTMod:Cover","DTMod:Weaken"],"picked":"DTMod:BlueScale","floor":19},{"not_picked":["DTMod:Punisher","DTMod:Adaptation"],"picked":"DTMod:Feint","floor":21},{"not_picked":["DTMod:RecklessFlurry+1","DTMod:Coolant+1"],"picked":"DTMod:DarkBreath","floor":23},{"not_picked":["DTMod:Cover","DTMod:Coolant"],"picked":"DTMod:Training+1","floor":29},{"not_picked":["DTMod:Dissolve","DTMod:QuickFly+1"],"picked":"DTMod:ForkedFire","floor":30},{"not_picked":["DTMod:HeatWave","DTMod:QuickFly"],"picked":"DTMod:CrossStep","floor":31},{"not_picked":["DTMod:Haste","DTMod:MaximumCharge"],"picked":"DTMod:Training","floor":32},{"not_picked":["DTMod:StunTrap","DTMod:HeadStart"],"picked":"DTMod:RepeatStrike","floor":33},{"not_picked":["DTMod:DragonDance+1","DTMod:FlameSlash"],"picked":"DTMod:BurningForce+1","floor":35},{"not_picked":["DTMod:BuildUp","DTMod:SneakAttack+1"],"picked":"DTMod:StarRain+1","floor":37},{"not_picked":["DTMod:Dissolve","DTMod:CalculatedDefense+1"],"picked":"DTMod:BurningForce","floor":39},{"not_picked":["DTMod:Feint","DTMod:MagicField+1"],"picked":"DTMod:ShieldDrain+1","floor":40},{"not_picked":["DTMod:DarkBreath+1","DTMod:QuickFly"],"picked":"DTMod:ResonanceForm","floor":41},{"not_picked":["DTMod:Cover+1","DTMod:Training+1"],"picked":"DTMod:FlameSlash+1","floor":45},{"not_picked":["DTMod:BizarreTactic+1","DTMod:BuildUp"],"picked":"DTMod:CleansingStrike","floor":48},{"not_picked":["DTMod:Feint","DTMod:BuildUp"],"picked":"DTMod:Dissolve+1","floor":49}],"player_experience":1553911,"relics_obtained":[{"floor":9,"key":"RuthlessExorcism:ReiMu"},{"floor":12,"key":"Ice Cream"},{"floor":23,"key":"Sundial"},{"floor":34,"key":"MealTicket"},{"floor":34,"key":"Shuriken"},{"floor":34,"key":"Old Coin"},{"floor":43,"key":"Blue Candle"},{"floor":45,"key":"TungstenRod"}],"event_choices":[{"damage_healed":0,"gold_gain":0,"cards_transformed":["DTMod:Strike"],"player_choice":"Transformed","damage_taken":0,"max_hp_gain":0,"max_hp_loss":0,"event_name":"Transmorgrifier","floor":5,"gold_loss":0,"cards_obtained":["DTMod:Inferno"]},{"damage_healed":0,"gold_gain":0,"player_choice":"Take Wound","damage_taken":0,"relics_obtained":["Golden Idol"],"max_hp_gain":0,"max_hp_loss":0,"event_name":"Golden Idol","floor":10,"gold_loss":0,"cards_obtained":["Injury"]},{"damage_healed":0,"gold_gain":0,"player_choice":"Success","damage_taken":7,"relics_obtained":["Mastiff:ReiMu"],"max_hp_gain":0,"max_hp_loss":0,"event_name":"Scrap Ooze","floor":11,"gold_loss":0},{"damage_healed":0,"gold_gain":0,"player_choice":"Inject Mutagens","damage_taken":0,"relics_obtained":["MutagenicStrength"],"max_hp_gain":0,"max_hp_loss":0,"event_name":"Drug Dealer","floor":20,"gold_loss":0},{"cards_removed":["Injury"],"damage_healed":0,"gold_gain":0,"player_choice":"Elegance","damage_taken":0,"max_hp_gain":0,"max_hp_loss":0,"event_name":"Back to Basics","floor":24,"gold_loss":0},{"damage_healed":15,"gold_gain":0,"player_choice":"Heal","damage_taken":0,"max_hp_gain":0,"max_hp_loss":0,"event_name":"The Library","floor":25,"gold_loss":0},{"damage_healed":0,"gold_gain":0,"player_choice":"Ignored","damage_taken":0,"max_hp_gain":0,"max_hp_loss":0,"event_name":"Ghosts","floor":28,"gold_loss":0},{"damage_healed":0,"gold_gain":0,"player_choice":"Ignored","damage_taken":0,"max_hp_gain":0,"max_hp_loss":0,"event_name":"SecretPortal","floor":38,"gold_loss":0},{"damage_healed":0,"gold_gain":0,"player_choice":"Ignored","damage_taken":0,"max_hp_gain":0,"max_hp_loss":0,"event_name":"NoteForYourself","floor":47,"gold_loss":0}],"is_beta":false,"boss_relics":[{"not_picked":["Astrolabe","Cursed Key"],"picked":"Pandora\u0027s Box"},{"not_picked":["Philosopher\u0027s Stone","Black Star"],"picked":"Calling Bell"}],"items_purged_floors":[],"is_endless":false,"potions_floor_spawned":[1,2,14,19,30,33,35,39,45,48],"killed_by":"Awakened One","ascension_level":0}}