{"host":"hwdg34753f7m8ow2","time":1608496099,"event":{"mods":["AchievementEnabler","Astrologer","BaseMod","Hermit","Koishi","Minty Spire (QoL Compilation)","Permanent Neow","Quick Restart","Shop Mod","StSLib","The Bug Knight","The Hierophant","The Senshi"],"gold_per_floor":[115,130,130,130,205,237,255,255,255,289,353,370,370,385,385,480,480,494,494,505,505,84,84,111,111,111],"floor_reached":25,"playtime":753,"items_purged":["HollowMod:NailStrikeStart"],"score":254,"play_id":"5893e4a4-25d3-4c43-b098-e2c7349fd43c","local_time":"20201220132819","is_ascension_mode":false,"campfire_choices":[{"data":"HollowMod:SoulStrike","floor":8,"key":"SMITH"},{"floor":13,"key":"REST"},{"data":"HollowMod:PureNailStrike","floor":15,"key":"SMITH"},{"data":"HollowMod:RecoilStrike","floor":23,"key":"SMITH"}],"circlet_count":0,"master_deck":["HollowMod:NailStrikeStart","HollowMod:NailStrikeStart+1","HollowMod:NailStrikeStart","HollowMod:QuickDashStart","HollowMod:QuickDashStart","HollowMod:QuickDashStart","HollowMod:QuickDashStart","HollowMod:FocusHealStart","HollowMod:PogoStrike+1","HollowMod:DoubleDash","HollowMod:SoulShaman","HollowMod:Weaversong","HollowMod:SoulStrike+1","HollowMod:SoulSplash","HollowMod:PureNailStrike+1","HollowMod:theNailsmith","HollowMod:RecoilStrike+1","Flash of Steel","Master of Strategy"],"relics":["HollowMod:VesselMask","NeowsBlessing","Matryoshka","Letter Opener","theSenshi:SailorFukuRelic","Bottled Tornado","Omamori","Philosopher\u0027s Stone","Bronze Scales","TungstenRod"],"acts_visited":["Exordium","TheCity"],"potions_floor_usage":[16,18],"damage_taken":[{"damage":0,"enemies":"Small Slimes","floor":1,"turns":2},{"damage":0,"enemies":"2 Louse","floor":2,"turns":1},{"damage":0,"enemies":"Gremlin Nob","floor":6,"turns":1},{"damage":0,"enemies":"Jaw Worm","floor":7,"turns":3},{"damage":13,"enemies":"Lagavulin","floor":10,"turns":5},{"damage":2,"enemies":"Blue Slaver","floor":12,"turns":3},{"damage":9,"enemies":"Exordium Thugs","floor":14,"turns":4},{"damage":11,"enemies":"Slime Boss","floor":16,"turns":7},{"damage":27,"enemies":"2 Thieves","floor":18,"turns":4},{"damage":18,"enemies":"Shell Parasite","floor":20,"turns":4},{"damage":25,"enemies":"Gremlin Leader","floor":24,"turns":5},{"damage":7,"enemies":"Snake Plant","floor":25,"turns":3}],"seed_played":"-4724115116488141360","potions_obtained":[{"floor":1,"key":"Fire Potion"},{"floor":6,"key":"Explosive Potion"},{"floor":10,"key":"Strength Potion"}],"is_trial":false,"path_per_floor":["M","M","?","?","?","E","M","R","T","E","?","M","R","M","R","B",null,"M","?","M","?","$","R","E","M"],"character_chosen":"THE_BUGKNIGHT","items_purchased":["HollowMod:RecoilStrike","Flash of Steel","Master of Strategy"],"campfire_rested":1,"item_purchase_floors":[22,22,22],"current_hp_per_floor":[75,75,72,57,46,46,46,46,46,39,39,37,59,50,50,39,75,54,54,42,42,42,42,17,16,16],"gold":111,"neow_bonus":"THREE_ENEMY_KILL","is_daily":false,"chose_seed":false,"campfire_upgraded":3,"win_rate":0.0,"timestamp":1608496099,"path_taken":["M","M","?","?","?","E","M","R","T","E","?","M","R","M","R","BOSS","M","?","M","?","$","R","E","M"],"items_purchased_type":["Card","Card","Card"],"build_version":"2020-12-13","purchased_purges":1,"victory":false,"max_hp_per_floor":[75,75,75,75,75,75,75,75,75,75,75,75,75,75,75,75,75,75,75,75,75,75,75,75,75,75],"card_choices":[{"not_picked":["HollowMod:InfectionAssault","HollowMod:CornifersMapStart"],"picked":"HollowMod:DoubleDash","floor":1},{"not_picked":["HollowMod:MawleksShell","HollowMod:PerfectDash"],"picked":"HollowMod:SoulShaman","floor":2},{"not_picked":["HollowMod:GoodIntentions","HollowMod:CrystalDash"],"picked":"HollowMod:Weaversong","floor":6},{"not_picked":["HollowMod:VengefulSpirit","HollowMod:ChannelNail"],"picked":"HollowMod:SoulStrike","floor":7},{"not_picked":["HollowMod:InfectedCysts","HollowMod:SoulVessel","HollowMod:Grubsong"],"picked":"SKIP","floor":10},{"not_picked":["HollowMod:Grubsong","HollowMod:VengefulVoid"],"picked":"HollowMod:SoulSplash","floor":12},{"not_picked":["HollowMod:MothsMistake","HollowMod:HuntersJournal"],"picked":"HollowMod:PureNailStrike","floor":14},{"not_picked":["HollowMod:ZotesMagnificence","HollowMod:Hiveblood"],"picked":"HollowMod:theNailsmith","floor":16},{"not_picked":["HollowMod:NewLittleFool+1","HollowMod:InfectedCysts","HollowMod:VengefulVoid+1"],"picked":"SKIP","floor":18},{"not_picked":["HollowMod:SiblingsSouls","HollowMod:HeavyBlow","HollowMod:ChannelNail+1"],"picked":"SKIP","floor":20},{"not_picked":["HollowMod:DesolateDive","HollowMod:InfectionAssault","HollowMod:CornifersMapStart"],"picked":"SKIP","floor":24}],"player_experience":744902,"relics_obtained":[{"floor":6,"key":"Letter Opener"},{"floor":9,"key":"theSenshi:SailorFukuRelic"},{"floor":9,"key":"Bottled Tornado"},{"floor":10,"key":"Omamori"},{"floor":24,"key":"TungstenRod"}],"event_choices":[{"damage_healed":0,"gold_gain":0,"player_choice":"Success","damage_taken":3,"relics_obtained":["Matryoshka"],"max_hp_gain":0,"max_hp_loss":0,"event_name":"Scrap Ooze","floor":3,"gold_loss":0},{"damage_healed":0,"gold_gain":0,"player_choice":"Entered Light","damage_taken":15,"max_hp_gain":0,"max_hp_loss":0,"event_name":"Shining Light","floor":4,"gold_loss":0,"cards_upgraded":["HollowMod:NailStrikeStart","HollowMod:PogoStrike"]},{"damage_healed":0,"gold_gain":75,"player_choice":"Gather Gold","damage_taken":11,"max_hp_gain":0,"max_hp_loss":0,"event_name":"World of Goop","floor":5,"gold_loss":0},{"damage_healed":0,"gold_gain":64,"player_choice":"Gained Gold","damage_taken":0,"max_hp_gain":0,"max_hp_loss":0,"event_name":"Golden Wing","floor":11,"gold_loss":0},{"damage_healed":0,"gold_gain":0,"player_choice":"Ignored","damage_taken":0,"max_hp_gain":0,"max_hp_loss":0,"event_name":"Ghosts","floor":19,"gold_loss":0},{"damage_healed":0,"gold_gain":0,"player_choice":"Opened","damage_taken":0,"relics_obtained":["Bronze Scales"],"max_hp_gain":0,"max_hp_loss":0,"event_name":"The Mausoleum","floor":21,"gold_loss":0}],"is_beta":false,"boss_relics":[{"not_picked":["Snecko Eye","Ectoplasm"],"picked":"Philosopher\u0027s Stone"}],"items_purged_floors":[22],"is_endless":false,"potions_floor_spawned":[1,6,10,14],"killed_by":"Snake Plant","ascension_level":0}}