{"host":"95i1gxnztdrdyvhi","time":1608494343,"event":{"mods":["AchievementEnabler","Act Like it!","BaseMod","Minty Spire (QoL Compilation)","Quick Restart","StSLib","The Marked"],"gold_per_floor":[113,35,55,70,20,20,51,68,136,170,182,198,212,228,228,330,330,345,71,87,87,120,150,150,150,177,177,194,220,220,233,233,233,233],"floor_reached":33,"playtime":1359,"items_purged":["theMarked:Defend"],"score":299,"play_id":"b32573a2-c0ba-4d2f-bcbe-4568f17cc684","local_time":"20201220195903","is_ascension_mode":false,"campfire_choices":[{"data":"theMarked:HeritageOfTheMarked","floor":6,"key":"SMITH"},{"data":"theMarked:HeritageOfTheMarked","floor":15,"key":"SMITH"},{"floor":30,"key":"REST"},{"data":"theMarked:SoldierOfQuellstein","floor":32,"key":"SMITH"}],"circlet_count":0,"master_deck":["theMarked:Strike","theMarked:Strike","theMarked:Strike","theMarked:Strike","theMarked:Strike","theMarked:Defend","theMarked:SoldierOfQuellstein+1","theMarked:ParalyzingBlade","theMarked:WardOff","theMarked:HeritageOfTheMarked+1","theMarked:StartUp","theMarked:Improvise","theMarked:TakeOffHeels","theMarked:Frustration","theMarked:BanishingStrike","theMarked:HeritageOfTheMarked+1","theMarked:SummonStrength","theMarked:WardOff","theMarked:Frustration+1","theMarked:WardOff","theMarked:Panic+1","theMarked:BindingBlade","theMarked:MysticalArsenal"],"relics":["theMarked:ArtifactOfAir","Torii","Mercury Hourglass","Omamori","ClockworkSouvenir","Red Mask","Letter Opener","Dream Catcher","Bag of Preparation"],"acts_visited":["Exordium","TheCity"],"potions_floor_usage":[23,23,29],"damage_taken":[{"damage":0,"enemies":"2 Louse","floor":1,"turns":2},{"damage":1,"enemies":"Jaw Worm","floor":3,"turns":5},{"damage":5,"enemies":"Small Slimes","floor":4,"turns":5},{"damage":18,"enemies":"Gremlin Nob","floor":7,"turns":5},{"damage":2,"enemies":"Looter","floor":8,"turns":4},{"damage":10,"enemies":"Lagavulin","floor":10,"turns":5},{"damage":0,"enemies":"3 Louse","floor":11,"turns":2},{"damage":1,"enemies":"Large Slime","floor":12,"turns":4},{"damage":1,"enemies":"Lots of Slimes","floor":13,"turns":3},{"damage":1,"enemies":"Looter","floor":14,"turns":3},{"damage":6,"enemies":"Hexaghost","floor":16,"turns":6},{"damage":2,"enemies":"Chosen","floor":18,"turns":3},{"damage":3,"enemies":"Shell Parasite","floor":20,"turns":4},{"damage":31,"enemies":"Masked Bandits","floor":22,"turns":5},{"damage":18,"enemies":"Slavers","floor":23,"turns":3},{"damage":5,"enemies":"Snake Plant","floor":28,"turns":3},{"damage":29,"enemies":"Book of Stabbing","floor":29,"turns":5},{"damage":1,"enemies":"Cultist and Chosen","floor":31,"turns":4},{"damage":15,"enemies":"Champ","floor":33,"turns":3}],"seed_played":"-2570363708536083386","potions_obtained":[{"floor":4,"key":"LiquidMemories"},{"floor":7,"key":"BlessingOfTheForge"},{"floor":8,"key":"Weak Potion"},{"floor":18,"key":"FairyPotion"},{"floor":28,"key":"AttackPotion"},{"floor":29,"key":"ColorlessPotion"}],"is_trial":false,"path_per_floor":["M","$","M","M","?","R","E","M","T","E","M","M","M","M","R","B",null,"M","$","M","?","?","E","?","?","T","?","M","E","R","M","R","B"],"character_chosen":"THE_DEFAULT","items_purchased":["theMarked:HeritageOfTheMarked","theMarked:WardOff","ClockworkSouvenir"],"campfire_rested":1,"item_purchase_floors":[2,19,19],"current_hp_per_floor":[70,70,69,64,64,64,46,44,44,34,34,33,32,31,31,25,70,68,68,65,65,34,16,16,16,16,16,11,3,24,23,23,8,8],"gold":233,"neow_bonus":"TRANSFORM_CARD","is_daily":false,"chose_seed":false,"campfire_upgraded":3,"win_rate":0.0,"timestamp":1608494343,"path_taken":["M","$","M","M","?","R","E","M","T","E","M","M","M","M","R","BOSS","M","$","M","?","?","E","?","?","T","?","M","E","R","M","R","BOSS"],"items_purchased_type":["Card","Card","Relic"],"build_version":"2020-12-13","purchased_purges":1,"victory":false,"max_hp_per_floor":[70,70,70,70,70,70,70,70,70,70,70,70,70,70,70,70,70,70,70,70,70,70,70,70,70,70,70,70,70,70,70,70,70,70],"card_choices":[{"not_picked":["theMarked:Static","theMarked:EnhancedHearing"],"picked":"theMarked:WardOff","floor":1},{"not_picked":["theMarked:ComboAttacks","theMarked:ResourceFulStrike","theMarked:WastefulAttack"],"picked":"SKIP","floor":3},{"not_picked":["theMarked:WastefulAttack","theMarked:RepellingDischarge","theMarked:MagicAdept"],"picked":"SKIP","floor":4},{"not_picked":["theMarked:Convert","theMarked:HeightenedSenses"],"picked":"theMarked:StartUp","floor":7},{"not_picked":["theMarked:ChainLightning","theMarked:ResourceFulStrike"],"picked":"theMarked:Improvise","floor":8},{"not_picked":["theMarked:Static","theMarked:Frustration"],"picked":"theMarked:TakeOffHeels","floor":10},{"not_picked":["theMarked:Static","theMarked:LightningStrikesTwice"],"picked":"theMarked:Frustration","floor":11},{"not_picked":["theMarked:SwordAndMagic","theMarked:Static"],"picked":"theMarked:BanishingStrike","floor":12},{"not_picked":["theMarked:Static","theMarked:ReduceFriction"],"picked":"theMarked:HeritageOfTheMarked","floor":13},{"not_picked":["theMarked:SwordAndMagic","theMarked:Overcharge","theMarked:Electrocute"],"picked":"SKIP","floor":14},{"not_picked":["theMarked:DispelDoubt","theMarked:Challenge"],"picked":"theMarked:SummonStrength","floor":16},{"not_picked":["theMarked:Generate","theMarked:WastefulAttack","theMarked:Convert"],"picked":"SKIP","floor":18},{"not_picked":["theMarked:RepellingDischarge+1","theMarked:Aftermath"],"picked":"theMarked:Frustration+1","floor":20},{"not_picked":["theMarked:SwordAndMagic","theMarked:ResourceFulStrike"],"picked":"theMarked:WardOff","floor":22},{"not_picked":["theMarked:SelfDefenseTraining+1","theMarked:TunnelVision"],"picked":"theMarked:Panic+1","floor":23},{"not_picked":["theMarked:MaelstromOfLightning","theMarked:Frustration","theMarked:LightningStrikesTwice"],"picked":"SKIP","floor":28},{"not_picked":["theMarked:SummonStrength","theMarked:Generate+1","theMarked:Convert+1"],"picked":"SKIP","floor":29},{"not_picked":["theMarked:SwordAndMagic","theMarked:Opportunist+1"],"picked":"theMarked:MysticalArsenal","floor":31}],"player_experience":646001,"relics_obtained":[{"floor":7,"key":"Torii"},{"floor":9,"key":"Mercury Hourglass"},{"floor":10,"key":"Omamori"},{"floor":22,"key":"Red Mask"},{"floor":23,"key":"Letter Opener"},{"floor":29,"key":"Bag of Preparation"}],"event_choices":[{"cards_removed":["theMarked:Defend"],"damage_healed":0,"gold_gain":0,"player_choice":"Card Removal","damage_taken":0,"max_hp_gain":0,"max_hp_loss":0,"event_name":"The Cleric","floor":5,"gold_loss":50},{"damage_healed":0,"gold_gain":0,"player_choice":"Ignored","damage_taken":0,"max_hp_gain":0,"max_hp_loss":0,"event_name":"Vampires","floor":21,"gold_loss":0},{"damage_healed":0,"gold_gain":0,"player_choice":"Fought Bandits","damage_taken":0,"max_hp_gain":0,"max_hp_loss":0,"event_name":"Masked Bandits","floor":22,"gold_loss":0},{"damage_healed":0,"gold_gain":0,"player_choice":"Read","damage_taken":0,"max_hp_gain":0,"max_hp_loss":0,"event_name":"The Library","floor":24,"gold_loss":0,"cards_obtained":["theMarked:BindingBlade"]},{"damage_healed":0,"gold_gain":0,"player_choice":"Ignored","damage_taken":0,"max_hp_gain":0,"max_hp_loss":0,"event_name":"Ghosts","floor":25,"gold_loss":0},{"damage_healed":0,"gold_gain":0,"player_choice":"Opened","damage_taken":0,"relics_obtained":["Dream Catcher"],"max_hp_gain":0,"max_hp_loss":0,"event_name":"The Mausoleum","floor":27,"gold_loss":0,"cards_obtained":["Writhe"]}],"is_beta":false,"boss_relics":[{"not_picked":["Cursed Key","Busted Crown","Calling Bell"]}],"items_purged_floors":[19],"is_endless":false,"potions_floor_spawned":[4,7,8,14,16,18,28,29],"killed_by":"Champ","ascension_level":0}}