{"host":"ci7ivtocgfxh0ueo","time":1608443605,"event":{"mods":["BaseMod","GifTheSpireLib","Minty Spire (QoL Compilation)","StSLib"],"gold_per_floor":[110,120,120,135,135,135,160,175,221,221,265,265,265,17,17,17,17],"floor_reached":16,"playtime":430,"items_purged":[],"score":181,"play_id":"921c647d-3327-4b8d-a8b8-37de1122a273","local_time":"20201220135325","is_ascension_mode":true,"campfire_choices":[{"data":"Neutralize","floor":6,"key":"SMITH"},{"data":"Catalyst","floor":12,"key":"SMITH"},{"data":"Bouncing Flask","floor":15,"key":"SMITH"}],"circlet_count":0,"master_deck":["AscendersBane","Strike_G","Strike_G","Strike_G","Strike_G","Strike_G","Defend_G","Defend_G","Defend_G","Defend_G","Defend_G","Survivor","Neutralize+1","Cloak And Dagger","Dagger Throw","Endless Agony","Bouncing Flask+1","Catalyst+1","Leg Sweep"],"relics":["Ring of the Snake","NeowsBlessing","Strawberry","CeramicFish","Blood Vial","Potion Belt"],"acts_visited":["Exordium"],"potions_floor_usage":[11,11,16],"damage_taken":[{"damage":0,"enemies":"Jaw Worm","floor":1,"turns":1},{"damage":0,"enemies":"Small Slimes","floor":2,"turns":1},{"damage":0,"enemies":"2 Louse","floor":4,"turns":1},{"damage":0,"enemies":"Looter","floor":8,"turns":4},{"damage":15,"enemies":"3 Sentries","floor":11,"turns":6},{"damage":63,"enemies":"Slime Boss","floor":16,"turns":11}],"seed_played":"5315077451097040409","potions_obtained":[{"floor":2,"key":"BlessingOfTheForge"},{"floor":4,"key":"Energy Potion"}],"is_trial":false,"path_per_floor":["M","M","?","M","$","R","T","M","T","?","E","R","?","$","R","B"],"character_chosen":"THE_SILENT","items_purchased":["ColorlessPotion","Potion Belt","Leg Sweep"],"campfire_rested":0,"item_purchase_floors":[14,14,14],"current_hp_per_floor":[59,59,64,64,64,64,71,71,71,71,56,56,56,56,56,0,0],"gold":17,"neow_bonus":"THREE_ENEMY_KILL","is_daily":false,"chose_seed":false,"campfire_upgraded":3,"win_rate":0.0,"timestamp":1608443605,"path_taken":["M","M","?","M","?","R","?","M","T","?","E","R","?","$","R","BOSS"],"items_purchased_type":["Potion","Relic","Card"],"build_version":"2020-12-13","purchased_purges":0,"victory":false,"max_hp_per_floor":[66,66,71,71,71,71,78,78,78,78,78,78,78,78,78,78,78],"card_choices":[{"not_picked":["Dagger Spray","Riddle With Holes"],"picked":"Cloak And Dagger","floor":1},{"not_picked":["Quick Slash","Underhanded Strike"],"picked":"Dagger Throw","floor":2},{"not_picked":["Quick Slash","Dodge and Roll"],"picked":"Endless Agony","floor":4},{"not_picked":["Prepared","Bane"],"picked":"Bouncing Flask","floor":8},{"not_picked":["Infinite Blades","Backflip"],"picked":"Catalyst","floor":11}],"player_experience":1272611,"relics_obtained":[{"floor":7,"key":"Strawberry"},{"floor":9,"key":"CeramicFish"},{"floor":11,"key":"Blood Vial"}],"event_choices":[{"damage_healed":0,"gold_gain":0,"player_choice":"Donut","damage_taken":0,"max_hp_gain":5,"max_hp_loss":0,"event_name":"Big Fish","floor":3,"gold_loss":0},{"damage_healed":0,"gold_gain":0,"player_choice":"Leave","damage_taken":0,"max_hp_gain":0,"max_hp_loss":0,"event_name":"The Cleric","floor":10,"gold_loss":0},{"damage_healed":0,"gold_gain":0,"player_choice":"Ignored","damage_taken":0,"max_hp_gain":0,"max_hp_loss":0,"event_name":"Golden Wing","floor":13,"gold_loss":0}],"is_beta":false,"boss_relics":[],"items_purged_floors":[],"is_endless":false,"potions_floor_spawned":[2,4,8],"killed_by":"Slime Boss","ascension_level":17}}