{"host":"1ivxh6f0wtekmpqo","time":1608465149,"event":{"mods":["AchievementEnabler","BaseMod","Colored Map","Minty Spire (QoL Compilation)","Rare Cards Sparkle","StSLib","SuperFastMode","everything is the same but u backflip on backflip"],"gold_per_floor":[114,133,153,153,171,171,182,182,182,196,196,206,220,66,66,167,167,182,182,39,53,53,53,53,53],"floor_reached":24,"playtime":2219,"items_purged":[],"score":190,"play_id":"0cbca132-ee3d-4714-a81d-2c7c447e5174","local_time":"20201220195229","is_ascension_mode":false,"campfire_choices":[{"data":"EmptyFist","floor":6.0,"key":"SMITH"},{"data":"Wireheading","floor":8.0,"key":"SMITH"},{"floor":15.0,"key":"REST"},{"floor":23,"key":"REST"}],"circlet_count":0,"master_deck":["Strike_P","Strike_P","Strike_P","Strike_P","Defend_P","Defend_P","Defend_P","Defend_P","Eruption+1","Vigilance","EmptyFist+1","BowlingBash","EmptyMind","CutThroughFate","Wireheading+1","EmptyFist","MasterReality","Consecrate","DevaForm+1","CurseOfTheBell","Consecrate","CarveReality"],"relics":["PureWater","Orichalcum","Pantograph","GremlinMask","Vajra","Calling Bell","Art of War","Ornamental Fan","Shovel","Strawberry"],"acts_visited":["Exordium","TheCity"],"potions_floor_usage":[21],"damage_taken":[{"damage":0.0,"enemies":"Cultist","floor":1.0,"turns":2.0},{"damage":0.0,"enemies":"2 Louse","floor":2.0,"turns":2.0},{"damage":1.0,"enemies":"Jaw Worm","floor":3.0,"turns":4.0},{"damage":11.0,"enemies":"Red Slaver","floor":5.0,"turns":3.0},{"damage":0.0,"enemies":"Blue Slaver","floor":7.0,"turns":2.0},{"damage":0.0,"enemies":"3 Louse","floor":10.0,"turns":3.0},{"damage":2.0,"enemies":"2 Fungi Beasts","floor":12.0,"turns":3.0},{"damage":8.0,"enemies":"Looter","floor":13.0,"turns":4.0},{"damage":35.0,"enemies":"The Guardian","floor":16.0,"turns":8.0},{"damage":17,"enemies":"2 Thieves","floor":18,"turns":4},{"damage":34,"enemies":"Spheric Guardian","floor":21,"turns":6},{"damage":61,"enemies":"Book of Stabbing","floor":24,"turns":5}],"seed_played":"-7275706908064663816","potions_obtained":[{"floor":5.0,"key":"Fruit Juice"},{"floor":7.0,"key":"FearPotion"},{"floor":10.0,"key":"DistilledChaos"}],"is_trial":false,"path_per_floor":["M","M","M","?","M","R","M","R","T","M","?","M","M","$","R","B",null,"M","?","$","M","?","R","E"],"character_chosen":"WATCHER","items_purchased":["Vajra","Strawberry"],"campfire_rested":2,"item_purchase_floors":[14,20],"current_hp_per_floor":[72,72,71,71,60,60,60,60,60,60,60,58,50,50,71,37,72,55,55,62,33,33,58,0,0],"gold":53,"neow_bonus":"RANDOM_COMMON_RELIC","is_daily":false,"chose_seed":false,"campfire_upgraded":2,"win_rate":0.0,"timestamp":1608465149,"path_taken":["M","?","M","?","?","R","M","R","T","M","?","M","?","?","R","BOSS","M","?","$","?","?","R","E"],"items_purchased_type":["Relic","Relic"],"build_version":"2020-12-13","purchased_purges":0,"victory":false,"max_hp_per_floor":[72,72,72,72,72,72,72,72,72,72,72,72,72,72,72,72,72,72,72,79,84,84,84,84,84],"card_choices":[{"not_picked":["PathToVictory","JustLucky"],"picked":"EmptyFist","floor":1.0},{"not_picked":["Weave","Protect"],"picked":"BowlingBash","floor":2.0},{"not_picked":["Conclude","PathToVictory"],"picked":"EmptyMind","floor":3.0},{"not_picked":["FlurryOfBlows","Nirvana"],"picked":"CutThroughFate","floor":5.0},{"not_picked":["Perseverance","EmptyFist"],"picked":"Wireheading","floor":7.0},{"not_picked":["Vengeance","Study"],"picked":"EmptyFist","floor":10.0},{"not_picked":["ThirdEye","Crescendo"],"picked":"MasterReality","floor":12.0},{"not_picked":["FollowUp","Wireheading"],"picked":"Consecrate","floor":13.0},{"not_picked":["Blasphemy","Establishment"],"picked":"DevaForm","floor":16.0},{"not_picked":["JustLucky","EmptyMind"],"picked":"Consecrate","floor":18},{"not_picked":["Collect","CutThroughFate+1"],"picked":"CarveReality","floor":21}],"player_experience":224150,"relics_obtained":[{"floor":9.0,"key":"Pantograph"},{"floor":17,"key":"Art of War"},{"floor":17,"key":"Ornamental Fan"},{"floor":17,"key":"Shovel"}],"event_choices":[{"damage_healed":0.0,"max_hp_gain":0.0,"max_hp_loss":0.0,"gold_gain":0.0,"event_name":"Upgrade Shrine","player_choice":"Upgraded","floor":4.0,"gold_loss":0.0,"damage_taken":0.0,"cards_upgraded":["Eruption"]},{"damage_healed":0.0,"max_hp_gain":0.0,"max_hp_loss":0.0,"gold_gain":0.0,"event_name":"FaceTrader","player_choice":"Trade","floor":11.0,"gold_loss":0.0,"damage_taken":0.0,"relics_obtained":["GremlinMask"]},{"damage_healed":0,"gold_gain":0,"player_choice":"Forge","damage_taken":0,"max_hp_gain":0,"max_hp_loss":0,"event_name":"Accursed Blacksmith","floor":19,"gold_loss":0,"cards_upgraded":["DevaForm"]},{"damage_healed":0,"gold_gain":0,"player_choice":"Ignored","damage_taken":0,"max_hp_gain":0,"max_hp_loss":0,"event_name":"Ghosts","floor":22,"gold_loss":0}],"is_beta":false,"boss_relics":[{"not_picked":["HolyWater","Empty Cage"],"picked":"Calling Bell"}],"items_purged_floors":[],"is_endless":false,"potions_floor_spawned":[5,7,10,13],"killed_by":"Book of Stabbing","ascension_level":0}}