{"host":"agbyy69nq62afhwx","time":1608453715,"event":{"mods":["BaseMod","Colored Map","Highlight Path","Keyboard Shortcuts","Minty Spire (QoL Compilation)","Quick Restart","StSLib","SuperFastMode","everything is the same but u backflip on backflip"],"gold_per_floor":[111,122,132,4,22,54,54,71,71,71,89,89,109,109,109,211,211,228,228,240,240,255,255,2,12,38,63,75,75,93,108,108,108,108],"floor_reached":33,"playtime":1015,"items_purged":["Regret","Strike_B"],"score":328,"play_id":"9d50e893-5e04-4682-b71f-e21d1792bc9e","local_time":"20201220174155","is_ascension_mode":true,"campfire_choices":[{"data":"Electrodynamics","floor":7.0,"key":"SMITH"},{"data":"Hologram","floor":10.0,"key":"SMITH"},{"data":"Conserve Battery","floor":12.0,"key":"SMITH"},{"data":"Sunder","floor":15.0,"key":"SMITH"},{"data":"Defragment","floor":23.0,"key":"SMITH"},{"floor":29,"key":"REST"},{"data":"Dualcast","floor":32,"key":"SMITH"}],"circlet_count":0,"master_deck":["Strike_B","Defend_B","Defend_B","Defend_B","Defend_B","Zap","Dualcast+1","Self Repair","Electrodynamics+1","Conserve Battery+1","Sunder+1","Hologram+1","Melter","All For One","Coolheaded","Defragment+1","Coolheaded+1","SandsOfTime"],"relics":["FrozenCore","Du-Vu Doll","Girya","Pantograph","PrismaticShard","Lantern","Oddly Smooth Stone"],"acts_visited":["Exordium","TheCity"],"potions_floor_usage":[27,27],"damage_taken":[{"damage":3.0,"enemies":"Cultist","floor":1.0,"turns":3.0},{"damage":7.0,"enemies":"Small Slimes","floor":2.0,"turns":2.0},{"damage":2.0,"enemies":"2 Louse","floor":3.0,"turns":2.0},{"damage":13.0,"enemies":"Gremlin Gang","floor":5.0,"turns":3.0},{"damage":16.0,"enemies":"3 Sentries","floor":6.0,"turns":5.0},{"damage":7.0,"enemies":"3 Louse","floor":8.0,"turns":3.0},{"damage":7.0,"enemies":"Looter","floor":11.0,"turns":3.0},{"damage":8.0,"enemies":"Blue Slaver","floor":13.0,"turns":3.0},{"damage":69.0,"enemies":"Hexaghost","floor":16.0,"turns":11.0},{"damage":11.0,"enemies":"Chosen","floor":18.0,"turns":5.0},{"damage":6.0,"enemies":"3 Byrds","floor":20.0,"turns":3.0},{"damage":19.0,"enemies":"Sentry and Sphere","floor":22.0,"turns":4.0},{"damage":21.0,"enemies":"Snake Plant","floor":25.0,"turns":4.0},{"damage":34,"enemies":"Slavers","floor":27,"turns":2},{"damage":2,"enemies":"Chosen and Byrds","floor":28,"turns":6},{"damage":0,"enemies":"Sentry and Sphere","floor":30,"turns":4},{"damage":8,"enemies":"Snecko","floor":31,"turns":5},{"damage":66,"enemies":"Champ","floor":33,"turns":13}],"seed_played":"-7961071120694626417","potions_obtained":[{"floor":3.0,"key":"BlessingOfTheForge"},{"floor":5.0,"key":"PowerPotion"},{"floor":8.0,"key":"Energy Potion"},{"floor":30,"key":"FearPotion"},{"floor":31,"key":"FearPotion"}],"is_trial":false,"path_per_floor":["M","M","M","$","M","E","R","M","T","R","M","R","M","?","R","B",null,"M","?","M","?","M","R","$","M","T","E","M","R","M","M","R","B"],"character_chosen":"DEFECT","items_purchased":["Conserve Battery","PrismaticShard"],"campfire_rested":1,"item_purchase_floors":[4,24],"current_hp_per_floor":[72,65,70,70,64,55,55,55,55,55,55,55,54,54,54,13,75,71,71,65,65,53,53,53,39,39,5,10,32,39,38,38,0,0],"gold":108,"neow_bonus":"ONE_RARE_RELIC","is_daily":false,"chose_seed":false,"campfire_upgraded":6,"win_rate":0.0,"timestamp":1608453715,"path_taken":["M","M","?","$","M","E","R","M","T","R","M","R","?","?","R","BOSS","M","?","M","?","?","R","$","M","T","E","M","R","M","M","R","BOSS"],"items_purchased_type":["Card","Relic"],"build_version":"2020-12-13","purchased_purges":2,"victory":false,"max_hp_per_floor":[75,75,75,75,75,75,75,75,75,75,75,75,75,75,75,75,75,75,75,75,75,75,75,75,75,75,75,75,75,75,75,75,75,75],"card_choices":[{"not_picked":["Stack","Leap","Beam Cell"],"picked":"SKIP","floor":1.0},{"not_picked":["Reprogram","Go for the Eyes"],"picked":"Self Repair","floor":2.0},{"not_picked":["Steam","Turbo"],"picked":"Electrodynamics","floor":3.0},{"not_picked":["Gash","Leap"],"picked":"Sunder","floor":5.0},{"not_picked":["Beam Cell","Steam"],"picked":"Hologram","floor":6.0},{"not_picked":["Streamline","Sweeping Beam"],"picked":"Melter","floor":8.0},{"not_picked":["Fission","Go for the Eyes","Sunder"],"picked":"SKIP","floor":11.0},{"not_picked":["Steam Power","BootSequence","Hologram"],"picked":"SKIP","floor":13.0},{"not_picked":["Rainbow","Fission"],"picked":"All For One","floor":16.0},{"not_picked":["Steam","Heatsinks"],"picked":"Coolheaded","floor":18.0},{"not_picked":["Turbo+1","Barrage+1"],"picked":"Coolheaded+1","floor":20.0},{"not_picked":["Beam Cell+1","Hologram","Redo"],"picked":"SKIP","floor":22.0},{"not_picked":["Slice+1","EmptyBody","SandsOfTime"],"picked":"SKIP","floor":25.0},{"not_picked":["Slice+1","EmptyBody"],"picked":"SandsOfTime","floor":25.0},{"not_picked":["Ball Lightning","Deflect","Brilliance"],"picked":"SKIP","floor":27},{"not_picked":["Bloodletting+1","Blind","Swift Strike"],"picked":"SKIP","floor":28},{"not_picked":["Sword Boomerang+1","SashWhip","True Grit+1"],"picked":"SKIP","floor":30},{"not_picked":["Slice","Cleave","Beam Cell"],"picked":"SKIP","floor":31}],"player_experience":339907,"relics_obtained":[{"floor":6.0,"key":"Girya"},{"floor":9.0,"key":"Pantograph"},{"floor":26.0,"key":"Lantern"},{"floor":27,"key":"Oddly Smooth Stone"}],"event_choices":[{"cards_removed":["Strike_B"],"damage_healed":0.0,"max_hp_gain":0.0,"max_hp_loss":0.0,"gold_gain":0.0,"event_name":"Living Wall","player_choice":"Forget","floor":14.0,"gold_loss":0.0,"damage_taken":0.0},{"damage_healed":0.0,"max_hp_gain":0.0,"max_hp_loss":0.0,"gold_gain":0.0,"event_name":"The Library","player_choice":"Read","floor":19.0,"gold_loss":0.0,"damage_taken":0.0,"cards_obtained":["Defragment"]},{"cards_removed":["Strike_B"],"damage_healed":0.0,"max_hp_gain":0.0,"max_hp_loss":0.0,"gold_gain":0.0,"event_name":"Purifier","player_choice":"Purged","floor":21.0,"gold_loss":0.0,"damage_taken":0.0}],"is_beta":false,"boss_relics":[{"not_picked":["Philosopher\u0027s Stone","Nuclear Battery"],"picked":"FrozenCore"}],"items_purged_floors":[4,24],"is_endless":false,"potions_floor_spawned":[3,5,8,16,18,30,31],"killed_by":"Champ","ascension_level":4}}