{"host":"30jsp143e4v19aze","time":1608474668,"event":{"mods":["BaseMod","Colored Map","Colored Powertips","Curses Come First","DeckTracker","Highlight Path","Minty Spire (QoL Compilation)","Quick Restart","Relic Stats","StSLib"],"gold_per_floor":[110,129,145,161,177,177,203,203,230,248,10,36,52,86,86,164,164,182,194,194,227,69,69,81,115,115,115,140,65,75,85,85,156,156,173,395,395,414,424,455,455,488,488,507,307,307,317,327,327,327,327,327,327,11,38,38],"floor_reached":57,"playtime":5273,"items_purged":["Strike_R+1","Strike_R+1"],"score":2782,"play_id":"2afbf2e7-612e-4023-a5d5-e25684df9fe8","local_time":"20201220153108","is_ascension_mode":true,"campfire_choices":[{"data":"Uppercut","floor":6,"key":"SMITH"},{"data":"Hemokinesis","floor":8,"key":"SMITH"},{"data":"Armaments","floor":15,"key":"SMITH"},{"data":"Spot Weakness","floor":23,"key":"SMITH"},{"floor":27,"key":"REST"},{"data":"Fiend Fire","floor":32,"key":"SMITH"},{"data":"PanicButton","floor":41,"key":"SMITH"},{"floor":46,"key":"RECALL"},{"floor":49,"key":"REST"},{"data":"Panacea","floor":53,"key":"SMITH"}],"circlet_count":0,"master_deck":["AscendersBane","Strike_R+1","Strike_R+1","Defend_R+1","Defend_R+1","Defend_R+1","Defend_R+1","Bash","Thunderclap","Shrug It Off","Battle Trance","Uppercut+1","Second Wind","Hemokinesis+1","Whirlwind","PanicButton+1","Feel No Pain","Armaments+1","Intimidate","Feed","Dropkick","Spot Weakness+1","Headbutt+1","Fiend Fire+1","Pummel","Barricade","Entrench","Dual Wield","Body Slam","Panacea+1","True Grit+1","Second Wind+1","Feel No Pain"],"relics":["Runic Pyramid","Vajra","Bag of Preparation","Odd Mushroom","Art of War","Velvet Choker","Red Mask","Boot","White Beast Statue","Lantern","SlaversCollar","Letter Opener","Meat on the Bone","OrangePellets","HornCleat"],"acts_visited":["Exordium","TheCity","TheBeyond","TheEnding"],"potions_floor_usage":[4,7,13,14,25,33,42,42,48,48,50,55,56,56],"damage_taken":[{"damage":4,"enemies":"Small Slimes","floor":1,"turns":4},{"damage":2,"enemies":"2 Louse","floor":2,"turns":3},{"damage":0,"enemies":"Jaw Worm","floor":3,"turns":5},{"damage":20,"enemies":"Exordium Thugs","floor":4,"turns":6},{"damage":3,"enemies":"3 Louse","floor":5,"turns":4},{"damage":7,"enemies":"Lagavulin","floor":7,"turns":8},{"damage":2,"enemies":"2 Fungi Beasts","floor":10,"turns":3},{"damage":7,"enemies":"The Mushroom Lair","floor":12,"turns":3},{"damage":0,"enemies":"Blue Slaver","floor":13,"turns":5},{"damage":10,"enemies":"Gremlin Nob","floor":14,"turns":3},{"damage":9,"enemies":"Slime Boss","floor":16,"turns":9},{"damage":5,"enemies":"Spheric Guardian","floor":18,"turns":4},{"damage":0,"enemies":"Chosen","floor":19,"turns":4},{"damage":18,"enemies":"Masked Bandits","floor":21,"turns":4},{"damage":13,"enemies":"Sentry and Sphere","floor":24,"turns":5},{"damage":8,"enemies":"Gremlin Leader","floor":25,"turns":5},{"damage":10,"enemies":"Slavers","floor":28,"turns":4},{"damage":2,"enemies":"Snake Plant","floor":30,"turns":3},{"damage":4,"enemies":"Centurion and Healer","floor":31,"turns":6},{"damage":9,"enemies":"Automaton","floor":33,"turns":7},{"damage":13,"enemies":"3 Shapes","floor":35,"turns":7},{"damage":2,"enemies":"3 Darklings","floor":38,"turns":7},{"damage":6,"enemies":"Jaw Worm Horde","floor":39,"turns":5},{"damage":0,"enemies":"Nemesis","floor":40,"turns":5},{"damage":4,"enemies":"Reptomancer","floor":42,"turns":6},{"damage":3,"enemies":"Writhing Mass","floor":44,"turns":6},{"damage":17,"enemies":"4 Shapes","floor":47,"turns":5},{"damage":3,"enemies":"Spire Growth","floor":48,"turns":4},{"damage":14,"enemies":"Donu and Deca","floor":50,"turns":8},{"damage":18,"enemies":"Time Eater","floor":51,"turns":6},{"damage":13,"enemies":"Shield and Spear","floor":55,"turns":6},{"damage":32,"enemies":"The Heart","floor":56,"turns":11}],"seed_played":"-1330944625195068313","potions_obtained":[{"floor":2,"key":"SpeedPotion"},{"floor":3,"key":"SpeedPotion"},{"floor":5,"key":"SkillPotion"},{"floor":13,"key":"BloodPotion"},{"floor":14,"key":"SpeedPotion"},{"floor":25,"key":"Fire Potion"},{"floor":28,"key":"FearPotion"},{"floor":31,"key":"SpeedPotion"},{"floor":33,"key":"SmokeBomb"},{"floor":39,"key":"DistilledChaos"},{"floor":42,"key":"SpeedPotion"},{"floor":44,"key":"SteroidPotion"},{"floor":47,"key":"LiquidMemories"},{"floor":48,"key":"DistilledChaos"},{"floor":55,"key":"Swift Potion"}],"is_trial":false,"path_per_floor":["M","M","M","M","M","R","E","R","T","M","$","?","M","E","R","B",null,"M","M","?","?","$","R","M","E","T","R","E","?","M","M","R","B",null,"M","?","?","M","M","E","R","E","T","M","$","R","M","M","R","B","B",null,"R","$","E","B",null],"character_chosen":"IRONCLAD","items_purchased":["Whirlwind","PanicButton","BloodPotion","Spot Weakness","Panacea","Feel No Pain","OrangePellets","BloodPotion","FearPotion"],"campfire_rested":2,"item_purchase_floors":[11,11,11,22,45,54,54,54,54],"current_hp_per_floor":[64,62,62,42,39,39,32,32,32,30,30,23,38,43,43,34,65,64,68,68,53,53,53,43,38,38,65,55,55,56,56,56,47,86,76,76,76,78,75,79,79,75,75,72,72,72,58,58,92,78,60,101,101,101,115,83],"gold":38,"neow_bonus":"BOSS_RELIC","is_daily":false,"chose_seed":false,"campfire_upgraded":7,"win_rate":0.0,"timestamp":1608474668,"path_taken":["M","M","M","M","M","R","E","R","T","M","$","?","M","E","R","BOSS","M","M","?","?","$","R","M","E","T","R","E","?","M","M","R","BOSS","M","?","?","M","?","E","R","E","T","M","$","R","M","M","R","BOSS","BOSS","R","$","E","BOSS"],"items_purchased_type":["Card","Card","Potion","Card","Card","Card","Relic","Potion","Potion"],"build_version":"2020-12-13","purchased_purges":2,"victory":true,"max_hp_per_floor":[75,75,75,75,75,75,75,75,75,75,75,75,75,75,75,75,75,79,83,83,86,86,86,89,92,92,92,92,92,95,99,99,99,99,102,102,97,101,104,108,108,108,108,108,108,108,111,114,114,114,114,114,114,114,118,118],"relic_stats":{"OrangePellets":[3],"counters":[32,171],"Bag of Preparation":[52],"Art of War":[12],"Letter Opener":[105],"Boot":[50],"obtain_stats":[{"Lantern":28,"Vajra":7,"Velvet Choker":17,"Bag of Preparation":9,"Letter Opener":40,"Odd Mushroom":12,"Boot":25,"Burning Blood":0,"White Beast Statue":26,"SlaversCollar":34,"OrangePellets":54,"HornCleat":55,"Art of War":14,"Red Mask":21,"Runic Pyramid":0,"Meat on the Bone":42},{"Lantern":17,"Vajra":6,"Velvet Choker":11,"Bag of Preparation":6,"Letter Opener":24,"Odd Mushroom":8,"Boot":16,"Burning Blood":0,"White Beast Statue":16,"SlaversCollar":20,"OrangePellets":30,"HornCleat":31,"Art of War":10,"Red Mask":14,"Runic Pyramid":0,"Meat on the Bone":25},{"Lantern":79,"Vajra":30,"Velvet Choker":53,"Bag of Preparation":30,"Letter Opener":119,"Odd Mushroom":36,"Boot":75,"Burning Blood":0,"White Beast Statue":75,"SlaversCollar":95,"OrangePellets":154,"HornCleat":160,"Art of War":44,"Red Mask":65,"Runic Pyramid":0,"Meat on the Bone":125}],"Meat on the Bone":0},"card_choices":[{"not_picked":["Havoc","Warcry"],"picked":"Thunderclap","floor":1},{"not_picked":["Pommel Strike","Iron Wave"],"picked":"Shrug It Off","floor":2},{"not_picked":["True Grit","Shrug It Off"],"picked":"Battle Trance","floor":3},{"not_picked":["Sword Boomerang","Ghostly Armor"],"picked":"Uppercut","floor":4},{"not_picked":["Fire Breathing","Anger"],"picked":"Second Wind","floor":5},{"not_picked":["Havoc","Headbutt"],"picked":"Hemokinesis","floor":7},{"not_picked":["Perfected Strike","Power Through","Warcry"],"picked":"SKIP","floor":10},{"not_picked":["Body Slam","Thunderclap"],"picked":"Feel No Pain","floor":12},{"not_picked":["Headbutt","Havoc"],"picked":"Armaments","floor":13},{"not_picked":["Blood for Blood","Searing Blow"],"picked":"Intimidate","floor":14},{"not_picked":["Reaper","Impervious"],"picked":"Feed","floor":16},{"not_picked":["Shrug It Off","Armaments","Thunderclap"],"picked":"SKIP","floor":18},{"not_picked":["Hemokinesis","Pommel Strike"],"picked":"Dropkick","floor":19},{"not_picked":["Flex+1","Sentinel"],"picked":"Headbutt+1","floor":24},{"not_picked":["Exhume","Fire Breathing"],"picked":"Fiend Fire","floor":25},{"not_picked":["Bloodletting","Sword Boomerang"],"picked":"Pummel","floor":28},{"not_picked":["Clash","Pommel Strike","Metallicize"],"picked":"SKIP","floor":30},{"not_picked":["Pummel","Body Slam","Heavy Blade"],"picked":"SKIP","floor":31},{"not_picked":["Fiend Fire","Impervious"],"picked":"Barricade","floor":33},{"not_picked":["Warcry+1","Clothesline"],"picked":"Entrench","floor":35},{"not_picked":["Perfected Strike","Anger+1"],"picked":"Dual Wield","floor":38},{"not_picked":["Wild Strike+1","Warcry"],"picked":"Body Slam","floor":39},{"not_picked":["Offering","Hemokinesis+1","Pummel"],"picked":"SKIP","floor":40},{"not_picked":["Pommel Strike","Intimidate","Perfected Strike"],"picked":"SKIP","floor":42},{"not_picked":["Seeing Red","Sever Soul","Body Slam+1"],"picked":"SKIP","floor":44},{"not_picked":["Shrug It Off","Thunderclap"],"picked":"True Grit+1","floor":47},{"not_picked":["Rage","Fire Breathing+1"],"picked":"Second Wind+1","floor":48},{"not_picked":["Warcry","True Grit","Havoc"],"picked":"SKIP","floor":55}],"player_experience":2962808,"relics_obtained":[{"floor":7,"key":"Vajra"},{"floor":9,"key":"Bag of Preparation"},{"floor":12,"key":"Odd Mushroom"},{"floor":14,"key":"Art of War"},{"floor":21,"key":"Red Mask"},{"floor":25,"key":"Boot"},{"floor":26,"key":"White Beast Statue"},{"floor":28,"key":"Lantern"},{"floor":40,"key":"Letter Opener"},{"floor":42,"key":"Meat on the Bone"},{"floor":55,"key":"HornCleat"}],"event_choices":[{"damage_healed":0,"gold_gain":0,"player_choice":"Fought Mushrooms","damage_taken":0,"max_hp_gain":0,"max_hp_loss":0,"event_name":"Mushrooms","floor":12,"gold_loss":0},{"damage_healed":0,"gold_gain":0,"player_choice":"Simplicity","damage_taken":0,"max_hp_gain":0,"max_hp_loss":0,"event_name":"Back to Basics","floor":20,"gold_loss":0,"cards_upgraded":["Strike_R","Strike_R","Strike_R","Strike_R","Strike_R","Defend_R","Defend_R","Defend_R","Defend_R"]},{"damage_healed":0,"gold_gain":0,"player_choice":"Fought Bandits","damage_taken":0,"max_hp_gain":0,"max_hp_loss":0,"event_name":"Masked Bandits","floor":21,"gold_loss":0},{"cards_removed":["Strike_R"],"damage_healed":0,"gold_gain":0,"player_choice":"Gave Gold","damage_taken":0,"max_hp_gain":0,"max_hp_loss":0,"event_name":"Beggar","floor":29,"gold_loss":75},{"damage_healed":0,"gold_gain":222,"player_choice":"Wore Mask","damage_taken":0,"max_hp_gain":0,"max_hp_loss":0,"event_name":"Tomb of Lord Red Mask","floor":36,"gold_loss":0},{"damage_healed":0,"gold_gain":0,"player_choice":"Max HP","damage_taken":0,"max_hp_gain":0,"max_hp_loss":5,"event_name":"Winding Halls","floor":37,"gold_loss":0}],"is_beta":false,"boss_relics":[{"not_picked":["Tiny House","Black Star"],"picked":"Velvet Choker"},{"not_picked":["Runic Dome","Sozu"],"picked":"SlaversCollar"}],"items_purged_floors":[22,45],"is_endless":false,"potions_floor_spawned":[2,3,5,13,14,18,25,28,30,31,33,35,38,39,40,42,44,47,48,55],"ascension_level":20}}