{"host":"684z1xpuwaoqmmh1","time":1608455607,"event":{"mods":["BaseMod","Downfall","Hermit","Jorbs\u0027s Wanderer Trilogy","Marisa????????","Minty Spire (QoL Compilation)","StSLib","The Hierophant","The Mystic"],"gold_per_floor":[118,136,136,311,311,339,359,359,359,1,14,34,34,51,51,51,51],"floor_reached":16,"playtime":432,"items_purged":["stsjorbsmod:Amnesia"],"score":143,"play_id":"46d71ccf-5738-4d2d-8449-e6c29ce69289","local_time":"20201220111327","is_ascension_mode":true,"campfire_choices":[{"data":"hermit:Snapshot","floor":8,"key":"SMITH"},{"data":"hermit:ShadowCloak","floor":15,"key":"SMITH"}],"circlet_count":0,"master_deck":["hermit:Strike_Hermit","hermit:Strike_Hermit","hermit:Strike_Hermit","hermit:Defend_Hermit","hermit:Defend_Hermit","hermit:Defend_Hermit","hermit:Defend_Hermit","hermit:Snapshot+1","hermit:Covet","hermit:Deadeye","hermit:NoHoldsBarred","Regret","hermit:Ricochet","hermit:BodyArmor","hermit:ItchyTrigger+1","hermit:ShadowCloak+1","hermit:CalledShot+1","Parasite"],"relics":["hermit:Momento","Kunai","Potion Belt","Singing Bowl","Molten Egg 2"],"acts_visited":["Exordium"],"potions_floor_usage":[6,11],"damage_taken":[{"damage":3,"enemies":"2 Louse","floor":1,"turns":2},{"damage":1,"enemies":"Small Slimes","floor":2,"turns":3},{"damage":18,"enemies":"Gremlin Nob","floor":6,"turns":3},{"damage":0,"enemies":"Cultist","floor":7,"turns":2},{"damage":19,"enemies":"Large Slime","floor":11,"turns":6},{"damage":7,"enemies":"3 Louse","floor":12,"turns":2},{"damage":0,"enemies":"2 Fungi Beasts","floor":14,"turns":2},{"damage":52,"enemies":"Slime Boss","floor":16,"turns":5}],"seed_played":"-4431999049463670587","potions_obtained":[{"floor":2,"key":"champ:CounterPotion"},{"floor":6,"key":"SteroidPotion"},{"floor":7,"key":"ColorlessPotion"},{"floor":11,"key":"ColorlessPotion"}],"is_trial":false,"path_per_floor":["M","M","?","?","?","E","M","R","T","$","M","M","?","M","R","B"],"character_chosen":"HERMIT","items_purchased":["Molten Egg 2","hermit:ItchyTrigger+1"],"campfire_rested":0,"item_purchase_floors":[10,10],"current_hp_per_floor":[65,64,64,64,64,46,46,46,46,46,27,20,38,40,40,0,0],"gold":51,"neow_bonus":"REMOVE_CARD","is_daily":false,"chose_seed":false,"campfire_upgraded":2,"win_rate":0.0,"timestamp":1608455607,"path_taken":["M","M","?","?","?","E","?","R","T","$","M","M","?","M","R","BOSS"],"items_purchased_type":["Relic","Card"],"build_version":"2020-12-13","purchased_purges":1,"victory":false,"max_hp_per_floor":[75,75,75,75,75,75,75,75,75,75,75,75,75,77,77,77,77],"card_choices":[{"not_picked":["hermit:Glare","hermit:TakeAim"],"picked":"hermit:Deadeye","floor":1},{"not_picked":["hermit:SprayPray","hermit:Feint"],"picked":"hermit:NoHoldsBarred","floor":2},{"not_picked":["hermit:Desperado","hermit:Roulette"],"picked":"hermit:Ricochet","floor":6},{"not_picked":["hermit:Snipe","hermit:SprayPray"],"picked":"hermit:BodyArmor","floor":7},{"not_picked":["hermit:Coalescence","hermit:Scavenge"],"picked":"hermit:ShadowCloak","floor":11},{"not_picked":["hermit:TrackingShot+1","hermit:ItchyTrigger+1"],"picked":"hermit:CalledShot+1","floor":12},{"not_picked":["hermit:HoleUp","hermit:BodyArmor","hermit:Coalescence"],"picked":"Singing Bowl","floor":14}],"player_experience":2350972,"relics_obtained":[{"floor":6,"key":"Potion Belt"},{"floor":9,"key":"Singing Bowl"}],"event_choices":[{"damage_healed":0,"gold_gain":0,"player_choice":"Box","damage_taken":0,"relics_obtained":["Kunai"],"max_hp_gain":0,"max_hp_loss":0,"event_name":"Big Fish","floor":3,"gold_loss":0,"cards_obtained":["Regret"]},{"damage_healed":0,"gold_gain":175,"player_choice":"AGREE","damage_taken":0,"max_hp_gain":0,"max_hp_loss":0,"event_name":"Liars Game","floor":4,"gold_loss":0,"cards_obtained":["Doubt"]},{"damage_healed":0,"gold_gain":0,"cards_transformed":["Doubt"],"player_choice":"Transformed","damage_taken":0,"max_hp_gain":0,"max_hp_loss":0,"event_name":"Transmorgrifier","floor":5,"gold_loss":0,"cards_obtained":["stsjorbsmod:Amnesia"]},{"damage_healed":18,"gold_gain":0,"player_choice":"Healed and dodged fight","damage_taken":0,"max_hp_gain":0,"max_hp_loss":0,"event_name":"Mushrooms","floor":13,"gold_loss":0,"cards_obtained":["Parasite"]}],"is_beta":false,"boss_relics":[],"items_purged_floors":[10],"is_endless":false,"potions_floor_spawned":[2,6,7,11],"killed_by":"Slime Boss","ascension_level":8}}