{"host":"Limoen","time":1608456958,"event":{"mods":["Aspiration","BaseMod","CCEM","Colored Powertips","Conspire","Downfall","Halation","Hubris","Infinite Spire","Mimic Mod","Minty Spire (QoL Compilation)","Quick Restart","RatMod","Relic Sorter","Replay The Spire","Spicy Shops","Spikes Relics","StSLib","The Blue Laboratory","Trackpad","vexMod"],"gold_per_floor":[99,99,99,374,393,412,412,441,441,472,41,41,26,26,43,43,43],"floor_reached":16,"playtime":782,"items_purged":["Regret","Injury"],"score":106,"play_id":"d6706a67-a8fb-435d-8e5c-22b7c46c542f","local_time":"20201220103558","is_ascension_mode":false,"campfire_choices":[{"data":"Slimebound:CorrosiveSpit","floor":1,"key":"SMITH"},{"data":"infinitespire:Collect","floor":9,"key":"SMITH"}],"circlet_count":0,"master_deck":["Slimebound:Strike_Slimebound","Slimebound:Strike_Slimebound","Slimebound:Tackle","Slimebound:Defend_Slimebound","Slimebound:Defend_Slimebound","Slimebound:Defend_Slimebound","Slimebound:Defend_Slimebound","Slimebound:Split","infinitespire:Collect+1","Slimebound:Schlurp","hubris:NaturalOne","Slimebound:SlimeSpikes","Slimebound:RainOfGoop","Slimebound:GoopSpray","Slimebound:SlimeSpikes","Deadly Poison+1","Bouncing Flask","Delirium","Slimebound:ProtectTheBoss"],"relics":["hubris:Icosahedron","aspiration:FetidBarrel","hubris:MysteriousPyramids","halation:PrussianBluePaint","ReplayTheSpireMod:CursedCoin","hubris:OldNail","Tiny Chest","trackpad:ToughGloves","m_SlimeRing","Ring of Searing","Ring of Peace"],"acts_visited":["Exordium"],"potions_floor_usage":[16,16],"damage_taken":[{"damage":7,"enemies":"2 Louse","floor":5,"turns":2},{"damage":12,"enemies":"Cultist","floor":6,"turns":3},{"damage":28,"enemies":"3 Sentries","floor":8,"turns":5},{"damage":37,"enemies":"Lagavulin","floor":10,"turns":5},{"damage":21,"enemies":"downfall:FleeingMerchant","floor":11,"turns":4},{"damage":14,"enemies":"downfall:FleeingMerchant","floor":13,"turns":4},{"damage":0,"enemies":"Small Slimes","floor":15,"turns":3},{"damage":21,"enemies":"downfall:Ironclad","floor":16,"turns":6}],"seed_played":"6937830322905240442","potions_obtained":[{"floor":5,"key":"LifebloodPotion"},{"floor":10,"key":"PowerPotion"},{"floor":15,"key":"blueLaboratory:NullPotion"}],"is_trial":false,"path_per_floor":["R","?","?","?","M","M","T","E","R","E","$","?","$","?","M","B"],"character_chosen":"SLIMEBOUND","items_purchased":["ReplayTheSpireMod:CursedCoin","hubris:OldNail","Tiny Chest","trackpad:ToughGloves","Slimebound:SlimeSpikes"],"campfire_rested":0,"item_purchase_floors":[11,11,11,11,11],"current_hp_per_floor":[60,60,45,45,42,50,50,46,46,25,20,20,10,10,14,0,0],"gold":43,"neow_bonus":"REMOVE_CARD","is_daily":false,"chose_seed":false,"campfire_upgraded":2,"win_rate":0.0,"timestamp":1608456958,"path_taken":["R","?","?","?","M","?","T","E","R","E","?","?","$","?","M","BOSS"],"items_purchased_type":["Relic","Relic","Relic","Relic","Card"],"build_version":"2020-12-18","purchased_purges":2,"victory":false,"max_hp_per_floor":[60,60,60,60,60,60,60,60,60,60,60,60,60,60,60,60,60],"card_choices":[{"not_picked":["hubris:InfiniteBlow+2","infinitespire:Menacing"],"picked":"infinitespire:Collect","floor":3},{"not_picked":["Slimebound:SplitMire","Slimebound:DivideAndConquer","Slimebound:SplitLeeching"],"picked":"SKIP","floor":5},{"not_picked":["Slimebound:DivideAndConquer","Slimebound:SlimeBarrage"],"picked":"Slimebound:Schlurp","floor":6},{"not_picked":["Slimebound:SplitMire","Slimebound:Chomp"],"picked":"Slimebound:SlimeSpikes","floor":8},{"not_picked":["Slimebound:BestDefense","Slimebound:ViciousTackle"],"picked":"Slimebound:RainOfGoop","floor":10},{"not_picked":["Slimebound:SlimeSpikes","Slimebound:RollThrough"],"picked":"Slimebound:GoopSpray","floor":11},{"not_picked":["Slimebound:SplitBruiser","Slimebound:DuplicatedForm"],"picked":"Bouncing Flask","floor":13},{"not_picked":["Slimebound:LevelUp","Slimebound:SplitAcid"],"picked":"Slimebound:ProtectTheBoss","floor":15}],"player_experience":402158,"relics_obtained":[{"floor":7,"key":"aspiration:FetidBarrel"},{"floor":8,"key":"hubris:MysteriousPyramids"},{"floor":10,"key":"halation:PrussianBluePaint"},{"floor":14,"key":"Ring of Searing"},{"floor":14,"key":"Ring of Peace"}],"event_choices":[],"is_beta":true,"boss_relics":[],"items_purged_floors":[11,11],"is_endless":false,"potions_floor_spawned":[5,10,15],"killed_by":"downfall:Ironclad","ascension_level":0}}