{"host":"ywif2ugnepgiw45s","time":1608433548,"event":{"mods":["Act Like it!","BaseMod","Better Skull","Downfall","Elementarium","GifTheSpireLib","Hermit","Lobotomy","Marisa????????","Minty Spire (QoL Compilation)","READ ME - Guardian Mod","Shade Mod","Shop Mod","StSLib","The Cursed","The Jungle","The Runesmith"],"gold_per_floor":[109,109,120,120,120,120,149,149,203,238,255,255,270,280,280,384,384,404,319,331,430,47,81,81,81,131,148,148,148,77,112,112,112,112],"floor_reached":33,"playtime":1641,"items_purged":["hermit:Strike_Hermit"],"score":306,"play_id":"2136454b-dcb0-48a0-a881-60d225d204fa","local_time":"20201219220548","is_ascension_mode":true,"campfire_choices":[{"data":"hermit:Defend_Hermit","floor":6,"key":"SMITH"},{"data":"hermit:Dive","floor":8,"key":"SMITH"},{"floor":12,"key":"REST"},{"data":"hermit:Dive","floor":15,"key":"SMITH"},{"data":"hermit:FlashPowder","floor":25,"key":"SMITH"},{"data":"hermit:HighNoon","floor":32,"key":"SMITH"}],"circlet_count":0,"master_deck":["hermit:Strike_Hermit+1","hermit:Strike_Hermit+1","hermit:Defend_Hermit+1","hermit:Defend_Hermit","hermit:Defend_Hermit","hermit:Defend_Hermit+1","hermit:Snapshot","hermit:Covet","hermit:Determination","hermit:Dive+1","hermit:Enervate","hermit:FlashPowder+1","hermit:Dive+1","hermit:HighNoon+1","hermit:RoundhouseKick","hermit:HoleUp+1","hermit:Shortfuse"],"relics":["hermit:Momento","Turnip","Tiny Chest","hermit:RyeStalk","Mummified Hand","Runesmith:UraniumAnvil","Vajra","Oddly Smooth Stone","Anchor","CeramicFish","Pen Nib"],"acts_visited":["Exordium","TheCity"],"potions_floor_usage":[16,16],"damage_taken":[{"damage":0,"enemies":"Small Slimes","floor":1,"turns":3},{"damage":6,"enemies":"Jaw Worm","floor":3,"turns":4},{"damage":20,"enemies":"Gremlin Nob","floor":7,"turns":4},{"damage":24,"enemies":"3 Sentries","floor":10,"turns":13},{"damage":0,"enemies":"2 Louse","floor":11,"turns":3},{"damage":0,"enemies":"Blue Slaver","floor":13,"turns":3},{"damage":0,"enemies":"2 Fungi Beasts","floor":14,"turns":3},{"damage":9,"enemies":"Slime Boss","floor":16,"turns":13},{"damage":9,"enemies":"3 Byrds","floor":18,"turns":8},{"damage":7,"enemies":"Shell Parasite","floor":20,"turns":7},{"damage":10,"enemies":"Book of Stabbing","floor":23,"turns":11},{"damage":0,"enemies":"Sentry and Sphere","floor":27,"turns":11},{"damage":29,"enemies":"Gremlin Leader","floor":31,"turns":18},{"damage":49,"enemies":"Automaton","floor":33,"turns":12}],"seed_played":"2993795644696508520","potions_obtained":[{"floor":11,"key":"Block Potion"},{"floor":13,"key":"EssenceOfSteel"},{"floor":16,"key":"Guardian:BlockOnCardUsePotion"},{"floor":31,"key":"Block Potion"}],"is_trial":false,"path_per_floor":["M","?","M","?","?","R","E","R","T","E","M","R","M","M","R","B",null,"M","?","M","?","$","E","?","R","T","M","T","?","$","E","R","B"],"character_chosen":"HERMIT","items_purchased":["Oddly Smooth Stone","hermit:RoundhouseKick","hermit:Shortfuse"],"campfire_rested":1,"item_purchase_floors":[22,22,30],"current_hp_per_floor":[68,54,48,53,53,53,33,33,33,9,9,30,30,30,30,21,73,64,64,57,57,57,47,71,71,71,71,71,71,71,42,42,0,0],"gold":112,"neow_bonus":"ONE_RARE_RELIC","is_daily":false,"chose_seed":false,"campfire_upgraded":5,"win_rate":0.0,"timestamp":1608433548,"path_taken":["M","?","M","?","?","R","E","R","T","E","M","R","M","M","R","BOSS","M","?","M","?","$","E","?","R","T","M","?","?","$","E","R","BOSS"],"items_purchased_type":["Relic","Card","Card"],"build_version":"2020-12-13","purchased_purges":1,"victory":false,"max_hp_per_floor":[68,68,68,73,73,73,73,73,73,73,73,73,73,73,73,73,73,73,73,73,73,73,73,73,73,73,73,73,73,73,73,73,73,73],"card_choices":[{"not_picked":["hermit:LowProfile","hermit:Misfire"],"picked":"hermit:Determination","floor":1},{"not_picked":["hermit:Malice","hermit:Snipe","hermit:SprayPray"],"picked":"SKIP","floor":3},{"not_picked":["hermit:Desperado","hermit:Cheat"],"picked":"hermit:Dive","floor":7},{"not_picked":["hermit:BodyArmor","hermit:LowProfile"],"picked":"hermit:Enervate","floor":10},{"not_picked":["hermit:Roulette","hermit:BodyArmor"],"picked":"hermit:FlashPowder","floor":11},{"not_picked":["hermit:GoldenBullet","hermit:ItchyTrigger"],"picked":"hermit:Dive","floor":13},{"not_picked":["hermit:ItchyTrigger","hermit:Coalescence","hermit:Snipe"],"picked":"SKIP","floor":14},{"not_picked":["hermit:RoundhouseKick","hermit:Adapt"],"picked":"hermit:HighNoon","floor":16},{"not_picked":["hermit:Quickdraw","hermit:EyeOfTheStorm","hermit:LowProfile"],"picked":"SKIP","floor":18},{"not_picked":["hermit:Quickdraw","hermit:HighCaliber+1","hermit:Midnight"],"picked":"SKIP","floor":20},{"not_picked":["hermit:CalledShot","hermit:SprayPray+1"],"picked":"hermit:HoleUp+1","floor":23},{"not_picked":["hermit:Ricochet","hermit:TrackingShot","hermit:Malice"],"picked":"SKIP","floor":27},{"not_picked":["hermit:Roulette","hermit:EyeOfTheStorm","hermit:Ricochet"],"picked":"SKIP","floor":31}],"player_experience":1559050,"relics_obtained":[{"floor":7,"key":"Tiny Chest"},{"floor":9,"key":"hermit:RyeStalk"},{"floor":10,"key":"Mummified Hand"},{"floor":23,"key":"Anchor"},{"floor":26,"key":"CeramicFish"},{"floor":31,"key":"Pen Nib"}],"event_choices":[{"damage_healed":0,"gold_gain":0,"player_choice":"Entered Light","damage_taken":14,"max_hp_gain":0,"max_hp_loss":0,"event_name":"Shining Light","floor":2,"gold_loss":0,"cards_upgraded":["hermit:Strike_Hermit","hermit:Strike_Hermit"]},{"damage_healed":0,"gold_gain":0,"player_choice":"Donut","damage_taken":0,"max_hp_gain":5,"max_hp_loss":0,"event_name":"Big Fish","floor":4,"gold_loss":0},{"damage_healed":0,"gold_gain":0,"player_choice":"Grow","damage_taken":0,"max_hp_gain":0,"max_hp_loss":0,"event_name":"Living Wall","floor":5,"gold_loss":0,"cards_upgraded":["hermit:Defend_Hermit"]},{"damage_healed":0,"gold_gain":0,"player_choice":"Obtained Relic","damage_taken":0,"relics_obtained":["Vajra"],"max_hp_gain":0,"max_hp_loss":0,"event_name":"Addict","floor":19,"gold_loss":85},{"damage_healed":0,"gold_gain":99,"player_choice":"Stole From Cult","damage_taken":0,"max_hp_gain":0,"max_hp_loss":0,"event_name":"Nest","floor":21,"gold_loss":0},{"damage_healed":24,"gold_gain":0,"player_choice":"Heal","damage_taken":0,"max_hp_gain":0,"max_hp_loss":0,"event_name":"The Library","floor":24,"gold_loss":0},{"cards_removed":["hermit:Strike_Hermit"],"damage_healed":0,"gold_gain":0,"player_choice":"Offered Basic","damage_taken":0,"max_hp_gain":0,"max_hp_loss":0,"event_name":"Bonfire Elementals","floor":29,"gold_loss":0}],"is_beta":false,"boss_relics":[{"not_picked":["hermit:DentedPlate","Black Star"],"picked":"Runesmith:UraniumAnvil"}],"items_purged_floors":[22],"is_endless":false,"potions_floor_spawned":[11,13,16,31],"killed_by":"Automaton","ascension_level":1}}