{"host":"an6uhul3yec8m0jh","time":1608474210,"event":{"mods":["ATMod(°¢èªMod)","Act Like it!","BaseMod","Colored Map","Colored Powertips","Gensokyo","Highlight Path","Minty Spire (QoL Compilation)","Quick Restart","StSLib","Waifu the Spire","noobMod"],"gold_per_floor":[110,128,128,28,55,83,83,110,110,421,439,472,482,322,322,685,685,699,949,899,909,909,937,937,937,937,937,970,827,861,893,905,1019,1031,1063,1094,1106,1132,1044,1076,1076,1106,1106,1106,1135,1149,744,792,792,792,792,792,412,437,437],"floor_reached":56,"playtime":3440,"items_purged":["Strike_R","Strike_R","Strike_R","Strike_R"],"score":1755,"play_id":"30b76a3e-f40a-4e83-937a-bafe6a89b9e6","local_time":"20201220222330","is_ascension_mode":true,"campfire_choices":[{"data":"Evolve","floor":7.0,"key":"SMITH"},{"data":"AT_BodySlamDance","floor":15.0,"key":"SMITH"},{"data":"Dark Embrace","floor":25.0,"key":"SMITH"},{"data":"Armaments","floor":32.0,"key":"SMITH"},{"data":"AT_LightSaberMaster","floor":41.0,"key":"SMITH"},{"floor":49.0,"key":"RECALL"},{"data":"AT_ShrugMaster","floor":52.0,"key":"SMITH"}],"circlet_count":0,"master_deck":["Strike_R+1","Defend_R","Defend_R","Defend_R","Defend_R+1","Bash","Blood for Blood","Evolve+1","AT_DiedThrough","Power Through","Pommel Strike+1","Shrug It Off+1","AT_BodySlamDance+1","AT_Dispersion","Fire Breathing","AT_IchimonjiDouble+1","Dark Embrace+1","Gensokyo:FourOfAKind","Gensokyo:FourOfAKind","Gensokyo:FourOfAKind","Gensokyo:FourOfAKind","Battle Trance+1","AT_ShrugMaster+1","Second Wind+1","Armaments+1","Gensokyo:ShootingStar","Impervious","AT_GerminateFire","Burning Pact+1","AT_LightSaberMaster+1","AT_CaressingTears","Exhume","Feel No Pain","Entrench+1"],"relics":["Burning Blood","ice","AT_ATBox","Bag of Marbles","Gensokyo:OccultBall","Meat on the Bone","Blue Candle","Shuriken","Bag of Preparation","Nunchaku","Juzu Bracelet","Enchiridion","Runic Dome","Gensokyo:RedStar","PreservedInsect","AT_TimeSand","HornCleat","MawBank","SlaversCollar","Self Forming Clay","Akabeko","AT_RedTearstoneRing","Membership Card","Lantern","War Paint","AT_RabadonDeathcap","AT_SunfireAegis","HandDrill","White Beast Statue","Whetstone"],"acts_visited":["Gensokyo:Gensokyo","Gensokyo:Gensokyoer","TheBeyond","TheEnding"],"potions_floor_usage":[55],"damage_taken":[{"damage":0.0,"enemies":"Gensokyo:2_Kodama","floor":1.0,"turns":1.0},{"damage":0.0,"enemies":"Gensokyo:Python","floor":2.0,"turns":2.0},{"damage":24.0,"enemies":"Gensokyo:Mamizou","floor":5.0,"turns":8.0},{"damage":13.0,"enemies":"Gensokyo:Aya","floor":6.0,"turns":5.0},{"damage":0.0,"enemies":"Gensokyo:Mamizou","floor":8.0,"turns":6.0},{"damage":40.0,"enemies":"Gensokyo:Gryphon","floor":10.0,"turns":3.0},{"damage":2.0,"enemies":"Gensokyo:2_Rabbits","floor":11.0,"turns":2.0},{"damage":25.0,"enemies":"Gensokyo:Aya","floor":12.0,"turns":7.0},{"damage":2.0,"enemies":"Gensokyo:VengefulSpirit","floor":13.0,"turns":5.0},{"damage":37.0,"enemies":"Gensokyo:Reimu","floor":16.0,"turns":5.0},{"damage":0.0,"enemies":"Gensokyo:CosmicMonolith","floor":18.0,"turns":1.0},{"damage":0.0,"enemies":"Gensokyo:2_Gloops","floor":21.0,"turns":4.0},{"damage":0.0,"enemies":"Gensokyo:Koishi","floor":23.0,"turns":4.0},{"damage":5.0,"enemies":"Gensokyo:Reisen","floor":28.0,"turns":3.0},{"damage":0.0,"enemies":"Gensokyo:Tenshi","floor":30.0,"turns":2.0},{"damage":0.0,"enemies":"Gensokyo:Swordslinger","floor":31.0,"turns":4.0},{"damage":24.0,"enemies":"Gensokyo:Kaguya","floor":33.0,"turns":4.0},{"damage":0.0,"enemies":"3 Shapes","floor":35.0,"turns":4.0},{"damage":17.0,"enemies":"3 Darklings","floor":36.0,"turns":5.0},{"damage":0.0,"enemies":"Maw","floor":38.0,"turns":4.0},{"damage":0.0,"enemies":"Reptomancer","floor":40.0,"turns":2.0},{"damage":0.0,"enemies":"Nemesis","floor":42.0,"turns":4.0},{"damage":0.0,"enemies":"Reptomancer","floor":45.0,"turns":3.0},{"damage":2.0,"enemies":"Writhing Mass","floor":46.0,"turns":4.0},{"damage":0.0,"enemies":"2 Orb Walkers","floor":48.0,"turns":4.0},{"damage":0.0,"enemies":"Awakened One","floor":50.0,"turns":5.0},{"damage":0,"enemies":"Shield and Spear","floor":54,"turns":3},{"damage":0,"enemies":"The Heart","floor":55,"turns":5}],"seed_played":"8264261545190756717","potions_obtained":[{"floor":1.0,"key":"PowerPotion"},{"floor":2.0,"key":"Swift Potion"},{"floor":5.0,"key":"DuplicationPotion"},{"floor":10.0,"key":"Swift Potion"},{"floor":13.0,"key":"Dexterity Potion"},{"floor":18.0,"key":"Regen Potion"},{"floor":40.0,"key":"LiquidMemories"},{"floor":45.0,"key":"PowerPotion"}],"is_trial":false,"path_per_floor":["M","M","?","?","?","E","R","E","T","M","M","E","M","?","R","B",null,"M","?","?","M","?","E","?","R","T","?","E","$","E","M","R","B",null,"M","M","?","M","$","E","R","E","T","?","E","M","$","?","R","B",null,"R","$","E","B",null],"character_chosen":"IRONCLAD","items_purchased":["AT_ShrugMaster","Membership Card","Lantern","War Paint","Exhume","Feel No Pain","AT_SunfireAegis","HandDrill","White Beast Statue"],"campfire_rested":0,"item_purchase_floors":[29,47,47,47,47,53,53,53,53],"current_hp_per_floor":[80,80,80,80,62,55,55,61,61,39,55,48,52,52,52,33,80,80,76,83,83,83,83,83,83,83,59,59,59,59,59,59,53,59,59,48,43,49,49,55,55,59,59,56,56,56,56,56,56,56,56,56,56,56,56],"gold":437,"neow_bonus":"RANDOM_COMMON_RELIC","is_daily":false,"chose_seed":false,"campfire_upgraded":6,"win_rate":0.0,"timestamp":1608474210,"path_taken":["M","M","?","?","?","E","R","E","T","?","M","E","M","?","R","BOSS","M","?","?","M","?","E","?","R","T","?","E","$","E","M","R","BOSS","M","M","?","M","$","E","R","E","T","?","E","M","$","?","R","BOSS","R","$","E","BOSS"],"items_purchased_type":["Card","Relic","Relic","Relic","Card","Card","Relic","Relic","Relic"],"build_version":"2020-12-13","purchased_purges":4,"victory":true,"max_hp_per_floor":[80,80,80,80,80,80,80,80,80,80,80,80,80,80,80,80,80,80,76,83,83,83,83,83,83,83,59,59,59,59,59,59,59,59,59,59,59,59,59,59,59,59,59,56,56,56,56,56,56,56,56,56,56,56,56],"card_choices":[{"not_picked":["Inflame","Seeing Red"],"picked":"Blood for Blood","floor":1.0},{"not_picked":["Sword Boomerang","True Grit"],"picked":"Evolve","floor":2.0},{"not_picked":["Wild Strike","Twin Strike"],"picked":"AT_DiedThrough","floor":5.0},{"not_picked":["Seeing Red","Clash"],"picked":"Power Through","floor":6.0},{"not_picked":["Havoc","Headbutt"],"picked":"Pommel Strike","floor":8.0},{"not_picked":["Flex","Wild Strike"],"picked":"Shrug It Off","floor":10.0},{"not_picked":["Rampage","Anger","Headbutt"],"picked":"SKIP","floor":11.0},{"not_picked":["Thunderclap","Demon Form","Pommel Strike"],"picked":"SKIP","floor":12.0},{"not_picked":["Battle Trance","Clash"],"picked":"AT_BodySlamDance","floor":13.0},{"not_picked":["Feed","Immolate"],"picked":"AT_Dispersion","floor":16.0},{"not_picked":["Sever Soul+1","Uppercut","Heavy Blade"],"picked":"SKIP","floor":18.0},{"not_picked":["Anger","Shrug It Off"],"picked":"Fire Breathing","floor":21.0},{"not_picked":["Thunderclap+1","Clash"],"picked":"AT_IchimonjiDouble+1","floor":23.0},{"not_picked":["True Grit","AT_Dispersion"],"picked":"Battle Trance+1","floor":28.0},{"not_picked":["Havoc","Flex"],"picked":"Second Wind+1","floor":30.0},{"not_picked":["Warcry+1","Twin Strike"],"picked":"Armaments","floor":31.0},{"not_picked":[],"picked":"Gensokyo:ShootingStar","floor":33.0},{"not_picked":["Corruption","Double Tap"],"picked":"Impervious","floor":33.0},{"not_picked":["Body Slam+1","Cleave+1"],"picked":"AT_GerminateFire","floor":35.0},{"not_picked":["Pommel Strike+1","Infernal Blade+1"],"picked":"Burning Pact+1","floor":36.0},{"not_picked":["Secret Technique","HandOfGreed"],"picked":"AT_LightSaberMaster","floor":37.0},{"not_picked":["AT_BodySlamDance","Sever Soul","Shrug It Off+1"],"picked":"SKIP","floor":38.0},{"not_picked":["Seeing Red","True Grit"],"picked":"AT_CaressingTears","floor":40.0},{"not_picked":["AT_BodySlamDance","Cleave","Heavy Blade"],"picked":"SKIP","floor":42.0},{"not_picked":["Headbutt","Body Slam+1","Limit Break"],"picked":"SKIP","floor":45.0},{"not_picked":["Cleave+1","Headbutt+1","Warcry+1"],"picked":"SKIP","floor":46.0},{"not_picked":["Warcry","AT_BodySlamDance+1"],"picked":"Entrench+1","floor":54}],"player_experience":144576,"relics_obtained":[{"floor":5.0,"key":"Blue Candle"},{"floor":6.0,"key":"Gensokyo:OccultBall"},{"floor":6.0,"key":"Shuriken"},{"floor":8.0,"key":"Bag of Preparation"},{"floor":9.0,"key":"Nunchaku"},{"floor":11.0,"key":"Gensokyo:OccultBall"},{"floor":12.0,"key":"Juzu Bracelet"},{"floor":16.0,"key":"Gensokyo:OccultBall"},{"floor":23.0,"key":"Gensokyo:OccultBall"},{"floor":23.0,"key":"PreservedInsect"},{"floor":26.0,"key":"AT_TimeSand"},{"floor":28.0,"key":"HornCleat"},{"floor":30.0,"key":"MawBank"},{"floor":33.0,"key":"Gensokyo:OccultBall"},{"floor":40.0,"key":"Self Forming Clay"},{"floor":42.0,"key":"Akabeko"},{"floor":45.0,"key":"AT_RedTearstoneRing"},{"floor":48.0,"key":"AT_RabadonDeathcap"},{"floor":54,"key":"Whetstone"}],"event_choices":[{"damage_healed":0.0,"max_hp_gain":0.0,"max_hp_loss":0.0,"gold_gain":0.0,"event_name":"SensoryStone","player_choice":"Memory 2","floor":37.0,"gold_loss":0.0,"damage_taken":5.0},{"damage_healed":0.0,"max_hp_gain":0.0,"max_hp_loss":3.0,"gold_gain":0.0,"event_name":"Winding Halls","player_choice":"Max HP","floor":44.0,"gold_loss":0.0,"damage_taken":0.0},{"damage_healed":0.0,"max_hp_gain":0.0,"max_hp_loss":0.0,"gold_gain":0.0,"event_name":"Mysterious Sphere","player_choice":"Fight","floor":48.0,"gold_loss":0.0,"damage_taken":0.0}],"is_beta":false,"boss_relics":[{"not_picked":["Coffee Dripper","Runic Pyramid"],"picked":"Runic Dome"},{"not_picked":["Pandora\u0027s Box","SacredBark"],"picked":"SlaversCollar"}],"items_purged_floors":[29,39,47,53],"is_endless":false,"potions_floor_spawned":[1,2,5,10,13,18,21,40,45,46,48,54],"ascension_level":1}}