{"host":"aunmuzt9j70r7vun","time":1608484200,"event":{"mods":["BaseMod","Better Altar","Better Third Choice","BetterRewards","Clockwork Mod","Curses Come First","Downfall","Infinite Spire","LagranYue(???·?)","Mad Scientist","Marisa????????","Minty Spire (QoL Compilation)","Rare Cards Sparkle","Relic Sorter","Say the Spire","Shop Mod","Spicy Shops","StSLib","The Cursed","The Disciple","The Edgeheg","The Mystic","The Servant 0.9.4"],"gold_per_floor":[118,128,141,154,154,154,172,172,172,172,208,208,158,84,84,212,212,230,61,86,111,36,36,36],"floor_reached":23,"playtime":1304,"items_purged":["Defend_B"],"score":258,"play_id":"964ea2e6-3f19-4e74-a73e-1baf25885702","local_time":"20201220131000","is_ascension_mode":true,"campfire_choices":[{"data":"Dualcast","floor":6,"key":"SMITH"},{"floor":10,"key":"REST"},{"floor":12,"key":"REST"},{"data":"Defragment","floor":15,"key":"SMITH"}],"circlet_count":0,"master_deck":["Strike_B","Strike_B","Strike_B","Strike_B","Defend_B","Defend_B","Defend_B","Zap+1","Dualcast+1","Thunder Strike","Static Discharge","Static Discharge","Chill","Loop","Defragment+1","Rainbow","CurseOfTheBell","Double Energy","Defragment"],"relics":["Cracked Core","LagranYue:RandomDrawCardRelic","Golden Idol","Regal Pillow","Orichalcum","Calling Bell","LagranYue:MagicReflectiveArmorRelic","Singing Bowl","Mango"],"acts_visited":["Exordium","TheCity"],"potions_floor_usage":[4,11,16,21,23],"damage_taken":[{"damage":2,"enemies":"Jaw Worm","floor":1,"turns":3},{"damage":4,"enemies":"2 Louse","floor":2,"turns":4},{"damage":1,"enemies":"Cultist","floor":3,"turns":3},{"damage":33,"enemies":"3 Louse","floor":4,"turns":3},{"damage":11,"enemies":"Blue Slaver","floor":7,"turns":4},{"damage":37,"enemies":"Gremlin Nob","floor":11,"turns":4},{"damage":25,"enemies":"Hexaghost","floor":16,"turns":6},{"damage":3,"enemies":"3 Byrds","floor":18,"turns":4},{"damage":8,"enemies":"Chosen","floor":20,"turns":6},{"damage":15,"enemies":"Sentry and Sphere","floor":21,"turns":5},{"damage":56,"enemies":"Slavers","floor":23,"turns":3}],"seed_played":"-7277381586965905738","potions_obtained":[{"floor":1,"key":"Ancient Potion"},{"floor":2,"key":"CultistPotion"},{"floor":3,"key":"ColorlessPotion"},{"floor":18,"key":"FearPotion"}],"is_trial":false,"path_per_floor":["M","M","M","M","?","R","M","?","T","R","E","R","?","$","R","B",null,"M","$","M","M","$","E"],"character_chosen":"DEFECT","items_purchased":["Defragment","Defragment","Swift Potion"],"campfire_rested":2,"item_purchase_floors":[14,19,19],"current_hp_per_floor":[66,62,61,28,28,28,17,17,17,52,15,50,50,50,50,25,71,68,68,62,49,49,0,0],"gold":36,"neow_bonus":"THREE_RARE_CARDS","is_daily":false,"chose_seed":false,"campfire_upgraded":2,"win_rate":0.0,"timestamp":1608484200,"path_taken":["M","M","M","M","?","R","M","?","T","R","E","R","?","$","R","BOSS","M","$","M","M","$","E"],"items_purchased_type":["Card","Card","Potion"],"build_version":"2020-12-13","purchased_purges":1,"victory":false,"max_hp_per_floor":[68,68,68,68,68,68,68,68,68,68,68,68,68,68,68,68,82,82,82,84,86,86,86,86],"card_choices":[{"not_picked":["Amplify","Rainbow"],"picked":"Thunder Strike","floor":0},{"not_picked":["Force Field","Hologram","Auto Shields"],"picked":"SKIP","floor":1},{"not_picked":["Cold Snap","Chaos"],"picked":"Static Discharge","floor":2},{"not_picked":["Go for the Eyes","Chaos","Hologram"],"picked":"SKIP","floor":3},{"not_picked":["Sweeping Beam","Go for the Eyes"],"picked":"Static Discharge","floor":4},{"not_picked":["Barrage","Doom and Gloom"],"picked":"Chill","floor":7},{"not_picked":["Fusion","Rip and Tear"],"picked":"Loop","floor":11},{"not_picked":["Meteor Strike","Reboot"],"picked":"Rainbow","floor":16},{"not_picked":["Sweeping Beam+1","Coolheaded"],"picked":"Double Energy","floor":18},{"not_picked":["Go for the Eyes","Blizzard","Coolheaded"],"picked":"Singing Bowl","floor":20},{"not_picked":["Fusion","Cold Snap","Rip and Tear"],"picked":"Singing Bowl","floor":21}],"player_experience":749191,"relics_obtained":[{"floor":9,"key":"Regal Pillow"},{"floor":11,"key":"Orichalcum"},{"floor":17,"key":"LagranYue:MagicReflectiveArmorRelic"},{"floor":17,"key":"Singing Bowl"},{"floor":17,"key":"Mango"}],"event_choices":[{"damage_healed":0,"gold_gain":0,"player_choice":"Grow","damage_taken":0,"max_hp_gain":0,"max_hp_loss":0,"event_name":"Living Wall","floor":5,"gold_loss":0,"cards_upgraded":["Zap"]},{"damage_healed":0,"gold_gain":0,"player_choice":"Take Wound","damage_taken":0,"relics_obtained":["Golden Idol"],"max_hp_gain":0,"max_hp_loss":0,"event_name":"Golden Idol","floor":8,"gold_loss":0,"cards_obtained":["Injury"]},{"cards_removed":["Injury"],"damage_healed":0,"gold_gain":0,"player_choice":"Card Removal","damage_taken":0,"max_hp_gain":0,"max_hp_loss":0,"event_name":"The Cleric","floor":13,"gold_loss":50}],"is_beta":false,"boss_relics":[{"not_picked":["Ectoplasm","Busted Crown"],"picked":"Calling Bell"}],"items_purged_floors":[22],"is_endless":false,"potions_floor_spawned":[1,2,3,18],"killed_by":"Slavers","ascension_level":7}}