{"host":"nozk9xg7ssf2drdi","time":1608429949,"event":{"mods":["BaseMod","Colored Map","Minty Spire (QoL Compilation)","Relic Stats","Slay the Relics Exporter","StSLib","everything is the same but u backflip on backflip"],"gold_per_floor":[119,136,150,0,10,45,64,64,132,132,145,245,277,289,289,364,364,384,396,40,52,52,85,85,110,110,25,43,43,43,55,55,127,127,140,140,191,204,184,214,233,247,321,321,336,364,364,381,381,381,381,381],"floor_reached":51,"playtime":8179,"items_purged":["Defend_G"],"score":1497,"play_id":"c1c9ce4f-0573-4611-8bac-85b9528c7c59","local_time":"20201219200549","is_ascension_mode":true,"campfire_choices":[{"data":"Skewer","floor":8,"key":"SMITH"},{"floor":10,"key":"REST"},{"data":"Deadly Poison","floor":15,"key":"SMITH"},{"data":"Crippling Poison","floor":24,"key":"SMITH"},{"data":"Well Laid Plans","floor":32,"key":"SMITH"},{"floor":44,"key":"RECALL"},{"data":"Malaise","floor":47,"key":"SMITH"},{"data":"PiercingWail","floor":49,"key":"SMITH"}],"circlet_count":0,"master_deck":["AscendersBane","Strike_G","Strike_G","Strike_G","Defend_G","Defend_G","Defend_G","Defend_G","Survivor","Neutralize","Crippling Poison+1","Predator","Dodge and Roll","Deadly Poison+1","Dagger Spray","Phantasmal Killer","Well Laid Plans+1","Skewer+1","Quick Slash","After Image+1","A Thousand Cuts+1","Calculated Gamble","Acrobatics","Apotheosis+1","A Thousand Cuts+1","Cloak And Dagger","Footwork+1","Cloak And Dagger","PiercingWail+1","Blur","Glass Knife","Blade Dance","Malaise+1","Bouncing Flask","Dodge and Roll+1","PiercingWail","Backflip","Well Laid Plans+1"],"relics":["Runic Dome","Nunchaku","Frozen Egg 2","StoneCalendar","Coffee Dripper","DollysMirror","Bag of Preparation","Omamori","SlaversCollar","Blood Vial","PreservedInsect","Ornamental Fan","Strawberry"],"acts_visited":["Exordium","TheCity","TheBeyond"],"potions_floor_usage":[6,13,21,23,25,31,41,46,50],"damage_taken":[{"damage":4,"enemies":"2 Louse","floor":1,"turns":3},{"damage":0,"enemies":"Cultist","floor":2,"turns":4},{"damage":2,"enemies":"Jaw Worm","floor":3,"turns":3},{"damage":0,"enemies":"Blue Slaver","floor":5,"turns":4},{"damage":32,"enemies":"Gremlin Nob","floor":6,"turns":4},{"damage":11,"enemies":"Exordium Thugs","floor":7,"turns":5},{"damage":3,"enemies":"Large Slime","floor":11,"turns":5},{"damage":4,"enemies":"3 Sentries","floor":13,"turns":4},{"damage":10,"enemies":"Gremlin Gang","floor":14,"turns":4},{"damage":2,"enemies":"Hexaghost","floor":16,"turns":9},{"damage":11,"enemies":"Spheric Guardian","floor":18,"turns":5},{"damage":2,"enemies":"Chosen","floor":19,"turns":4},{"damage":10,"enemies":"Shelled Parasite and Fungi","floor":21,"turns":5},{"damage":3,"enemies":"Book of Stabbing","floor":23,"turns":5},{"damage":22,"enemies":"Gremlin Leader","floor":25,"turns":5},{"damage":2,"enemies":"3 Cultists","floor":28,"turns":6},{"damage":1,"enemies":"Cultist and Chosen","floor":31,"turns":5},{"damage":6,"enemies":"Automaton","floor":33,"turns":8},{"damage":1,"enemies":"3 Shapes","floor":35,"turns":5},{"damage":4,"enemies":"Orb Walker","floor":38,"turns":4},{"damage":0,"enemies":"Nemesis","floor":40,"turns":7},{"damage":0,"enemies":"Spire Growth","floor":41,"turns":5},{"damage":27,"enemies":"Jaw Worm Horde","floor":42,"turns":5},{"damage":0,"enemies":"4 Shapes","floor":45,"turns":5},{"damage":13,"enemies":"Giant Head","floor":46,"turns":5},{"damage":9,"enemies":"3 Darklings","floor":48,"turns":3},{"damage":17,"enemies":"Awakened One","floor":50,"turns":16},{"damage":43,"enemies":"Donu and Deca","floor":51,"turns":7}],"seed_played":"-2513255977905282693","potions_obtained":[{"floor":3,"key":"Weak Potion"},{"floor":5,"key":"FairyPotion"},{"floor":7,"key":"BlessingOfTheForge"},{"floor":16,"key":"Energy Potion"},{"floor":18,"key":"Block Potion"},{"floor":21,"key":"Dexterity Potion"},{"floor":23,"key":"Regen Potion"},{"floor":31,"key":"Ancient Potion"},{"floor":42,"key":"DistilledChaos"},{"floor":46,"key":"Explosive Potion"}],"is_trial":false,"path_per_floor":["M","M","M","$","M","E","M","R","T","R","M","?","E","M","R","B",null,"M","M","$","M","?","E","R","E","T","$","M","$","?","M","R","B",null,"M","?","T","M","?","E","M","M","T","R","M","E","R","M","R","B","B"],"character_chosen":"THE_SILENT","items_purchased":["Deadly Poison","Dagger Spray","Apotheosis","DollysMirror","GamblersBrew"],"campfire_rested":1,"item_purchase_floors":[4,4,20,20,27],"current_hp_per_floor":[55,55,53,53,53,21,10,10,10,29,26,26,22,12,12,10,52,41,39,39,29,29,26,26,18,18,18,16,16,16,15,15,9,52,51,51,51,49,49,51,53,28,28,28,30,26,26,19,19,4,0,0],"gold":381,"neow_bonus":"BOSS_RELIC","is_daily":false,"chose_seed":false,"campfire_upgraded":6,"win_rate":0.0,"timestamp":1608429949,"path_taken":["M","M","M","$","M","E","M","R","T","R","M","?","E","M","R","BOSS","M","M","$","M","?","E","R","E","T","$","?","?","?","M","R","BOSS","M","?","?","M","?","E","M","M","T","R","?","E","R","M","R","BOSS","BOSS"],"items_purchased_type":["Card","Card","Card","Relic","Potion"],"build_version":"2020-12-13","purchased_purges":1,"victory":false,"max_hp_per_floor":[66,66,66,66,66,66,66,66,66,66,66,66,66,66,66,66,66,66,66,66,66,66,66,66,66,66,66,66,66,66,66,66,66,66,66,66,66,66,66,66,66,66,66,66,66,73,73,73,73,73,73,73],"relic_stats":{"Blood Vial":18,"Nunchaku":[29],"counters":[28,150],"Ornamental Fan":[72],"StoneCalendar":[270],"PreservedInsect":130,"Bag of Preparation":[28],"obtain_stats":[{"StoneCalendar":13,"PreservedInsect":40,"Bag of Preparation":23,"Omamori":25,"Frozen Egg 2":9,"Blood Vial":37,"Runic Dome":0,"SlaversCollar":34,"Nunchaku":6,"DollysMirror":20,"Ornamental Fan":43,"Strawberry":46,"Coffee Dripper":17,"Ring of the Snake":0},{"StoneCalendar":8,"PreservedInsect":21,"Bag of Preparation":14,"Omamori":15,"Frozen Egg 2":6,"Blood Vial":19,"Runic Dome":0,"SlaversCollar":18,"Nunchaku":5,"DollysMirror":12,"Ornamental Fan":23,"Strawberry":25,"Coffee Dripper":10,"Ring of the Snake":0},{"StoneCalendar":32,"PreservedInsect":104,"Bag of Preparation":64,"Omamori":69,"Frozen Egg 2":23,"Blood Vial":93,"Runic Dome":0,"SlaversCollar":88,"Nunchaku":18,"DollysMirror":54,"Ornamental Fan":114,"Strawberry":124,"Coffee Dripper":45,"Ring of the Snake":0}]},"card_choices":[{"not_picked":["Bane","Outmaneuver"],"picked":"Crippling Poison","floor":1},{"not_picked":["Slice","Escape Plan"],"picked":"Predator","floor":2},{"not_picked":["Slice","Prepared"],"picked":"Dodge and Roll","floor":3},{"not_picked":["Bane","PiercingWail"],"picked":"Phantasmal Killer","floor":5},{"not_picked":["Caltrops","Dodge and Roll"],"picked":"Well Laid Plans","floor":6},{"not_picked":["Cloak And Dagger","Flechettes"],"picked":"Skewer","floor":7},{"not_picked":["Backflip","Deflect"],"picked":"Quick Slash","floor":11},{"not_picked":["Acrobatics","Predator"],"picked":"After Image+1","floor":13},{"not_picked":["Quick Slash","Reflex","Sucker Punch"],"picked":"SKIP","floor":14},{"not_picked":["Tools of the Trade+1","Bullet Time"],"picked":"A Thousand Cuts+1","floor":16},{"not_picked":["Dagger Spray","Underhanded Strike"],"picked":"Calculated Gamble","floor":18},{"not_picked":["Dagger Throw+1","Deflect"],"picked":"Acrobatics","floor":19},{"not_picked":["Deadly Poison","Flechettes"],"picked":"Cloak And Dagger","floor":21},{"not_picked":["Slice","PiercingWail"],"picked":"Footwork+1","floor":23},{"not_picked":["Underhanded Strike","Riddle With Holes"],"picked":"Cloak And Dagger","floor":25},{"not_picked":["Distraction+1","Quick Slash"],"picked":"PiercingWail","floor":28},{"not_picked":["Endless Agony","Calculated Gamble"],"picked":"Blade Dance","floor":31},{"not_picked":["Wraith Form v2+1","After Image+1"],"picked":"Malaise","floor":33},{"not_picked":["Heel Hook+1","Bane+1"],"picked":"Bouncing Flask","floor":35},{"not_picked":["Backflip","Slice"],"picked":"Dodge and Roll+1","floor":38},{"not_picked":["Dodge and Roll","Bullet Time","Cloak And Dagger"],"picked":"SKIP","floor":40},{"not_picked":["Heel Hook","Poisoned Stab"],"picked":"PiercingWail","floor":41},{"not_picked":["Deflect+1","Flying Knee+1","Outmaneuver"],"picked":"SKIP","floor":42},{"not_picked":["Slice","Flechettes+1"],"picked":"Backflip","floor":45},{"not_picked":["Terror","Deadly Poison","All Out Attack"],"picked":"SKIP","floor":46},{"not_picked":["Crippling Poison","Slice"],"picked":"Well Laid Plans+1","floor":48}],"player_experience":5935143,"relics_obtained":[{"floor":6,"key":"Nunchaku"},{"floor":9,"key":"Frozen Egg 2"},{"floor":13,"key":"StoneCalendar"},{"floor":23,"key":"Bag of Preparation"},{"floor":25,"key":"Omamori"},{"floor":37,"key":"Blood Vial"},{"floor":40,"key":"PreservedInsect"},{"floor":43,"key":"Ornamental Fan"},{"floor":46,"key":"Strawberry"}],"event_choices":[{"damage_healed":0,"gold_gain":100,"player_choice":"Gold","damage_taken":0,"max_hp_gain":0,"max_hp_loss":0,"event_name":"Wheel of Change","floor":12,"gold_loss":0},{"damage_healed":0,"gold_gain":0,"player_choice":"Forge","damage_taken":0,"max_hp_gain":0,"max_hp_loss":0,"event_name":"Accursed Blacksmith","floor":22,"gold_loss":0,"cards_upgraded":["Apotheosis"]},{"damage_healed":0,"gold_gain":0,"cards_transformed":["Strike_G","Strike_G"],"player_choice":"Became Test Subject","damage_taken":0,"max_hp_gain":0,"max_hp_loss":0,"event_name":"Drug Dealer","floor":30,"gold_loss":0,"cards_obtained":["Blur","Glass Knife"]},{"damage_healed":0,"gold_gain":0,"player_choice":"Ignored","damage_taken":0,"max_hp_gain":0,"max_hp_loss":0,"event_name":"Mysterious Sphere","floor":36,"gold_loss":0},{"damage_healed":0,"gold_gain":0,"player_choice":"Bought 1 Potion","damage_taken":0,"max_hp_gain":0,"max_hp_loss":0,"event_name":"The Woman in Blue","floor":39,"gold_loss":0}],"is_beta":false,"boss_relics":[{"not_picked":["SacredBark","WristBlade"],"picked":"Coffee Dripper"},{"not_picked":["Velvet Choker","Black Star"],"picked":"SlaversCollar"}],"items_purged_floors":[4],"is_endless":false,"potions_floor_spawned":[3,5,7,11,16,18,21,23,31,38,40,42,45,46],"killed_by":"Donu and Deca","ascension_level":20}}