{"host":"fne7yx97fnz7kq05","time":1608429686,"event":{"mods":["BaseMod","Colored Map","Colored Powertips","Highlight Path","Minty Spire (QoL Compilation)","Relic Stats"],"gold_per_floor":[112,127,127,145,157,157,190,190,190,190,205,232,251,581,581,682,682,694,704,714,714,714,714,745,757,769,781,781],"floor_reached":27,"playtime":1271,"items_purged":[],"score":405,"play_id":"4958b4e6-1f70-420c-9087-57545a204ba5","local_time":"20201219200126","is_ascension_mode":true,"campfire_choices":[{"data":"Uppercut","floor":6,"key":"SMITH"},{"data":"Armaments","floor":8,"key":"SMITH"},{"floor":10,"key":"REST"},{"data":"Demon Form","floor":15,"key":"SMITH"},{"floor":23,"key":"REST"},{"floor":25,"key":"REST"}],"circlet_count":0,"master_deck":["AscendersBane","Strike_R","Strike_R","Strike_R","Strike_R","Defend_R","Defend_R","Defend_R","Defend_R","Bash","Cleave","Clothesline","Havoc","Twin Strike","Uppercut+1","Armaments+1","Juggernaut","Demon Form+1","Shockwave","Pommel Strike","Decay","Battle Trance"],"relics":["Black Star","Blue Candle","Champion Belt","Thread and Needle","Anchor","Bronze Scales","Old Coin","Vajra","Sozu","MawBank","Strawberry","Ornamental Fan"],"acts_visited":["Exordium","TheCity"],"potions_floor_usage":[7,14],"damage_taken":[{"damage":0,"enemies":"Small Slimes","floor":1,"turns":4},{"damage":1,"enemies":"Cultist","floor":2,"turns":3},{"damage":1,"enemies":"2 Louse","floor":4,"turns":3},{"damage":10,"enemies":"2 Fungi Beasts","floor":5,"turns":3},{"damage":24,"enemies":"Gremlin Nob","floor":7,"turns":4},{"damage":5,"enemies":"Exordium Wildlife","floor":11,"turns":4},{"damage":12,"enemies":"3 Sentries","floor":12,"turns":7},{"damage":4,"enemies":"3 Louse","floor":13,"turns":3},{"damage":13,"enemies":"Lagavulin","floor":14,"turns":6},{"damage":24,"enemies":"Hexaghost","floor":16,"turns":9},{"damage":15,"enemies":"Spheric Guardian","floor":18,"turns":4},{"damage":11,"enemies":"Shell Parasite","floor":19,"turns":4},{"damage":19,"enemies":"Chosen and Byrds","floor":20,"turns":4},{"damage":37,"enemies":"Book of Stabbing","floor":24,"turns":6},{"damage":42,"enemies":"Gremlin Leader","floor":27,"turns":4}],"seed_played":"-8125702218376632697","potions_obtained":[{"floor":1,"key":"Strength Potion"},{"floor":11,"key":"SkillPotion"},{"floor":12,"key":"DuplicationPotion"},{"floor":13,"key":"Energy Potion"}],"is_trial":false,"path_per_floor":["M","M","?","M","M","R","E","R","T","R","M","E","M","E","R","B",null,"M","M","M","?","?","R","E","R","T","E"],"character_chosen":"IRONCLAD","items_purchased":[],"campfire_rested":3,"item_purchase_floors":[],"current_hp_per_floor":[72,71,71,70,60,60,36,36,36,60,55,43,39,26,26,2,61,46,35,16,16,16,40,10,36,36,0,0],"gold":781,"neow_bonus":"BOSS_RELIC","is_daily":false,"chose_seed":false,"campfire_upgraded":3,"win_rate":0.0,"timestamp":1608429686,"path_taken":["M","M","?","?","M","R","E","R","T","R","M","E","M","E","R","BOSS","M","?","M","?","?","R","E","R","T","E"],"items_purchased_type":[],"build_version":"2020-12-13","purchased_purges":0,"victory":false,"max_hp_per_floor":[80,80,80,80,80,80,80,80,80,80,80,80,80,80,80,80,80,80,80,80,80,80,80,87,87,87,87,87],"relic_stats":{"Sozu":2,"counters":[15,68],"Ornamental Fan":[4],"Blue Candle":[2],"Bronze Scales":[155],"Black Star":4,"Champion Belt":[16],"MawBank":36,"obtain_stats":[{"Blue Candle":7,"Vajra":14,"Thread and Needle":9,"MawBank":24,"Burning Blood":0,"Old Coin":14,"Sozu":17,"Anchor":12,"Ornamental Fan":26,"Bronze Scales":12,"Strawberry":24,"Black Star":0,"Champion Belt":7},{"Blue Candle":5,"Vajra":9,"Thread and Needle":5,"MawBank":14,"Burning Blood":0,"Old Coin":9,"Sozu":10,"Anchor":7,"Ornamental Fan":14,"Bronze Scales":7,"Strawberry":14,"Black Star":0,"Champion Belt":5},{"Blue Candle":17,"Vajra":37,"Thread and Needle":17,"MawBank":64,"Burning Blood":0,"Old Coin":37,"Sozu":46,"Anchor":28,"Ornamental Fan":64,"Bronze Scales":28,"Strawberry":64,"Black Star":0,"Champion Belt":17}]},"card_choices":[{"not_picked":["Blood for Blood","Armaments"],"picked":"Cleave","floor":1},{"not_picked":["Battle Trance","Cleave"],"picked":"Clothesline","floor":2},{"not_picked":["Limit Break","Warcry"],"picked":"Twin Strike","floor":4},{"not_picked":["Headbutt","Wild Strike"],"picked":"Uppercut","floor":5},{"not_picked":["Hemokinesis","Headbutt"],"picked":"Armaments","floor":7},{"not_picked":["Armaments","Iron Wave"],"picked":"Juggernaut","floor":11},{"not_picked":["Warcry","Headbutt","Wild Strike"],"picked":"SKIP","floor":12},{"not_picked":["Body Slam","Combust","Burning Pact"],"picked":"SKIP","floor":13},{"not_picked":["Sentinel","Inflame"],"picked":"Demon Form","floor":14},{"not_picked":["Havoc","Dropkick"],"picked":"Shockwave","floor":18},{"not_picked":["Searing Blow+1","Clothesline"],"picked":"Pommel Strike","floor":19},{"not_picked":["Sentinel+1","Clothesline","Power Through"],"picked":"SKIP","floor":20},{"not_picked":["Anger","Pommel Strike"],"picked":"Battle Trance","floor":24}],"player_experience":56677,"relics_obtained":[{"floor":7,"key":"Blue Candle"},{"floor":7,"key":"Champion Belt"},{"floor":9,"key":"Thread and Needle"},{"floor":12,"key":"Anchor"},{"floor":12,"key":"Bronze Scales"},{"floor":14,"key":"Old Coin"},{"floor":14,"key":"Vajra"},{"floor":24,"key":"MawBank"},{"floor":24,"key":"Strawberry"},{"floor":26,"key":"Ornamental Fan"}],"event_choices":[{"damage_healed":0,"gold_gain":0,"cards_transformed":["Strike_R"],"player_choice":"Transformed","damage_taken":0,"max_hp_gain":0,"max_hp_loss":0,"event_name":"Transmorgrifier","floor":3,"gold_loss":0,"cards_obtained":["Havoc"]},{"damage_healed":0,"gold_gain":0,"player_choice":"Smashed Altar","damage_taken":0,"max_hp_gain":0,"max_hp_loss":0,"event_name":"Forgotten Altar","floor":21,"gold_loss":0,"cards_obtained":["Decay"]},{"damage_healed":0,"gold_gain":0,"player_choice":"Ignored","damage_taken":0,"max_hp_gain":0,"max_hp_loss":0,"event_name":"Cursed Tome","floor":22,"gold_loss":0}],"is_beta":false,"boss_relics":[{"not_picked":["Tiny House","Busted Crown"],"picked":"Sozu"}],"items_purged_floors":[],"is_endless":false,"potions_floor_spawned":[1,11,12,13,19,20],"killed_by":"Gremlin Leader","ascension_level":12}}