{"host":"vpnygm79y7yi43ig","time":1608450067,"event":{"mods":["BaseMod","Bestiary","Minty Spire (QoL Compilation)"],"gold_per_floor":[116,132,151,164,175,175,175,0,0,0,0,14,14,32,32,131,131,141,141,141,141,161,161,161,161,209,234,2,30,44,60,60,159,159,177,223,150,163,163,163,188,188,188,6,37,87,106,124,124,124],"floor_reached":51,"playtime":3113,"items_purged":["Hemokinesis"],"score":817,"play_id":"1abecbaf-f0d2-4965-b0b0-9fcfb8667bae","local_time":"20201219234107","is_ascension_mode":false,"campfire_choices":[{"data":"Barricade","floor":6,"key":"SMITH"},{"floor":11,"key":"REST"},{"data":"Body Slam","floor":15,"key":"SMITH"},{"data":"Armaments","floor":23,"key":"SMITH"},{"data":"True Grit","floor":32,"key":"SMITH"},{"data":"Body Slam","floor":40,"key":"SMITH"},{"data":"Metallicize","floor":42,"key":"SMITH"},{"data":"Feel No Pain","floor":49,"key":"SMITH"}],"circlet_count":0,"master_deck":["Defend_R+1","Defend_R+1","Defend_R+1","Defend_R+1","Bash","Barricade+1","Battle Trance+1","Armaments+1","Shrug It Off","True Grit+1","Iron Wave","Body Slam+1","Feel No Pain+1","Inflame+1","Bloodletting+1","Metallicize+1","Dropkick","Body Slam+1","Battle Trance","Shrug It Off+1","Impervious+1","Dual Wield+1","Master of Strategy+1","Shockwave+1","Impervious+1"],"relics":["Burning Blood","PreservedInsect","Membership Card","The Courier","Astrolabe","MawBank","Eternal Feather","Toxic Egg 2","White Beast Statue","Coffee Dripper","FossilizedHelix","Smiling Mask","InkBottle","Oddly Smooth Stone","Blood Vial","CeramicFish","Ice Cream"],"acts_visited":["Exordium","TheCity","TheBeyond"],"potions_floor_usage":[4,12,12,18,29,29,36,50,50],"damage_taken":[{"damage":11,"enemies":"Jaw Worm","floor":1,"turns":2},{"damage":7,"enemies":"2 Louse","floor":2,"turns":5},{"damage":10,"enemies":"Small Slimes","floor":3,"turns":5},{"damage":8,"enemies":"Exordium Wildlife","floor":4,"turns":6},{"damage":15,"enemies":"Looter","floor":5,"turns":3},{"damage":5,"enemies":"Large Slime","floor":12,"turns":6},{"damage":3,"enemies":"2 Fungi Beasts","floor":14,"turns":6},{"damage":7,"enemies":"The Guardian","floor":16,"turns":9},{"damage":21,"enemies":"2 Thieves","floor":18,"turns":4},{"damage":7,"enemies":"Shell Parasite","floor":22,"turns":8},{"damage":0,"enemies":"Snecko","floor":27,"turns":6},{"damage":50,"enemies":"Slavers","floor":29,"turns":10},{"damage":13,"enemies":"Shelled Parasite and Fungi","floor":30,"turns":6},{"damage":3,"enemies":"Centurion and Healer","floor":31,"turns":6},{"damage":44,"enemies":"Collector","floor":33,"turns":12},{"damage":3,"enemies":"3 Shapes","floor":35,"turns":4},{"damage":3,"enemies":"2 Orb Walkers","floor":36,"turns":7},{"damage":0,"enemies":"Orb Walker","floor":38,"turns":4},{"damage":0,"enemies":"Nemesis","floor":41,"turns":3},{"damage":12,"enemies":"Reptomancer","floor":45,"turns":4},{"damage":0,"enemies":"Mind Bloom Boss Battle","floor":46,"turns":5},{"damage":0,"enemies":"Sphere and 2 Shapes","floor":47,"turns":5},{"damage":17,"enemies":"Jaw Worm Horde","floor":48,"turns":5},{"damage":0,"enemies":"Time Eater","floor":50,"turns":5}],"seed_played":"-7180148893320237876","potions_obtained":[{"floor":1,"key":"HeartOfIron"},{"floor":2,"key":"DistilledChaos"},{"floor":5,"key":"Fruit Juice"},{"floor":16,"key":"LiquidMemories"},{"floor":22,"key":"Regen Potion"},{"floor":27,"key":"BloodPotion"},{"floor":29,"key":"SteroidPotion"},{"floor":30,"key":"Weak Potion"},{"floor":31,"key":"FearPotion"},{"floor":35,"key":"Fruit Juice"},{"floor":36,"key":"Block Potion"},{"floor":41,"key":"Swift Potion"},{"floor":45,"key":"Dexterity Potion"}],"is_trial":false,"path_per_floor":["M","M","M","M","M","R","?","$","T","?","R","M","?","M","R","B",null,"M","?","?","?","M","R","?","?","T","M","$","E","M","M","R","B",null,"M","?","$","M","?","R","E","R","T","$","E","?","M","M","R","B",null],"character_chosen":"IRONCLAD","items_purchased":["Membership Card","Body Slam","Battle Trance","Eternal Feather","Toxic Egg 2","Master of Strategy+1","Oddly Smooth Stone","Impervious+1","Blood Vial"],"campfire_rested":1,"item_purchase_floors":[8,8,28,28,28,37,44,44,44],"current_hp_per_floor":[51,50,46,44,35,35,17,17,17,1,25,31,24,27,27,26,85,70,70,54,54,53,53,53,53,53,59,59,48,41,44,56,18,90,90,95,95,95,95,95,95,95,95,95,89,95,95,84,95,95],"gold":124,"neow_bonus":"THREE_RARE_CARDS","is_daily":false,"chose_seed":false,"campfire_upgraded":7,"win_rate":0.0,"timestamp":1608450067,"path_taken":["M","M","M","M","M","R","?","$","T","?","R","M","?","M","R","BOSS","M","?","?","?","?","R","?","?","T","M","?","E","M","M","R","BOSS","M","?","$","M","?","R","E","R","T","$","E","?","?","M","R","BOSS"],"items_purchased_type":["Relic","Card","Card","Relic","Relic","Card","Relic","Card","Relic"],"build_version":"2020-12-13","purchased_purges":1,"victory":true,"max_hp_per_floor":[80,80,80,80,80,80,80,80,80,80,80,85,85,85,85,85,85,85,85,90,90,90,90,90,90,90,90,90,90,90,90,90,90,90,90,95,95,95,95,95,95,95,95,95,95,95,95,95,95,95],"card_choices":[{"not_picked":["Corruption","Juggernaut"],"picked":"Barricade","floor":0},{"not_picked":["Shrug It Off","Thunderclap"],"picked":"Battle Trance","floor":1},{"not_picked":["Havoc","Pommel Strike"],"picked":"Armaments","floor":2},{"not_picked":["Havoc","Heavy Blade"],"picked":"Shrug It Off","floor":3},{"not_picked":["Armaments","Shrug It Off"],"picked":"True Grit","floor":4},{"not_picked":["Brutality","Wild Strike"],"picked":"Iron Wave","floor":5},{"not_picked":["Burning Pact","Clothesline","Blood for Blood"],"picked":"SKIP","floor":12},{"not_picked":["Clash","Iron Wave"],"picked":"Feel No Pain","floor":14},{"not_picked":["Pommel Strike","Infernal Blade","Heavy Blade"],"picked":"SKIP","floor":18},{"not_picked":["Seeing Red","Feel No Pain","Uppercut"],"picked":"SKIP","floor":22},{"not_picked":["Pommel Strike","Headbutt+1"],"picked":"Body Slam","floor":27},{"not_picked":["Body Slam","Spot Weakness+1","Carnage"],"picked":"SKIP","floor":29},{"not_picked":["Anger+1","Clash+1"],"picked":"Shrug It Off+1","floor":30},{"not_picked":["Clothesline+1","Anger","Shrug It Off+1"],"picked":"SKIP","floor":31},{"not_picked":["Fiend Fire","Juggernaut"],"picked":"Impervious+1","floor":33},{"not_picked":["Clothesline+1","Warcry+1","Headbutt"],"picked":"SKIP","floor":35},{"not_picked":["Shrug It Off+1","Anger+1"],"picked":"Dual Wield+1","floor":36},{"not_picked":["Anger+1","Wild Strike+1","Flex+1"],"picked":"SKIP","floor":38},{"not_picked":["Pummel","Combust+1"],"picked":"Shockwave+1","floor":41},{"not_picked":["Flex+1","Perfected Strike","Flame Barrier+1"],"picked":"SKIP","floor":45},{"not_picked":["Cleave","Combust","Rampage"],"picked":"SKIP","floor":47},{"not_picked":["Rampage","Heavy Blade+1","Seeing Red+1"],"picked":"SKIP","floor":48}],"player_experience":187451,"relics_obtained":[{"floor":9,"key":"The Courier"},{"floor":26,"key":"MawBank"},{"floor":29,"key":"White Beast Statue"},{"floor":36,"key":"FossilizedHelix"},{"floor":41,"key":"Smiling Mask"},{"floor":43,"key":"InkBottle"},{"floor":45,"key":"CeramicFish"},{"floor":46,"key":"Ice Cream"}],"event_choices":[{"damage_healed":0,"gold_gain":0,"player_choice":"Success","damage_taken":18,"relics_obtained":["PreservedInsect"],"max_hp_gain":0,"max_hp_loss":0,"event_name":"Scrap Ooze","floor":7,"gold_loss":0},{"damage_healed":0,"gold_gain":0,"player_choice":"Entered Light","damage_taken":16,"max_hp_gain":0,"max_hp_loss":0,"event_name":"Shining Light","floor":10,"gold_loss":0,"cards_upgraded":["Battle Trance","Defend_R"]},{"cards_removed":["Strike_R"],"damage_healed":0,"gold_gain":0,"player_choice":"Card Removal","damage_taken":7,"max_hp_gain":0,"max_hp_loss":0,"event_name":"Golden Wing","floor":13,"gold_loss":0},{"damage_healed":0,"gold_gain":0,"player_choice":"Simplicity","damage_taken":0,"max_hp_gain":0,"max_hp_loss":0,"event_name":"Back to Basics","floor":19,"gold_loss":0,"cards_upgraded":["Strike_R","Defend_R","Defend_R","Defend_R"]},{"damage_healed":0,"gold_gain":0,"player_choice":"Shed Blood","damage_taken":21,"max_hp_gain":5,"max_hp_loss":0,"event_name":"Forgotten Altar","floor":20,"gold_loss":0},{"damage_healed":0,"gold_gain":0,"player_choice":"Read","damage_taken":0,"max_hp_gain":0,"max_hp_loss":0,"event_name":"The Library","floor":21,"gold_loss":0,"cards_obtained":["Metallicize"]},{"damage_healed":0,"gold_gain":0,"cards_transformed":["Pummel","Strike_R"],"player_choice":"Became Test Subject","damage_taken":0,"max_hp_gain":0,"max_hp_loss":0,"event_name":"Drug Dealer","floor":24,"gold_loss":0,"cards_obtained":["Hemokinesis","Dropkick"]},{"damage_healed":0,"gold_gain":0,"player_choice":"Ignored","damage_taken":0,"max_hp_gain":0,"max_hp_loss":0,"event_name":"Cursed Tome","floor":25,"gold_loss":0},{"damage_healed":0,"gold_gain":0,"player_choice":"Fight","damage_taken":0,"max_hp_gain":0,"max_hp_loss":0,"event_name":"Mysterious Sphere","floor":36,"gold_loss":0},{"damage_healed":0,"gold_gain":0,"player_choice":"Ignored","damage_taken":0,"max_hp_gain":0,"max_hp_loss":0,"event_name":"Tomb of Lord Red Mask","floor":39,"gold_loss":0},{"damage_healed":0,"gold_gain":0,"player_choice":"Fight","damage_taken":0,"max_hp_gain":0,"max_hp_loss":0,"event_name":"MindBloom","floor":46,"gold_loss":0}],"is_beta":false,"boss_relics":[{"not_picked":["Black Star","Runic Cube"],"picked":"Astrolabe"},{"not_picked":["Sozu","Velvet Choker"],"picked":"Coffee Dripper"}],"items_purged_floors":[28],"is_endless":false,"potions_floor_spawned":[1,2,5,16,22,27,29,30,31,33,35,36,38,41,45,46,47,48],"ascension_level":0}}