{"host":"mm0v83pkg2fvsdgl","time":1608486215,"event":{"mods":["2.2 Compatiblity","Alarm Clock","AlwaysNeverKeys","BaseMod","Beaked The Cultist","Bestiary","Better Altar","Better Match","Better Note","Better Sensory Stone","Better Silent Start","Better Third Choice","Clawfect","Displayed Cursed Tome","Energized Spire","Friendly Minions","Highlight Path","Ironclad Rager","Keyboard Shortcuts","Lotus Mark","Marisa????????","Marked Mod","Mimic Mod","Minty Spire (QoL Compilation)","Permanent Neow","Railgun Mod","Remove Card Discount Mod","Shade Mod","Somnambulant","Spicy Shops","StSLib","Swap Starting Deck Mod","The Construct","The Disciple","The Dragon Tamer","The Hierophant","TheHeartMod","TheVacant","Transform Curses","Unceasing Turn Reminder","Wandering Minibosses"],"gold_per_floor":[111,111,121,11,22,57,57,70,70,101,101,176,196,207,207,310,310,320,331,331,54,4,31,31,61,112,180,191,204,82,100,100,196,196,215,123,123,138,138,138,191,191,191,208,208,0,30,49,49,49,49,49,49,82,82],"floor_reached":56,"playtime":3814,"items_purged":["DTMod:Strike","DTMod:Strike","DTMod:Strike","DTMod:Strike","DTMod:TargetDefense","DTMod:TargetDefense","DTMod:TargetDefense","DTMod:TargetDefense","Parasite"],"score":1352,"play_id":"890e4627-f177-46d5-a220-24030ec08a2f","local_time":"20201220124335","is_ascension_mode":false,"metric_token":2643,"campfire_choices":[{"data":"DTMod:SealedStrike","floor":7,"key":"SMITH"},{"data":"DTMod:SealedStrike+1","floor":11,"key":"SMITH"},{"data":"DTMod:SealedStrike+2","floor":15,"key":"SMITH"},{"data":"DTMod:SealedStrike+3","floor":24,"key":"SMITH"},{"data":"DTMod:SealedStrike+4","floor":32,"key":"SMITH"},{"data":"DTMod:HeadStart","floor":40,"key":"SMITH"},{"data":"DTMod:CleansingStrike","floor":42,"key":"SMITH"},{"data":"Bandage Up","floor":45,"key":"SMITH"},{"floor":49,"key":"REST"},{"floor":52,"key":"REST"}],"dtmod_dragon_data":[36,50,3,1,6,8],"circlet_count":0,"master_deck":["DTMod:DoubleHit+1","DTMod:SwitchingTactic+1","DTMod:TagTeam+1","DTMod:ComboAttack+1","DTMod:SwitchingTactic+1","DTMod:Cover+1","DTMod:MagiciansMark+1","DTMod:SealedStrike+5","DTMod:Coolant+1","DTMod:BurningEnergy+1","DTMod:ForkedFire+1","DTMod:Cover+1","DTMod:Inferno+1","beaked:AwakenedForm+1","DTMod:MagiciansMark+1","DTMod:BalancedStrike+1","DTMod:Inferno+1","DTMod:TagTeam+1","DTMod:BalancedStrike+1","DTMod:Dissolve+1","DTMod:HeadStart+1","DTMod:CleansingStrike+1","Bandage Up+1"],"relics":["Cursed Key","DollysMirror","Prayer Wheel","Darkstone Periapt","Sundial","beaked:SacredDeck","Membership Card","Bottled Tornado","Lizard Tail","Bird Faced Urn","Omamori","Lee\u0027s Waffle","Busted Crown","HandDrill","DTMod:BindingString","Anchor","Red Mask","Toxic Egg 2","FossilizedHelix"],"acts_visited":["Exordium","TheCity","TheBeyond","TheEnding"],"potions_floor_usage":[16,28,28,29,55],"damage_taken":[{"damage":0,"enemies":"Jaw Worm","floor":1,"turns":5},{"damage":0,"enemies":"Cultist","floor":3,"turns":3},{"damage":0,"enemies":"Small Slimes","floor":5,"turns":4},{"damage":0,"enemies":"3 Sentries","floor":6,"turns":8},{"damage":0,"enemies":"Looter","floor":8,"turns":2},{"damage":0,"enemies":"Gremlin Nob","floor":10,"turns":4},{"damage":0,"enemies":"3 Louse","floor":13,"turns":3},{"damage":2,"enemies":"Large Slime","floor":14,"turns":5},{"damage":11,"enemies":"The Guardian","floor":16,"turns":8},{"damage":0,"enemies":"2 Thieves","floor":18,"turns":3},{"damage":11,"enemies":"3 Byrds","floor":19,"turns":4},{"damage":0,"enemies":"Slavers","floor":23,"turns":3},{"damage":0,"enemies":"Gremlin Leader","floor":25,"turns":3},{"damage":4,"enemies":"Centurion and Healer","floor":27,"turns":5},{"damage":5,"enemies":"Snecko","floor":28,"turns":3},{"damage":0,"enemies":"Shelled Parasite and Fungi","floor":29,"turns":2},{"damage":0,"enemies":"3 Cultists","floor":31,"turns":2},{"damage":6,"enemies":"Automaton","floor":33,"turns":6},{"damage":0,"enemies":"3 Darklings","floor":35,"turns":2},{"damage":0,"enemies":"Orb Walker","floor":38,"turns":2},{"damage":0,"enemies":"2 Orb Walkers","floor":41,"turns":2},{"damage":4,"enemies":"Transient","floor":44,"turns":5},{"damage":27,"enemies":"Nemesis","floor":47,"turns":5},{"damage":10,"enemies":"Spire Growth","floor":48,"turns":3},{"damage":0,"enemies":"Time Eater","floor":50,"turns":3},{"damage":0,"enemies":"Shield and Spear","floor":54,"turns":2},{"damage":41,"enemies":"The Heart","floor":55,"turns":7}],"seed_played":"-354459234546222254","potions_obtained":[{"floor":5,"key":"Fire Potion"},{"floor":6,"key":"Fire Potion"},{"floor":8,"key":"LiquidBronze"},{"floor":14,"key":"Regen Potion"},{"floor":23,"key":"Regen Potion"},{"floor":29,"key":"Strength Potion"},{"floor":33,"key":"FearPotion"},{"floor":41,"key":"DistilledChaos"}],"is_trial":false,"path_per_floor":["M","?","M","$","M","E","R","M","T","E","R","?","M","M","R","B",null,"M","M","?","$","?","E","R","E","T","M","M","M","$","M","R","B",null,"M","$","?","M","?","R","?","R","T","M","R","?","E","M","R","B",null,"R","$","E","B",null],"character_chosen":"THE_DT","items_purchased":["DollysMirror","DTMod:Cover","Membership Card","Bottled Tornado","DTMod:Dissolve","Lee\u0027s Waffle","HandDrill","DTMod:BalancedStrike"],"campfire_rested":2,"item_purchase_floors":[4,4,21,21,30,30,36,36],"current_hp_per_floor":[45,45,45,45,45,45,45,45,45,45,45,34,34,32,32,21,45,45,34,34,34,34,34,34,34,40,38,35,37,55,55,55,49,55,55,55,55,55,55,55,55,55,55,51,51,51,28,26,42,52,55,55,55,55,15],"gold":82,"neow_bonus":"BOSS_RELIC","is_daily":false,"chose_seed":false,"campfire_upgraded":8,"win_rate":0.0,"timestamp":1608486215,"path_taken":["M","?","M","$","M","E","R","?","T","E","R","?","M","M","R","BOSS","M","M","?","$","?","E","R","E","T","M","?","M","$","M","R","BOSS","M","$","?","?","?","R","?","R","T","?","R","?","E","M","R","BOSS","R","$","E","BOSS"],"items_purchased_type":["Relic","Card","Relic","Relic","Card","Relic","Relic","Card"],"build_version":"2020-12-13","purchased_purges":9,"victory":true,"max_hp_per_floor":[45,45,45,45,45,45,45,45,45,45,45,45,45,45,45,45,45,45,45,45,45,45,45,45,45,51,51,51,51,55,55,55,55,55,55,55,55,55,55,55,55,55,55,55,55,55,55,55,55,55,55,55,55,55,55],"card_choices":[{"not_picked":["DTMod:Threaten","DTMod:CrossStep"],"picked":"DTMod:TagTeam","floor":1},{"not_picked":["DTMod:Threaten","DTMod:Conduct"],"picked":"DTMod:ComboAttack","floor":3},{"not_picked":["DTMod:DeepFocus","DTMod:BalancedStrike"],"picked":"DTMod:MagiciansMark","floor":5},{"not_picked":["DTMod:Haste","DTMod:DarkBreath"],"picked":"DTMod:SealedStrike","floor":6},{"not_picked":["DTMod:BlazingStrike","DTMod:BuildUp","DTMod:Weaken"],"picked":"SKIP","floor":8},{"not_picked":["DTMod:HeatWave","DTMod:Training","DTMod:Feint"],"picked":"SKIP","floor":8},{"not_picked":["DTMod:Weaken","DTMod:MaximumCharge"],"picked":"DTMod:Coolant","floor":10},{"not_picked":["DTMod:BalancedStrike","DTMod:Hide"],"picked":"DTMod:BurningEnergy","floor":13},{"not_picked":["DTMod:Threaten","DTMod:HeatWave","DTMod:MaximumCharge"],"picked":"SKIP","floor":13},{"not_picked":["DTMod:Hide","DTMod:Haste"],"picked":"DTMod:ForkedFire","floor":14},{"not_picked":["DTMod:ForkedFire","DTMod:Weaken"],"picked":"DTMod:Cover","floor":14},{"not_picked":["DTMod:Safeguard","DTMod:FierySynthesis"],"picked":"DTMod:Inferno","floor":16},{"not_picked":["DTMod:InvisibleFlame","DTMod:DragonDance"],"picked":"DTMod:MagiciansMark+1","floor":18},{"not_picked":["DTMod:Cover","DTMod:ShieldDrain+1","DTMod:Overwhelm"],"picked":"SKIP","floor":18},{"not_picked":["DTMod:BlazingStrike","DTMod:HeatWave+1","DTMod:BreakAttack"],"picked":"SKIP","floor":19},{"not_picked":["DTMod:Threaten","DTMod:QuickFly","DTMod:FlameSlash"],"picked":"SKIP","floor":19},{"not_picked":["DTMod:Shift","DTMod:LowKick"],"picked":"DTMod:BalancedStrike+1","floor":23},{"not_picked":["DTMod:LightShield","DTMod:Threaten"],"picked":"DTMod:Inferno","floor":25},{"not_picked":["DTMod:Feint","DTMod:BlueScale","DTMod:MasterPlan"],"picked":"SKIP","floor":27},{"not_picked":["DTMod:Weaken","DTMod:BlazingStrike","DTMod:RecklessFlurry"],"picked":"SKIP","floor":27},{"not_picked":["DTMod:PurifyingFlame","DTMod:QuickFly+1","DTMod:Weaken"],"picked":"SKIP","floor":28},{"not_picked":["DTMod:Weaken+1","DTMod:FlameSlash+1","DTMod:Punisher"],"picked":"SKIP","floor":28},{"not_picked":["DTMod:BreakAttack","DTMod:MaximumCharge"],"picked":"DTMod:TagTeam","floor":29},{"not_picked":["DTMod:BuildUp","DTMod:GhostSkin+1"],"picked":"DTMod:BalancedStrike","floor":29},{"not_picked":["DTMod:MasterPlan+1","DTMod:HeatWave","DTMod:Weaken"],"picked":"SKIP","floor":31},{"not_picked":["DTMod:Punisher+1","DTMod:Feint","DTMod:Inferno"],"picked":"SKIP","floor":31},{"not_picked":["DTMod:Outburst","DTMod:LightShield"],"picked":"DTMod:HeadStart","floor":33},{"not_picked":["DTMod:TagTeam+1"],"picked":"SKIP","floor":35},{"not_picked":["DTMod:LowKick"],"picked":"SKIP","floor":35},{"not_picked":["DTMod:DeepFocus+1"],"picked":"SKIP","floor":38},{"not_picked":["DTMod:RecklessFlurry"],"picked":"SKIP","floor":38},{"not_picked":[],"picked":"Bandage Up","floor":39},{"not_picked":["DTMod:MasterPlan+1"],"picked":"SKIP","floor":44},{"not_picked":["DTMod:BreakAttack+1"],"picked":"SKIP","floor":44},{"not_picked":["DTMod:MasterPlan+1"],"picked":"SKIP","floor":44},{"not_picked":["DTMod:BreakAttack+1"],"picked":"SKIP","floor":44},{"not_picked":["DTMod:Conduct+1"],"picked":"SKIP","floor":47},{"not_picked":["DTMod:DragonDance"],"picked":"SKIP","floor":48},{"not_picked":["DTMod:Adaptation"],"picked":"SKIP","floor":48},{"not_picked":["DTMod:Cover+1"],"picked":"SKIP","floor":54}],"player_experience":640734,"relics_obtained":[{"floor":6,"key":"Prayer Wheel"},{"floor":9,"key":"Darkstone Periapt"},{"floor":10,"key":"Sundial"},{"floor":23,"key":"Lizard Tail"},{"floor":25,"key":"Bird Faced Urn"},{"floor":26,"key":"Omamori"},{"floor":41,"key":"DTMod:BindingString"},{"floor":43,"key":"Anchor"},{"floor":47,"key":"Toxic Egg 2"},{"floor":54,"key":"FossilizedHelix"}],"event_choices":[{"damage_healed":0,"gold_gain":0,"player_choice":"Bought 0 Potions","damage_taken":0,"max_hp_gain":0,"max_hp_loss":0,"event_name":"The Woman in Blue","floor":2,"gold_loss":0},{"damage_healed":0,"gold_gain":75,"player_choice":"Gold","damage_taken":11,"max_hp_gain":0,"max_hp_loss":0,"event_name":"betterThird:BetterGoop","floor":12,"gold_loss":0},{"cards_removed":["Writhe"],"damage_healed":0,"gold_gain":0,"player_choice":"Removed Curses","damage_taken":0,"max_hp_gain":0,"max_hp_loss":0,"event_name":"Fountain of Cleansing","floor":20,"gold_loss":0},{"damage_healed":0,"gold_gain":0,"player_choice":"Bet on Murderer","damage_taken":0,"max_hp_gain":0,"max_hp_loss":0,"event_name":"The Joust","floor":22,"gold_loss":50},{"damage_healed":0,"gold_gain":0,"cards_transformed":["DTMod:BalancedStrike"],"player_choice":"Transformed","damage_taken":0,"max_hp_gain":0,"max_hp_loss":0,"event_name":"Transmorgrifier","floor":37,"gold_loss":0,"cards_obtained":["DTMod:CleansingStrike"]},{"damage_healed":0,"gold_gain":3,"player_choice":"1","damage_taken":0,"max_hp_gain":0,"max_hp_loss":0,"event_name":"betterStone:BetterStone","floor":39,"gold_loss":0},{"damage_healed":0,"gold_gain":0,"player_choice":"Fight","damage_taken":0,"max_hp_gain":0,"max_hp_loss":0,"event_name":"Mysterious Sphere","floor":41,"gold_loss":0},{"damage_healed":0,"gold_gain":0,"player_choice":"Paid","damage_taken":0,"relics_obtained":["Red Mask"],"max_hp_gain":0,"max_hp_loss":0,"event_name":"Tomb of Lord Red Mask","floor":46,"gold_loss":208}],"is_beta":false,"boss_relics":[{"not_picked":["energizedSpire:SpiderWeb","Runic Dome"],"picked":"beaked:SacredDeck"},{"not_picked":["SlaversCollar","Runic Pyramid"],"picked":"Busted Crown"}],"items_purged_floors":[4,4,4,4,4,21,21,21,30],"is_endless":false,"potions_floor_spawned":[5,6,8,10,13,14,23,27,29,33,41,44,48],"ascension_level":0}}