{"host":"utqe55yv0jihe4d6","time":1608498634,"event":{"mods":["2.2 Compatiblity","AchievementEnabler","BaseMod","Block Reminder","Colored Map","Colored Powertips","Minty Spire (QoL Compilation)","Quick Restart","Rare Cards Sparkle","Relic Stats","SuperFastMode"],"gold_per_floor":[114,125,200,200,216,216,227,227,227,252,264,229,229,257,257,328,328,347,272,53,53,63,94,94,107,107,22,36,36,36,36],"floor_reached":30,"playtime":844,"items_purged":["Strike_R"],"score":566,"play_id":"9dc9d884-0e4e-4c06-b562-1c4d13240cdd","local_time":"20201220161034","is_ascension_mode":true,"campfire_choices":[{"data":"True Grit","floor":6,"key":"SMITH"},{"data":"Body Slam","floor":8,"key":"SMITH"},{"data":"Juggernaut","floor":15,"key":"SMITH"},{"data":"Feel No Pain","floor":24,"key":"SMITH"},{"floor":29,"key":"REST"}],"circlet_count":0,"master_deck":["AscendersBane","Strike_R","Strike_R+1","Strike_R","Defend_R","Defend_R","Defend_R","Defend_R","Bash","Juggernaut+1","True Grit+1","Body Slam+1","Headbutt","Anger+1","Shockwave","Metallicize","Whirlwind","Feed","Dark Embrace","Flame Barrier","Feel No Pain+1"],"relics":["Burning Blood","PreservedInsect","Vajra","Whetstone","Happy Flower","Velvet Choker","InkBottle","Charon\u0027s Ashes","Juzu Bracelet"],"acts_visited":["Exordium","TheCity"],"potions_floor_usage":[10,11,16,25],"damage_taken":[{"damage":1,"enemies":"2 Louse","floor":1,"turns":3},{"damage":2,"enemies":"Jaw Worm","floor":2,"turns":6},{"damage":16,"enemies":"Small Slimes","floor":5,"turns":5},{"damage":18,"enemies":"2 Fungi Beasts","floor":7,"turns":5},{"damage":10,"enemies":"Gremlin Nob","floor":10,"turns":3},{"damage":20,"enemies":"Exordium Thugs","floor":11,"turns":5},{"damage":0,"enemies":"Lagavulin","floor":14,"turns":4},{"damage":39,"enemies":"Hexaghost","floor":16,"turns":9},{"damage":13,"enemies":"3 Byrds","floor":18,"turns":4},{"damage":23,"enemies":"2 Thieves","floor":22,"turns":4},{"damage":30,"enemies":"Slavers","floor":23,"turns":4},{"damage":21,"enemies":"Snake Plant","floor":25,"turns":4},{"damage":29,"enemies":"Shelled Parasite and Fungi","floor":28,"turns":5},{"damage":33,"enemies":"Book of Stabbing","floor":30,"turns":4}],"seed_played":"5229365056612361144","potions_obtained":[{"floor":1,"key":"Regen Potion"},{"floor":7,"key":"BloodPotion"},{"floor":10,"key":"FearPotion"},{"floor":28,"key":"Ancient Potion"}],"is_trial":false,"path_per_floor":["M","M","?","T","M","R","M","R","T","E","M","?","?","E","R","B",null,"M","?","$","?","M","E","R","M","T","?","M","R","E"],"character_chosen":"IRONCLAD","items_purchased":["Dark Embrace","BloodPotion"],"campfire_rested":1,"item_purchase_floors":[20,20],"current_hp_per_floor":[55,59,48,48,38,38,26,26,26,31,32,50,55,61,61,28,67,60,60,60,60,46,25,25,27,27,27,7,33,0,0],"gold":36,"neow_bonus":"THREE_RARE_CARDS","is_daily":false,"chose_seed":false,"campfire_upgraded":4,"win_rate":0.0,"timestamp":1608498634,"path_taken":["M","M","?","?","M","R","M","R","T","E","M","?","?","E","R","BOSS","M","?","$","?","M","E","R","M","T","?","M","R","E"],"items_purchased_type":["Card","Potion"],"build_version":"2020-12-13","purchased_purges":1,"victory":false,"max_hp_per_floor":[75,75,75,75,75,75,75,75,75,75,75,75,80,80,80,80,80,80,80,80,80,83,86,86,86,86,86,89,89,89,89],"relic_stats":{"Happy Flower":[11],"counters":[14,65],"PreservedInsect":135,"Charon\u0027s Ashes":[19],"Juzu Bracelet":0,"Whetstone":["Strike_R","Anger"],"obtain_stats":[{"Happy Flower":14,"Vajra":9,"Velvet Choker":17,"PreservedInsect":4,"Charon\u0027s Ashes":26,"Juzu Bracelet":27,"Whetstone":10,"Burning Blood":0,"InkBottle":23},{"Happy Flower":7,"Vajra":4,"Velvet Choker":8,"PreservedInsect":2,"Charon\u0027s Ashes":12,"Juzu Bracelet":12,"Whetstone":5,"Burning Blood":0,"InkBottle":11},{"Happy Flower":31,"Vajra":19,"Velvet Choker":40,"PreservedInsect":9,"Charon\u0027s Ashes":56,"Juzu Bracelet":56,"Whetstone":22,"Burning Blood":0,"InkBottle":52}],"Burning Blood":78,"InkBottle":[4]},"card_choices":[{"not_picked":["Exhume","Barricade"],"picked":"Juggernaut","floor":0},{"not_picked":["Sentinel","Rage"],"picked":"True Grit","floor":1},{"not_picked":["Reckless Charge","Shrug It Off"],"picked":"Body Slam","floor":2},{"not_picked":["Seeing Red","Second Wind"],"picked":"Headbutt","floor":5},{"not_picked":["Heavy Blade","Body Slam"],"picked":"Anger","floor":7},{"not_picked":["Body Slam","Rampage"],"picked":"Shockwave","floor":10},{"not_picked":["Warcry","True Grit"],"picked":"Metallicize","floor":11},{"not_picked":["Clash","Juggernaut"],"picked":"Whirlwind","floor":14},{"not_picked":["Demon Form","Juggernaut"],"picked":"Feed","floor":16},{"not_picked":["Perfected Strike+1","Flex","Ghostly Armor"],"picked":"SKIP","floor":18},{"not_picked":["Carnage","Perfected Strike"],"picked":"Flame Barrier","floor":22},{"not_picked":["Burning Pact","Pummel"],"picked":"Feel No Pain","floor":23},{"not_picked":["Warcry","Thunderclap","Iron Wave"],"picked":"SKIP","floor":25},{"not_picked":["Pommel Strike","Clothesline","Warcry"],"picked":"SKIP","floor":28}],"player_experience":2816397,"relics_obtained":[{"floor":4,"key":"PreservedInsect"},{"floor":9,"key":"Vajra"},{"floor":10,"key":"Whetstone"},{"floor":14,"key":"Happy Flower"},{"floor":23,"key":"InkBottle"},{"floor":26,"key":"Charon\u0027s Ashes"}],"event_choices":[{"damage_healed":0,"gold_gain":75,"player_choice":"Gather Gold","damage_taken":11,"max_hp_gain":0,"max_hp_loss":0,"event_name":"World of Goop","floor":3,"gold_loss":0},{"damage_healed":18,"gold_gain":0,"player_choice":"Healed","damage_taken":0,"max_hp_gain":0,"max_hp_loss":0,"event_name":"The Cleric","floor":12,"gold_loss":35},{"damage_healed":0,"gold_gain":0,"player_choice":"Donut","damage_taken":0,"max_hp_gain":5,"max_hp_loss":0,"event_name":"Big Fish","floor":13,"gold_loss":0},{"cards_removed":["Strike_R"],"damage_healed":0,"gold_gain":0,"player_choice":"Gave Gold","damage_taken":0,"max_hp_gain":0,"max_hp_loss":0,"event_name":"Beggar","floor":19,"gold_loss":75},{"damage_healed":0,"gold_gain":0,"player_choice":"Ignored","damage_taken":0,"max_hp_gain":0,"max_hp_loss":0,"event_name":"Cursed Tome","floor":21,"gold_loss":0},{"damage_healed":0,"gold_gain":0,"player_choice":"Obtained Relic","damage_taken":0,"relics_obtained":["Juzu Bracelet"],"max_hp_gain":0,"max_hp_loss":0,"event_name":"Addict","floor":27,"gold_loss":85}],"is_beta":false,"boss_relics":[{"not_picked":["Black Star","Pandora\u0027s Box"],"picked":"Velvet Choker"}],"items_purged_floors":[20],"is_endless":false,"potions_floor_spawned":[1,7,10,28],"killed_by":"Book of Stabbing","ascension_level":20}}