{"host":"ywif2ugnepgiw45s","time":1608483385,"event":{"mods":["Act Like it!","BaseMod","Better Skull","Downfall","Elementarium","GifTheSpireLib","Hermit","Lobotomy","Marisa????????","Minty Spire (QoL Compilation)","READ ME - Guardian Mod","Shade Mod","Shop Mod","StSLib","The Cursed","The Jungle","The Runesmith"],"gold_per_floor":[111,111,127,127,127,154,154,179,179,193,205,239,249,263,263,364,364,378,378,378,394,394,394,424,0,0,0,0,11,35,69,69,182,182,193,193,212,236,236,236,271,271,322,322,353,412,412,412,412,412,412,412,24,59,59,59],"floor_reached":55,"playtime":2825,"items_purged":[],"score":768,"play_id":"08ae1f72-77af-4151-8ca8-3d9605d3a17e","local_time":"20201220115625","is_ascension_mode":true,"campfire_choices":[{"data":"hermit:Brawl","floor":7,"key":"SMITH"},{"floor":15,"key":"RECALL"},{"floor":23,"key":"REST"},{"data":"hermit:HighNoon","floor":28,"key":"SMITH"},{"floor":32,"key":"REST"},{"data":"hermit:FatalDesire","floor":40,"key":"SMITH"},{"floor":42,"key":"REST"},{"data":"hermit:FromBeyond","floor":44,"key":"SMITH"},{"data":"hermit:TakeCover","floor":47,"key":"SMITH"},{"floor":49,"key":"REST"},{"data":"hermit:Covet","floor":52,"key":"SMITH"}],"circlet_count":0,"master_deck":["hermit:Strike_Hermit+1","hermit:Strike_Hermit+1","hermit:Strike_Hermit+1","hermit:Defend_Hermit+1","hermit:Defend_Hermit+1","hermit:Defend_Hermit+1","hermit:Defend_Hermit+1","hermit:Snapshot","hermit:Covet+1","Pain","hermit:Brawl+1","hermit:FinalCanter","hermit:FromBeyond+1","hermit:HighNoon+1","hermit:GhostlyPresence","hermit:Maintenance+1","hermit:FatalDesire+1","hermit:ShadowCloak+1","hermit:TakeCover+1","Finesse","hermit:Misfire","hermit:RoundhouseKick","hermit:Gambit"],"relics":["hermit:ClaspedLocket","PreservedInsect","WarpedTongs","Torii","Eternal Feather","hermit:RedScarf","Vajra","CeramicFish","Tiny Chest","TheAbacus","Singing Bowl","Strawberry","Runesmith:UraniumAnvil","hermit:CharredGlove","Art of War","Juzu Bracelet","Bag of Preparation","Unceasing Top","Akabeko"],"acts_visited":["Exordium","TheCity","TheBeyond","TheEnding"],"potions_floor_usage":[16,18,33,50,55,55],"damage_taken":[{"damage":4,"enemies":"2 Louse","floor":1,"turns":3},{"damage":0,"enemies":"Small Slimes","floor":3,"turns":3},{"damage":27,"enemies":"Gremlin Nob","floor":6,"turns":4},{"damage":10,"enemies":"Lagavulin","floor":8,"turns":6},{"damage":0,"enemies":"Cultist","floor":10,"turns":3},{"damage":8,"enemies":"Exordium Thugs","floor":11,"turns":5},{"damage":1,"enemies":"Gremlin Nob","floor":12,"turns":3},{"damage":1,"enemies":"3 Louse","floor":13,"turns":3},{"damage":0,"enemies":"Looter","floor":14,"turns":3},{"damage":24,"enemies":"Slime Boss","floor":16,"turns":10},{"damage":23,"enemies":"Shell Parasite","floor":18,"turns":7},{"damage":31,"enemies":"3 Byrds","floor":21,"turns":8},{"damage":30,"enemies":"Gremlin Leader","floor":24,"turns":6},{"damage":18,"enemies":"Cultist and Chosen","floor":29,"turns":7},{"damage":1,"enemies":"Shelled Parasite and Fungi","floor":30,"turns":8},{"damage":27,"enemies":"Book of Stabbing","floor":31,"turns":7},{"damage":49,"enemies":"Automaton","floor":33,"turns":13},{"damage":0,"enemies":"Orb Walker","floor":35,"turns":5},{"damage":25,"enemies":"3 Darklings","floor":37,"turns":7},{"damage":9,"enemies":"4 Shapes","floor":38,"turns":7},{"damage":18,"enemies":"Nemesis","floor":41,"turns":7},{"damage":48,"enemies":"Reptomancer","floor":45,"turns":6},{"damage":14,"enemies":"Mind Bloom Boss Battle","floor":46,"turns":8},{"damage":16,"enemies":"Donu and Deca","floor":50,"turns":13},{"damage":50,"enemies":"Shield and Spear","floor":54,"turns":7},{"damage":98,"enemies":"The Heart","floor":55,"turns":13}],"seed_played":"-4310222360207714960","potions_obtained":[{"floor":1,"key":"Energy Potion"},{"floor":8,"key":"EssenceOfSteel"},{"floor":10,"key":"hermit:Eclipse"},{"floor":11,"key":"SkillPotion"},{"floor":21,"key":"FearPotion"},{"floor":24,"key":"SpeedPotion"},{"floor":29,"key":"hermit:Tonic"},{"floor":33,"key":"EssenceOfSteel"}],"is_trial":false,"path_per_floor":["M","?","M","?","$","E","R","E","T","M","M","E","M","M","R","B",null,"M","?","?","M","?","R","E","$","T","T","R","M","M","E","R","B",null,"M","?","M","M","T","R","E","R","T","R","E","?","R","?","R","B",null,"R","$","E","B"],"character_chosen":"HERMIT","items_purchased":["Tiny Chest","hermit:HighNoon","TheAbacus","Finesse","hermit:Misfire","hermit:RoundhouseKick","hermit:Gambit","Strength Potion"],"campfire_rested":4,"item_purchase_floors":[25,25,25,53,53,53,53,53],"current_hp_per_floor":[71,71,71,71,71,44,44,34,34,34,26,25,24,24,30,6,75,59,59,59,41,41,69,49,49,49,49,55,51,57,44,78,33,84,86,78,72,77,77,86,80,90,90,90,55,52,61,61,87,87,87,87,87,54,0,0],"gold":59,"neow_bonus":"RANDOM_COMMON_RELIC","is_daily":false,"chose_seed":false,"campfire_upgraded":6,"win_rate":0.0,"timestamp":1608483385,"path_taken":["M","?","M","?","$","E","R","E","T","M","?","E","M","M","R","BOSS","M","?","?","M","?","R","E","$","T","?","R","M","M","E","R","BOSS","M","?","?","M","?","R","E","R","T","R","E","?","R","?","R","BOSS","R","$","E","BOSS"],"items_purchased_type":["Relic","Card","Relic","Card","Card","Card","Card","Potion"],"build_version":"2020-12-13","purchased_purges":0,"victory":false,"max_hp_per_floor":[75,75,75,75,75,75,75,75,75,75,75,75,75,75,75,75,75,75,75,75,75,75,75,75,75,75,75,75,77,77,84,84,84,84,86,86,88,88,88,88,90,90,90,90,92,92,92,87,87,87,87,87,87,89,89,89],"card_choices":[{"not_picked":["hermit:NoHoldsBarred","hermit:CalledShot","hermit:WideOpen"],"picked":"SKIP","floor":1},{"not_picked":["hermit:ItchyTrigger","hermit:DeadMansHand","hermit:Glare"],"picked":"SKIP","floor":3},{"not_picked":["hermit:FlashPowder","hermit:FullyLoaded"],"picked":"hermit:Brawl","floor":6},{"not_picked":["hermit:LuckOfTheDraw","hermit:LowProfile","hermit:Horror"],"picked":"SKIP","floor":8},{"not_picked":["hermit:TrackingShot","hermit:Malice","hermit:Reprieve"],"picked":"SKIP","floor":10},{"not_picked":["hermit:SprayPray","hermit:Coalescence","hermit:Ricochet"],"picked":"SKIP","floor":11},{"not_picked":["hermit:HighCaliber","hermit:Combo"],"picked":"hermit:FinalCanter","floor":12},{"not_picked":["hermit:HoleUp","hermit:Snipe","hermit:SprayPray"],"picked":"SKIP","floor":13},{"not_picked":["hermit:Manifest","hermit:Virtue","hermit:Spite"],"picked":"SKIP","floor":14},{"not_picked":["hermit:OverwhelmingPower","hermit:Purgatory"],"picked":"hermit:FromBeyond","floor":16},{"not_picked":["hermit:TrackingShot","hermit:Brawl","hermit:Gestalt"],"picked":"SKIP","floor":18},{"not_picked":["hermit:Glare","hermit:EyeOfTheStorm+1","hermit:Snipe"],"picked":"SKIP","floor":21},{"not_picked":["hermit:Quickdraw","hermit:SprayPray","hermit:Grudge"],"picked":"SKIP","floor":24},{"not_picked":["hermit:Quickdraw","hermit:SprayPray","hermit:Grudge"],"picked":"SKIP","floor":24},{"not_picked":["hermit:Ricochet","hermit:Glare","hermit:Snipe+1"],"picked":"Singing Bowl","floor":29},{"not_picked":["hermit:Desperado+1","hermit:LowProfile"],"picked":"hermit:GhostlyPresence","floor":30},{"not_picked":["hermit:TrackingShot+1","hermit:Misfire+1"],"picked":"hermit:Maintenance+1","floor":31},{"not_picked":["hermit:BlackWind","hermit:Reprieve"],"picked":"hermit:FatalDesire","floor":33},{"not_picked":["hermit:Glare+1","hermit:Snipe+1","hermit:HoleUp"],"picked":"Singing Bowl","floor":35},{"not_picked":["hermit:LowProfile","hermit:Headshot+1","hermit:Desperado"],"picked":"Singing Bowl","floor":37},{"not_picked":["hermit:GoldenBullet","hermit:ItchyTrigger+1"],"picked":"hermit:ShadowCloak+1","floor":38},{"not_picked":["hermit:FullyLoaded+1","hermit:Coalescence+1","hermit:TrackingShot"],"picked":"Singing Bowl","floor":41},{"not_picked":["hermit:BigShot","hermit:Misfire+1","hermit:Manifest"],"picked":"Singing Bowl","floor":45},{"not_picked":["hermit:Misfire","hermit:LoneWolf+1"],"picked":"hermit:TakeCover","floor":46},{"not_picked":["hermit:Misfire+1","hermit:Vantage","hermit:DeadMansHand+1"],"picked":"Singing Bowl","floor":54}],"player_experience":1607329,"relics_obtained":[{"floor":6,"key":"Torii"},{"floor":8,"key":"Eternal Feather"},{"floor":9,"key":"hermit:RedScarf"},{"floor":12,"key":"Vajra"},{"floor":24,"key":"CeramicFish"},{"floor":26,"key":"Singing Bowl"},{"floor":31,"key":"Strawberry"},{"floor":39,"key":"hermit:CharredGlove"},{"floor":41,"key":"Art of War"},{"floor":43,"key":"Juzu Bracelet"},{"floor":45,"key":"Bag of Preparation"},{"floor":46,"key":"Unceasing Top"},{"floor":54,"key":"Akabeko"}],"event_choices":[{"cards_removed":["hermit:Strike_Hermit"],"damage_healed":0,"gold_gain":0,"player_choice":"Forget","damage_taken":0,"max_hp_gain":0,"max_hp_loss":0,"event_name":"Living Wall","floor":2,"gold_loss":0},{"damage_healed":0,"gold_gain":0,"player_choice":"Rummage","damage_taken":0,"relics_obtained":["WarpedTongs"],"max_hp_gain":0,"max_hp_loss":0,"event_name":"Accursed Blacksmith","floor":4,"gold_loss":0,"cards_obtained":["Pain"]},{"damage_healed":0,"gold_gain":0,"player_choice":"Ignored","damage_taken":0,"max_hp_gain":0,"max_hp_loss":0,"event_name":"Vampires","floor":19,"gold_loss":0},{"damage_healed":0,"gold_gain":0,"player_choice":"Simplicity","damage_taken":0,"max_hp_gain":0,"max_hp_loss":0,"event_name":"Back to Basics","floor":20,"gold_loss":0,"cards_upgraded":["hermit:Strike_Hermit","hermit:Strike_Hermit","hermit:Strike_Hermit","hermit:Defend_Hermit","hermit:Defend_Hermit","hermit:Defend_Hermit","hermit:Defend_Hermit"]},{"damage_healed":0,"gold_gain":0,"player_choice":"Ignored","damage_taken":0,"max_hp_gain":0,"max_hp_loss":0,"event_name":"Cursed Tome","floor":22,"gold_loss":0},{"damage_healed":0,"gold_gain":0,"player_choice":"Damaged","damage_taken":8,"max_hp_gain":0,"max_hp_loss":0,"event_name":"Wheel of Change","floor":36,"gold_loss":0},{"damage_healed":0,"gold_gain":0,"player_choice":"Fight","damage_taken":0,"max_hp_gain":0,"max_hp_loss":0,"event_name":"MindBloom","floor":46,"gold_loss":0},{"damage_healed":0,"gold_gain":0,"player_choice":"Max HP","damage_taken":0,"max_hp_gain":0,"max_hp_loss":5,"event_name":"Winding Halls","floor":48,"gold_loss":0}],"is_beta":false,"boss_relics":[{"not_picked":["Velvet Choker","Sozu"],"picked":"hermit:ClaspedLocket"},{"not_picked":["Black Star","Runic Dome"],"picked":"Runesmith:UraniumAnvil"}],"items_purged_floors":[],"is_endless":false,"potions_floor_spawned":[1,8,10,11,12,21,24,29,33,37,38,41],"killed_by":"The Heart","ascension_level":1}}