{"host":"442ay2jxamvm52hx","time":1608429550,"event":{"mods":["AchievementEnabler","BaseMod","Better Note","Better Third Choice","Downfall","Googly Eyes","Minty Spire (QoL Compilation)","Quick Restart","Replay The Spire","Spicy Shops","StSLib","The Animator","The Necromancer"],"gold_per_floor":[112,132,82,99,180,214,214,227,227,227,244,256,270,302,302,302,302,401,401,416,433,39,39,52,52,52,85,85,97,97,97,97],"floor_reached":31,"playtime":1694,"items_purged":["Voices","Injury"],"score":292,"play_id":"f8fdc3ec-c2fc-4b36-a135-b02e5128c25a","local_time":"20201219205910","is_ascension_mode":false,"campfire_choices":[{"data":"Uppercut","floor":7.0,"key":"SMITH"},{"data":"Whirlwind","floor":10.0,"key":"SMITH"},{"data":"Armaments","floor":17.0,"key":"SMITH"},{"data":"Barricade","floor":25,"key":"SMITH"},{"floor":30,"key":"REST"}],"circlet_count":0,"master_deck":["Strike_R","Strike_R","Strike_R","Defend_R","Defend_R+1","Defend_R+1","Defend_R","Bash","Replay:Undeath\u0027s Touch","Uppercut+1","Iron Wave","Flex","Cleave","Demonic Infusion","Whirlwind+1","Infernal Blade","Inflame","Barricade+1","Armaments+1","Demon Form","CommonCold","ReplayTheSpireMod:Doomed","ReplayTheSpireMod:Corrosion Curse","Body Slam","Metallicize","Flex","Shrug It Off","Inflame","Hemokinesis+1","Warcry+1"],"relics":["Burning Blood","King of Hearts","War Paint","Bag of Marbles","Pantograph","Replay:Ancient Bell","Smiling Mask","Replay:Bottled Flurry","Mango","Oddly Smooth Stone","Happy Flower","Durian"],"acts_visited":["Exordium","TheCity"],"potions_floor_usage":[27,27,29],"damage_taken":[{"damage":5.0,"enemies":"Cultist","floor":1.0,"turns":4.0},{"damage":1.0,"enemies":"Jaw Worm","floor":2.0,"turns":3.0},{"damage":6.0,"enemies":"2 Louse","floor":4.0,"turns":3.0},{"damage":25.0,"enemies":"Replay:BlueRogue","floor":6.0,"turns":5.0},{"damage":0.0,"enemies":"2 Fungi Beasts","floor":8.0,"turns":3.0},{"damage":0.0,"enemies":"Gremlin Gang","floor":11.0,"turns":3.0},{"damage":5.0,"enemies":"Looter","floor":12.0,"turns":2.0},{"damage":19.0,"enemies":"Exordium Thugs","floor":13.0,"turns":3.0},{"damage":9.0,"enemies":"3 Sentries","floor":14.0,"turns":3.0},{"damage":59.0,"enemies":"Hexaghost","floor":18.0,"turns":13.0},{"damage":12.0,"enemies":"3 Byrds","floor":20.0,"turns":7.0},{"damage":41.0,"enemies":"2 Thieves","floor":21.0,"turns":4.0},{"damage":12,"enemies":"Centurion and Healer","floor":24,"turns":6},{"damage":43,"enemies":"Book of Stabbing","floor":27,"turns":6},{"damage":33,"enemies":"Cultist and Chosen","floor":29,"turns":9},{"damage":42,"enemies":"Gremlin Leader","floor":31,"turns":4}],"seed_played":"3651517166926216","potions_obtained":[{"floor":1.0,"key":"FearPotion"},{"floor":6.0,"key":"Elixir"},{"floor":8.0,"key":"Dexterity Potion"},{"floor":21.0,"key":"champ:CounterPotion"},{"floor":27,"key":"LifebloodPotion"}],"is_trial":false,"path_per_floor":["M","M","?","M","?","E","R","M","T","R","M","M","M","E","PTL","PTL","R","B",null,"M","M","$","?","M","R","?","E","T","M","R","E"],"character_chosen":"IRONCLAD","items_purchased":["Oddly Smooth Stone","Metallicize","Flex","Shrug It Off","Regen Potion"],"campfire_rested":1,"item_purchase_floors":[22,22,22,22,22],"current_hp_per_floor":[80,80,80,80,60,41,41,47,47,47,53,54,41,38,38,38,38,10,94,88,53,53,53,47,47,47,32,37,10,39,0,0],"gold":97,"neow_bonus":"THREE_CARDS","is_daily":false,"chose_seed":false,"campfire_upgraded":4,"win_rate":0.0,"timestamp":1608429550,"path_taken":["M","M","?","M","?","E","R","M","T","R","?","?","M","E","PTL","PTL","R","BOSS","M","M","$","?","?","R","?","E","T","M","R","E"],"items_purchased_type":["Relic","Card","Card","Card","Potion"],"build_version":"2020-12-13","purchased_purges":2,"victory":false,"max_hp_per_floor":[80,80,80,80,80,80,80,80,80,80,80,80,80,80,80,80,80,80,94,94,94,94,94,94,94,94,94,99,99,99,99,99],"card_choices":[{"not_picked":["ReplayTheSpireMod:Corrosion Curse","Combust"],"picked":"Replay:Undeath\u0027s Touch","floor":0.0},{"not_picked":["Heavy Blade","ReplayTheSpireMod:Stacked"],"picked":"Uppercut","floor":1.0},{"not_picked":["Combust","Massacre"],"picked":"Iron Wave","floor":2.0},{"not_picked":["Sever Soul","ReplayTheSpireMod:Stacked"],"picked":"Flex","floor":4.0},{"not_picked":["Rampage","Thunderclap"],"picked":"Cleave","floor":5.0},{"not_picked":["Intimidate","Perfected Strike"],"picked":"Demonic Infusion","floor":6.0},{"not_picked":["ReplayTheSpireMod:Strike From Hell","Second Wind"],"picked":"Whirlwind","floor":8.0},{"not_picked":["Reckless Charge","Run Through"],"picked":"Infernal Blade","floor":11.0},{"not_picked":["Sword Boomerang","Ghostly Armor"],"picked":"Inflame","floor":12.0},{"not_picked":["Wild Strike","Fire Breathing"],"picked":"Barricade","floor":13.0},{"not_picked":["Dark Embrace","Headbutt"],"picked":"Armaments","floor":14.0},{"not_picked":["Berserk","Exhume"],"picked":"Demon Form","floor":18.0},{"not_picked":["sneckomod:Bewildered","Delirium"],"picked":"CommonCold","floor":19.0},{"not_picked":["Shame","animator:Curse_Nutcracker"],"picked":"ReplayTheSpireMod:Doomed","floor":19.0},{"not_picked":["Amnesia","Pain"],"picked":"Voices","floor":19.0},{"not_picked":["Dropkick","Defy Death"],"picked":"ReplayTheSpireMod:Corrosion Curse","floor":20.0},{"not_picked":["Thunderclap","Flame Barrier"],"picked":"Body Slam","floor":21.0},{"not_picked":["Twin Strike","Run Through"],"picked":"Hemokinesis+1","floor":24},{"not_picked":["Replay:Many Hands","Headbutt"],"picked":"Warcry+1","floor":27},{"not_picked":["ReplayTheSpireMod:Strike From Hell","Intimidate","Flex"],"picked":"SKIP","floor":29}],"player_experience":44504,"relics_obtained":[{"floor":5.0,"key":"King of Hearts"},{"floor":6.0,"key":"War Paint"},{"floor":9.0,"key":"Bag of Marbles"},{"floor":14.0,"key":"Pantograph"},{"floor":27,"key":"Happy Flower"},{"floor":28,"key":"Durian"}],"event_choices":[{"cards_removed":["Strike_R"],"damage_healed":0.0,"max_hp_gain":0.0,"max_hp_loss":0.0,"gold_gain":0.0,"event_name":"The Cleric","player_choice":"Card Removal","floor":3.0,"gold_loss":50.0,"damage_taken":0.0},{"damage_healed":0.0,"max_hp_gain":0.0,"max_hp_loss":0.0,"gold_gain":0.0,"cards_transformed":["Strike_R"],"event_name":"Transmorgrifier","player_choice":"Transformed","floor":23.0,"gold_loss":0.0,"damage_taken":0.0,"cards_obtained":["Inflame"]},{"cards_removed":["Replay:Undeath\u0027s Touch"],"damage_healed":0,"gold_gain":0,"player_choice":"Give","damage_taken":0,"max_hp_gain":0,"max_hp_loss":0,"event_name":"betterNote:BetterNote","floor":26,"gold_loss":0,"cards_obtained":["Strike_R"]}],"is_beta":false,"boss_relics":[{"not_picked":["Velvet Choker","Runic Pyramid"],"picked":"Replay:Ancient Bell"},{"not_picked":["Replay:Mystery Machine","Replay:Rubber Ducky"],"picked":"Smiling Mask"},{"not_picked":["Shuriken","Replay:Accelerometer"],"picked":"Replay:Bottled Flurry"},{"not_picked":["Peace Pipe","Another Sword"],"picked":"Mango"}],"items_purged_floors":[22,22],"is_endless":false,"potions_floor_spawned":[1,6,8,14,21,27],"killed_by":"Gremlin Leader","ascension_level":0}}