{"host":"8dhn6p16jorj0i1s","time":1608504524,"event":{"mods":["BaseMod","Colored Map","DeckTracker","Minty Spire (QoL Compilation)","Permanent Neow","Quick Restart"],"gold_per_floor":[110,124,124,138,138,138,182,30,30,50,65,65,101,101,101,230,230,250,250,150,169,44,44,44],"floor_reached":23,"playtime":1024,"items_purged":["Regret","Strike_R","Strike_R"],"score":249,"play_id":"a8cc7733-394c-46db-9bec-5d2485dcf061","local_time":"20201220234844","is_ascension_mode":true,"campfire_choices":[{"data":"Bash","floor":6.0,"key":"SMITH"},{"floor":12.0,"key":"REST"},{"data":"Flame Barrier","floor":15.0,"key":"SMITH"}],"circlet_count":0,"master_deck":["Strike_R","Strike_R","Defend_R","Defend_R","Defend_R","Defend_R","Bash+1","CurseOfTheBell","Clash","Flame Barrier+1","Metallicize","Body Slam","Combust","Berserk","Carnage+1"],"relics":["Calling Bell","Toy Ornithopter","Mercury Hourglass","StoneCalendar","Golden Idol","Turnip","Pantograph","Prayer Wheel","HornCleat","Sozu","Enchiridion"],"acts_visited":["Exordium","TheCity"],"potions_floor_usage":[23],"damage_taken":[{"damage":5.0,"enemies":"Small Slimes","floor":1.0,"turns":3.0},{"damage":2.0,"enemies":"2 Louse","floor":2.0,"turns":3.0},{"damage":2.0,"enemies":"Jaw Worm","floor":4.0,"turns":2.0},{"damage":33.0,"enemies":"Gremlin Nob","floor":7.0,"turns":5.0},{"damage":8.0,"enemies":"Large Slime","floor":10.0,"turns":6.0},{"damage":6.0,"enemies":"Blue Slaver","floor":11.0,"turns":3.0},{"damage":29.0,"enemies":"Lagavulin","floor":13.0,"turns":7.0},{"damage":25.0,"enemies":"Hexaghost","floor":16.0,"turns":9.0},{"damage":17.0,"enemies":"Chosen","floor":18.0,"turns":4.0},{"damage":1.0,"enemies":"2 Thieves","floor":21.0,"turns":4.0},{"damage":31,"enemies":"Book of Stabbing","floor":23,"turns":4}],"seed_played":"-2901173773673803537","potions_obtained":[{"floor":1.0,"key":"SpeedPotion"},{"floor":4.0,"key":"EssenceOfSteel"},{"floor":11.0,"key":"DistilledChaos"}],"is_trial":false,"path_per_floor":["M","M","?","M","?","R","E","$","T","M","M","R","E","?","R","B",null,"M","?","$","M","$","E"],"character_chosen":"IRONCLAD","items_purchased":["Metallicize"],"campfire_rested":1,"item_purchase_floors":[8],"current_hp_per_floor":[75,73,73,71,71,71,41,41,41,33,27,49,20,13,13,18,60,43,27,27,26,26,0,0],"gold":44,"neow_bonus":"BOSS_RELIC","is_daily":false,"chose_seed":false,"campfire_upgraded":2,"win_rate":0.0,"timestamp":1608504524,"path_taken":["M","M","?","M","?","R","E","$","T","M","M","R","E","?","R","BOSS","M","?","$","M","$","E"],"items_purchased_type":["Card"],"build_version":"2020-12-13","purchased_purges":3,"victory":false,"max_hp_per_floor":[80,80,74,74,74,74,74,74,74,74,74,74,74,74,74,74,74,74,74,74,74,74,74,74],"card_choices":[{"not_picked":["Sword Boomerang","Havoc"],"picked":"Clash","floor":1.0},{"not_picked":["Cleave","Thunderclap","Body Slam"],"picked":"SKIP","floor":2.0},{"not_picked":["Wild Strike","Iron Wave","Spot Weakness"],"picked":"SKIP","floor":4.0},{"not_picked":["Flex","Heavy Blade"],"picked":"Flame Barrier","floor":7.0},{"not_picked":["Whirlwind","Feed"],"picked":"Body Slam","floor":10.0},{"not_picked":["Havoc","Perfected Strike","Twin Strike"],"picked":"SKIP","floor":10.0},{"not_picked":["Cleave","Hemokinesis"],"picked":"Combust","floor":11.0},{"not_picked":["Anger","Wild Strike","Warcry"],"picked":"SKIP","floor":11.0},{"not_picked":["Clothesline","Headbutt","Rage"],"picked":"SKIP","floor":13.0},{"not_picked":["Immolate","Exhume"],"picked":"Berserk","floor":16.0},{"not_picked":["Clothesline","Havoc","Whirlwind"],"picked":"SKIP","floor":18.0},{"not_picked":["Perfected Strike+1","Clothesline","Rampage"],"picked":"SKIP","floor":18.0},{"not_picked":["Armaments","Pommel Strike"],"picked":"Carnage+1","floor":21.0},{"not_picked":["Headbutt","Flex","Anger"],"picked":"SKIP","floor":21.0}],"player_experience":329755,"relics_obtained":[{"floor":0.0,"key":"Toy Ornithopter"},{"floor":0.0,"key":"Mercury Hourglass"},{"floor":0.0,"key":"StoneCalendar"},{"floor":7.0,"key":"Pantograph"},{"floor":9.0,"key":"Prayer Wheel"},{"floor":13.0,"key":"HornCleat"},{"floor":19.0,"key":"Enchiridion"}],"event_choices":[{"damage_healed":0.0,"max_hp_gain":0.0,"max_hp_loss":6.0,"gold_gain":0.0,"event_name":"Golden Idol","player_choice":"Lose Max HP","floor":3.0,"gold_loss":0.0,"damage_taken":0.0,"relics_obtained":["Golden Idol"]},{"damage_healed":0.0,"max_hp_gain":0.0,"max_hp_loss":0.0,"gold_gain":0.0,"event_name":"Big Fish","player_choice":"Box","floor":5.0,"gold_loss":0.0,"damage_taken":0.0,"relics_obtained":["Turnip"],"cards_obtained":["Regret"]},{"cards_removed":["Strike_R"],"damage_healed":0.0,"max_hp_gain":0.0,"max_hp_loss":0.0,"gold_gain":0.0,"event_name":"Golden Wing","player_choice":"Card Removal","floor":14.0,"gold_loss":0.0,"damage_taken":7.0},{"damage_healed":0.0,"max_hp_gain":0.0,"max_hp_loss":0.0,"gold_gain":0.0,"event_name":"Cursed Tome","player_choice":"Obtained Book","floor":19.0,"gold_loss":0.0,"damage_taken":16.0}],"is_beta":false,"boss_relics":[{"not_picked":["Snecko Eye","Black Star"],"picked":"Sozu"}],"items_purged_floors":[8,20,22],"is_endless":false,"potions_floor_spawned":[1,4,11,18],"killed_by":"Book of Stabbing","ascension_level":5}}