{"host":"7vidw0fny0glz923","time":1608467484,"event":{"mods":["Act Like it!","BaseMod","Challenge The Spire","Downfall","Friendly Minions","HololiveMod","KinomotoSakuraMod(木之本樱)","Kiyohime（清姬）","KomeijiMod","Lobotomy","Marisa（F雨　魔理沙）","Minty Spire (QoL Compilation)","MostiFishMod","Pale of the Ancients","READ ME - Guardian Mod","Reimu（博丽灵梦）","Remilia（蕾米莉亚）","Replay The Spire","RumiaBox-露米娅的神秘盒子","Shop Mod","StSLib","TestMod","The Cursed","The Jungle","The Poker Player","The Servant 0.9.4","Youmu（魂魄妖梦）","[地精首领爬塔]The Maniac","【东方二次创作】八云紫mod","【遗物卡牌】REMEMod"],"gold_per_floor":[117,134,145,145,145,165,200,165,165,165,165,165,175,191,191,191,191,262,262,277,277,277,277,277,277,289,289,319,319,346,346,366,366,383,483,483,557,557,571,669,669,703,703,703,732,732,732,777,819,819,856,856,856,856,856,856,892,920,920],"floor_reached":60,"playtime":1894,"items_purged":["Strike_P","Defend_P","Strike_P","Defend_P","BigBadWolf"],"score":2040,"play_id":"b04210f8-d78b-4636-b14f-3f40a4c88afb","local_time":"20201220123124","is_ascension_mode":true,"campfire_choices":[{"floor":10.0,"key":"REST"},{"data":"testmod-AutoReboundSystem","floor":12.0,"key":"SMITH"},{"data":"LessonLearned","floor":17.0,"key":"SMITH"},{"data":"BattleHymn","floor":27.0,"key":"SMITH"},{"data":"Tantrum","floor":31.0,"key":"SMITH"},{"floor":33.0,"key":"REST"},{"floor":36.0,"key":"RECALL"},{"data":"Study","floor":44.0,"key":"SMITH"},{"floor":46.0,"key":"REST"},{"floor":53.0,"key":"REST"},{"floor":56.0,"key":"REST"}],"circlet_count":0,"master_deck":["Apo_SoulSlash","Apo_Charge","Apo_Charge","Apo_Charge","Apo_Charge","Apo_Beam","Apo_Beam","Apo_Beam","Apo_Execute","Apo_Slash","Apo_Slash","Apo_SoulSlash","Protect+1","Pot Of Greed","Pot Of Greed","TalkToTheHand","Replay:SS_hec_1"],"relics":["PureWater","testmod-TestBox","DaveBox","REME_ComplimentaryCards","DiscerningMonocle","testmod-CyclicPeriapt","CogitoBucket","Question Card","Dodecahedron","testmod-Motorcycle","Pen Nib","MerchantsRug","Vajra","testmod-OneHitWonder","Oddly Smooth Stone","Lee\u0027s Waffle","ChangeAnything","FrostBlade","Iron Hammer","StrikeDummy","Toolbox","ReplayTheSpireMod:TigerMarble","Technique","testmod-Fortitude","MagicDraw1","Replay:WaspNest","Bag of Preparation","Clue","RhineCircuit","Tea:ReiMu","SentryEyes","TheAbacus","Question Card","StoneCalendar","testmod-Déjàvu","Clue","CeramicFish","Bronze Scales","testmod-InjuryResistance","Durian","MagicDraw2","ApostleMask","Pet Ghost","Civilization","Strange Spoon","Grinning Jar","Replay:Ringing Soul","Ying","testmod-Muramasa"],"acts_visited":["Exordium","theJungle:Jungle","TheBeyond","TheEnding"],"potions_floor_usage":[59,59],"damage_taken":[{"damage":9.0,"enemies":"2 Louse","floor":1.0,"turns":3.0},{"damage":9.0,"enemies":"Jaw Worm","floor":2.0,"turns":5.0},{"damage":0.0,"enemies":"Cultist","floor":3.0,"turns":2.0},{"damage":16.0,"enemies":"Exordium Thugs","floor":6.0,"turns":4.0},{"damage":15.0,"enemies":"3 Sentries","floor":7.0,"turns":5.0},{"damage":16.0,"enemies":"3 Louse","floor":13.0,"turns":2.0},{"damage":6.0,"enemies":"2 Fungi Beasts","floor":14.0,"turns":2.0},{"damage":46.0,"enemies":"Hexaghost","floor":18.0,"turns":8.0},{"damage":8.0,"enemies":"theJungle:MUSHROOMGANG","floor":20.0,"turns":3.0},{"damage":0.0,"enemies":"theJungle:GiantWrat","floor":26.0,"turns":1.0},{"damage":0.0,"enemies":"theJungle:MamaSnecko","floor":28.0,"turns":3.0},{"damage":31.0,"enemies":"theJungle:Lyon","floor":32.0,"turns":2.0},{"damage":0.0,"enemies":"theJungle:SlimyTreeVines","floor":34.0,"turns":2.0},{"damage":0.0,"enemies":"theJungle:QueenSpyder","floor":37.0,"turns":3.0},{"damage":0.0,"enemies":"3 Darklings","floor":39.0,"turns":2.0},{"damage":0.0,"enemies":"Orb Walker","floor":40.0,"turns":2.0},{"damage":0.0,"enemies":"R_Hoarder","floor":45.0,"turns":2.0},{"damage":0.0,"enemies":"2 Orb Walkers","floor":48.0,"turns":2.0},{"damage":0.0,"enemies":"Nemesis","floor":49.0,"turns":2.0},{"damage":1.0,"enemies":"Giant Head","floor":51.0,"turns":4.0},{"damage":35.0,"enemies":"Replay:Hell Engine","floor":54.0,"turns":5.0},{"damage":1,"enemies":"Shield and Spear","floor":58,"turns":3},{"damage":41,"enemies":"The Heart","floor":59,"turns":5}],"seed_played":"3795790130981387478","potions_obtained":[{"floor":3.0,"key":"Fire Potion"},{"floor":6.0,"key":"champ:CounterPotion"},{"floor":18.0,"key":"Slimebound:ThreeZeroPotion"},{"floor":20.0,"key":"testmod-SpacePotion"}],"is_trial":false,"path_per_floor":["M","M","M","?","$","M","E","?","T","R","$","R","M","M","PTL","PTL","R","B",null,"M","T","$","PTL","PTL","$","M","R","E","?","T","R","M","R","M","?","R","B",null,"M","M","$","?","$","R","E","R","T","?","E","M","E","$","R","B",null,"R","$","E","B",null],"character_chosen":"WATCHER","items_purchased":["Dodecahedron","testmod-Motorcycle","Pen Nib","PowerPotion","CutThroughFate","testmod-AutoReboundSystem","MerchantsRug","Replay:SS_hec_1","testmod-OneHitWonder","Fruit Juice","TalkToTheHand","Searching","Oddly Smooth Stone","Fire Potion","Lee\u0027s Waffle","StrikeDummy","Toolbox","ReplayTheSpireMod:TigerMarble","BattleHymn","MostiFishMod:PerfectForm","Technique","testmod-Fortitude","MagicDraw1","Fire Potion","MagicPotion:ReiMu","Tea:ReiMu","SentryEyes","TheAbacus","StoneCalendar","testmod-Déjàvu","Study","Civilization","Strange Spoon","Grinning Jar","Replay:Ringing Soul","Ying","TalkToTheHand","Replay:SS_hec_1"],"campfire_rested":5,"item_purchase_floors":[5,5,5,5,5,5,5,5,11,11,11,11,11,11,11,22,22,22,22,22,25,25,25,25,25,41,41,41,43,43,43,52,52,57,57,57,57,57],"current_hp_per_floor":[52,43,43,43,43,27,12,12,12,32,80,80,64,58,58,58,58,12,63,55,55,55,55,55,55,55,55,55,55,55,55,32,56,68,60,60,60,75,75,76,76,44,44,44,44,68,68,80,85,77,76,76,76,88,88,88,88,87,46],"gold":920,"neow_bonus":"","is_daily":false,"chose_seed":false,"campfire_upgraded":5,"win_rate":0.0,"timestamp":1608467484,"path_taken":["M","M","M","?","$","M","E","?","T","R","?","R","M","M","PTL","PTL","R","BOSS","M","?","$","PTL","PTL","?","M","R","E","?","T","R","?","R","M","?","R","BOSS","M","M","$","?","$","R","E","R","T","?","E","M","E","$","R","BOSS","R","$","E","BOSS"],"items_purchased_type":["Relic","Relic","Relic","Potion","Card","Card","Relic","Card","Relic","Potion","Card","Card","Relic","Potion","Relic","Relic","Relic","Relic","Card","Card","Relic","Relic","Relic","Potion","Potion","Relic","Relic","Relic","Relic","Relic","Card","Relic","Relic","Relic","Relic","Relic","Card","Card"],"build_version":"2020-12-13","purchased_purges":5,"victory":true,"max_hp_per_floor":[68,68,68,68,68,68,68,68,68,68,80,80,80,80,80,80,80,80,80,80,80,80,80,80,80,80,80,80,80,80,80,80,80,80,80,80,80,80,80,80,80,80,80,80,80,80,80,80,85,85,85,85,85,88,88,88,91,96,102],"card_choices":[{"not_picked":["FairyFestival","WallGazer","OldLady"],"picked":"Singing Bowl","floor":1.0},{"not_picked":["LittleHelper","PunishingBird"],"picked":"ShyLook","floor":1.0},{"not_picked":["JustLucky","Prostrate","ClearTheMind"],"picked":"SKIP","floor":1.0},{"not_picked":["WallGazer","Bloodbath","Scorched"],"picked":"Singing Bowl","floor":2.0},{"not_picked":["MeatLantern","Wellcheers"],"picked":"QueenBee","floor":2.0},{"not_picked":["REME_MusicOfDeath","Replay:AtTheReady","REME_Repentance"],"picked":"CarveReality","floor":2.0},{"not_picked":["Bloodbath","FairyFestival","UniverseFragment"],"picked":"Singing Bowl","floor":3.0},{"not_picked":["Freischutz","OldLady"],"picked":"VoidDream","floor":3.0},{"not_picked":["MostiFishMod:Speedup","Prostrate","Replay:BluntJabs"],"picked":"Consecrate","floor":3.0},{"not_picked":["OldLady","BeautyBeast","Woodsman"],"picked":"Singing Bowl","floor":6.0},{"not_picked":["FieryBird","Bloodbath"],"picked":"BigBadWolf","floor":6.0},{"not_picked":["Adaptation","Vengeance","ClearTheMind"],"picked":"Tantrum","floor":6.0},{"not_picked":["CherryBlossoms","Scorched","FairyFestival"],"picked":"Singing Bowl","floor":7.0},{"not_picked":["Sanctity","MostiFishMod:Nomercy","SignatureMove","ClearTheMind"],"picked":"SKIP","floor":7.0},{"not_picked":["Scorched","Wellcheers"],"picked":"SnowQueen","floor":13.0},{"not_picked":["ThirdEye","PathToVictory","Replay:BluntJabs","Consecrate"],"picked":"SKIP","floor":13.0},{"not_picked":["Crescendo","REME_Repentance","FlurryOfBlows","ClearTheMind"],"picked":"SKIP","floor":13.0},{"not_picked":["Scarecrow","Bloodbath"],"picked":"HappyTeddy","floor":14.0},{"not_picked":["REME_Repentance","Conclude","TalkToTheHand"],"picked":"LessonLearned","floor":14.0},{"not_picked":["CherryBlossoms","BigBird","MeatLantern"],"picked":"Singing Bowl","floor":18.0},{"not_picked":["HeroicMonk","LittleHelper"],"picked":"UniverseFragment","floor":18.0},{"not_picked":["OldLady","GalaxyChild","BigBird"],"picked":"Singing Bowl","floor":20.0},{"not_picked":["Study","Protect","Fasting2"],"picked":"DeceiveReality","floor":20.0},{"not_picked":["MHz","Variant","GalaxyChild"],"picked":"Singing Bowl","floor":26.0},{"not_picked":["Replay:DivineShield","Replay:AtTheReady","MostiFishMod:Disappear"],"picked":"MostiFishMod:LegendTransform","floor":26.0},{"not_picked":["RedShoes","NakedNest"],"picked":"CENSORED","floor":28.0},{"not_picked":["FollowUp","CarveReality","Evaluate"],"picked":"BowlingBash","floor":28.0},{"not_picked":["Bloodbath","GalaxyChild","OldLady"],"picked":"Singing Bowl","floor":32.0},{"not_picked":["FollowUp","Replay:Anticipation","Worship","Alpha"],"picked":"SKIP","floor":32.0},{"not_picked":["WallGazer","DreamingCurrent","BeautyBeast"],"picked":"Singing Bowl","floor":34.0},{"not_picked":["Scorched","GreedKing"],"picked":"BlackArmy","floor":34.0},{"not_picked":["EmptyBody+1","Meditate","REME_MusicOfDeath","SashWhip"],"picked":"SKIP","floor":34.0},{"not_picked":["LittlePrince","MeatLantern","Scorched"],"picked":"Singing Bowl","floor":37.0},{"not_picked":["GreedKing","BigBird"],"picked":"DespairKnight","floor":37.0},{"not_picked":["MeatLantern","CherryBlossoms","LaLuna"],"picked":"Singing Bowl","floor":39.0},{"not_picked":["Protect+1","FlyingSleeves","FollowUp","Replay:Hum"],"picked":"SKIP","floor":39.0},{"not_picked":["Replay:ManipulateFuture","Crescendo","ClearTheMind"],"picked":"CutThroughFate","floor":40.0},{"not_picked":["Mercenary","Wellcheers","Rudolta"],"picked":"Singing Bowl","floor":40.0},{"not_picked":["MeltingLove","NothingThere"],"picked":"QueenOfHatred","floor":40.0},{"not_picked":["JustLucky","Replay:BluntJabs","Consecrate","Blasphemy"],"picked":"SKIP","floor":40.0},{"not_picked":["REME_Repentance","PathToVictory","Replay:AtTheReady"],"picked":"Evaluate","floor":42.0},{"not_picked":["BigBird","PunishingBird"],"picked":"PlagueDoctor","floor":45.0},{"not_picked":["REME_WorshipGod","FollowUp+1","Protect","FlurryOfBlows","Nirvana"],"picked":"SKIP","floor":45.0},{"not_picked":["PathToVictory","SashWhip","Brilliance","ReachHeaven+1","Meditate"],"picked":"SKIP","floor":45.0},{"not_picked":["MeltingLove","SilentOrchestra","LongBird"],"picked":"Singing Bowl","floor":48.0},{"not_picked":["SilentOrchestra","Rudolta"],"picked":"MeltingLove","floor":49.0},{"not_picked":["MostiFishMod:StarLaLaLa","BowlingBash","FlurryOfBlows","Crescendo","EmptyBody"],"picked":"SKIP","floor":49.0},{"not_picked":["GreedKing","Funeral","BodiesMountain"],"picked":"Singing Bowl","floor":51.0},{"not_picked":["Consecrate","Evaluate","FlurryOfBlows","MostiFishMod:Nomercy"],"picked":"Protect+1","floor":51.0},{"not_picked":["SilentOrchestra","RedShoes","HeroicMonk"],"picked":"Singing Bowl","floor":58},{"not_picked":["PathToVictory","Swivel","MostiFishMod:StarLaLaLa","Replay:AtTheReady","Crescendo"],"picked":"SKIP","floor":58}],"player_experience":870410,"relics_obtained":[{"floor":1.0,"key":"Question Card"},{"floor":7.0,"key":"Vajra"},{"floor":21.0,"key":"Iron Hammer"},{"floor":28.0,"key":"Replay:WaspNest"},{"floor":30.0,"key":"Bag of Preparation"},{"floor":37.0,"key":"Clue"},{"floor":42.0,"key":"Question Card"},{"floor":45.0,"key":"Clue"},{"floor":45.0,"key":"CeramicFish"},{"floor":47.0,"key":"Bronze Scales"},{"floor":48.0,"key":"testmod-InjuryResistance"},{"floor":49.0,"key":"Durian"},{"floor":49.0,"key":"MagicDraw2"},{"floor":51.0,"key":"Pet Ghost"},{"floor":58,"key":"testmod-Muramasa"}],"event_choices":[{"damage_healed":0.0,"max_hp_gain":0.0,"max_hp_loss":0.0,"gold_gain":0.0,"event_name":"Living Wall","player_choice":"Grow","floor":4.0,"gold_loss":0.0,"damage_taken":0.0,"cards_upgraded":["Eruption"]},{"damage_healed":0.0,"max_hp_gain":0.0,"max_hp_loss":0.0,"gold_gain":0.0,"event_name":"World of Goop","player_choice":"Left Gold","floor":8.0,"gold_loss":35.0,"damage_taken":0.0},{"damage_healed":0.0,"max_hp_gain":0.0,"max_hp_loss":0.0,"gold_gain":0.0,"event_name":"Accursed Blacksmith","player_choice":"Forge","floor":29.0,"gold_loss":0.0,"damage_taken":0.0,"cards_upgraded":["TalkToTheHand"]},{"damage_healed":0.0,"max_hp_gain":0.0,"max_hp_loss":0.0,"gold_gain":0.0,"event_name":"Mysterious Sphere","player_choice":"Fight","floor":48.0,"gold_loss":0.0,"damage_taken":0.0}],"is_beta":false,"boss_relics":[{"not_picked":["MostiFishMod:Hod","ChewingGum"],"picked":"FrostBlade"},{"not_picked":["Replay:Ancient Bell","Hololive_TopUpMoneyS"],"picked":"RhineCircuit"}],"items_purged_floors":[5,11,22,25,41],"is_endless":false,"potions_floor_spawned":[3,6,18,20,32,34,39,40,51],"ascension_level":15}}