{"host":"ix2a18c4ohfsrslv","time":1608443855,"event":{"mods":["BaseMod","Better Third Choice","Challenge The Spire","Downfall","Marisa????????","Minty Spire (QoL Compilation)","Replay The Spire","StSLib","The Blue Laboratory"],"gold_per_floor":[117,167,167,16,34,47,64,74,74,108,108,120,20,35,35,135,135,146,146,146,30,30,56,66,66,66,166,184,184,184,96,111,123,123,222,222,232,244,291,311,311,311,342,342,342,342,360,453,453,191,191,191],"floor_reached":53,"playtime":3169,"items_purged":["Strike_G","Doubt","Shame"],"score":709,"play_id":"7a1af7fe-b184-4a9e-ae70-b07f87b9ca63","local_time":"20201219215735","is_ascension_mode":false,"campfire_choices":[{"data":"ReplayTheSpireMod:Scrap Shanks","floor":15,"key":"SMITH"},{"data":"Prepared","floor":25,"key":"SMITH"},{"data":"Neutralize","floor":34,"key":"PURGE"},{"data":"Looming Evil","floor":44,"key":"PURGE"},{"data":"Regret","floor":46,"key":"PURGE"},{"data":"Defend_G","floor":51,"key":"PURGE"}],"circlet_count":0,"master_deck":["Defend_G","Defend_G+1","Defend_G+1","Defend_G","Survivor","ReplayTheSpireMod:Scrap Shanks+1","Sucker Punch","Dagger Throw","Prepared+1","Underhanded Strike","Prepared","ReplayTheSpireMod:Scrap Shanks+1","Malaise+1","Prepared","ReplayTheSpireMod:Shiv Toss+1","Blade Dance+1","Hidden Blade","Tactician+1","Endless Agony+1","Tools of the Trade+1","ReplayTheSpireMod:Scrap Shanks+1"],"relics":["Ring of the Snake","Ring of Greed","Golden Egg","Membership Card","War Paint","Sling","Matryoshka","Chameleon Ring","Empty Cage","MutagenicStrength","Pet Ghost","Replay:Mystery Machine","CaptainsWheel","Replay:Kaleidoscope","Snack Pack","Busted Crown","Replay:Multitool","Mango","Oddly Smooth Stone","ReplayTheSpireMod:Ninjato","Guide Book","Letter Opener"],"acts_visited":["Exordium","TheCity","TheBeyond"],"potions_floor_usage":[16,18,23,27,27,31,38,43,43,43,52],"damage_taken":[{"damage":1,"enemies":"2 Louse","floor":1,"turns":4},{"damage":4,"enemies":"Small Slimes","floor":5,"turns":4},{"damage":1,"enemies":"Cultist","floor":6,"turns":4},{"damage":2,"enemies":"Looter","floor":7,"turns":4},{"damage":1,"enemies":"Blue Slaver","floor":8,"turns":5},{"damage":5,"enemies":"Gremlin Nob","floor":10,"turns":3},{"damage":0,"enemies":"Exordium Wildlife","floor":12,"turns":4},{"damage":4,"enemies":"Large Slime","floor":14,"turns":3},{"damage":8,"enemies":"Hexaghost","floor":16,"turns":9},{"damage":16,"enemies":"Spheric Guardian","floor":18,"turns":5},{"damage":4,"enemies":"Book of Stabbing","floor":23,"turns":3},{"damage":6,"enemies":"2 Thieves","floor":24,"turns":2},{"damage":12,"enemies":"Colosseum Slavers","floor":27,"turns":3},{"damage":21,"enemies":"Colosseum Nobs","floor":27,"turns":3},{"damage":1,"enemies":"Shelled Parasite and Fungi","floor":28,"turns":2},{"damage":6,"enemies":"Chosen and Byrds","floor":31,"turns":3},{"damage":4,"enemies":"Snake Plant","floor":32,"turns":3},{"damage":18,"enemies":"Shelled Parasite and Fungi","floor":33,"turns":3},{"damage":22,"enemies":"Automaton","floor":35,"turns":4},{"damage":2,"enemies":"3 Darklings","floor":37,"turns":4},{"damage":9,"enemies":"3 Shapes","floor":38,"turns":3},{"damage":32,"enemies":"2 Orb Walkers","floor":39,"turns":3},{"damage":3,"enemies":"Writhing Mass","floor":40,"turns":4},{"damage":17,"enemies":"Nemesis","floor":43,"turns":3},{"damage":0,"enemies":"Jaw Worm Horde","floor":47,"turns":2},{"damage":24,"enemies":"Time Eater","floor":52,"turns":4}],"seed_played":"-6134740790416292846","potions_obtained":[{"floor":10,"key":"Adrenaline Potion"},{"floor":11,"key":"blueLaboratory:StoneskinPotion"},{"floor":11,"key":"SneckoOil"},{"floor":18,"key":"CunningPotion"},{"floor":23,"key":"SkillPotion"},{"floor":28,"key":"Adrenaline Potion"},{"floor":31,"key":"Elixir"},{"floor":37,"key":"blueLaboratory:FrostheartPotion"},{"floor":39,"key":"EntropicBrew"},{"floor":40,"key":"Languid Potion"}],"is_trial":false,"path_per_floor":["M","?","?","$","M","M","M","M","T","E","R","M","$","M","R","B",null,"M","?","?","$","?","E","M","R","T","?","M","PTL","PTL","M","M","M","R","B",null,"M","M","?","M","?","R","E","R","T","R","M","R","?","$","R","B",null],"character_chosen":"THE_SILENT","items_purchased":["War Paint","Sling","ReplayTheSpireMod:Scrap Shanks","Energy Potion","ReplayTheSpireMod:Shiv Toss","Blade Dance","Guide Book","Letter Opener"],"campfire_rested":0,"item_purchase_floors":[4,4,13,13,21,21,50,50],"current_hp_per_floor":[76,76,76,76,72,71,69,68,68,63,63,63,63,59,59,51,77,61,61,61,61,61,57,51,51,51,18,25,25,25,31,41,31,31,27,77,77,72,50,57,57,77,80,80,80,80,88,88,88,88,88,77],"gold":191,"neow_bonus":"TEN_PERCENT_HP_BONUS","is_daily":false,"chose_seed":false,"campfire_upgraded":2,"win_rate":0.0,"timestamp":1608443855,"path_taken":["M","?","?","$","M","M","M","?","T","E","R","M","$","M","R","BOSS","M","?","?","?","?","E","M","R","T","?","?","PTL","PTL","M","M","M","R","BOSS","M","?","?","M","?","R","E","R","T","R","M","R","?","$","R","BOSS"],"items_purchased_type":["Relic","Relic","Card","Potion","Card","Card","Relic","Relic"],"build_version":"2020-12-13","purchased_purges":3,"victory":true,"max_hp_per_floor":[77,77,77,77,77,77,77,77,77,77,77,77,77,77,77,77,77,77,77,77,77,77,77,77,77,77,77,77,77,77,77,77,77,77,77,77,77,77,77,77,77,77,91,91,91,91,91,91,91,91,91,91],"card_choices":[{"not_picked":["Slice","Dodge and Roll"],"picked":"Dagger Spray","floor":1},{"not_picked":["PiercingWail","Prepared"],"picked":"ReplayTheSpireMod:Scrap Shanks","floor":5},{"not_picked":["Deflect","Hidden Blade"],"picked":"Sucker Punch","floor":6},{"not_picked":["Quick Slash","Sucker Punch"],"picked":"Dagger Throw","floor":7},{"not_picked":["Distraction","Slice"],"picked":"Prepared","floor":8},{"not_picked":["A Thousand Cuts","Dagger Throw"],"picked":"Underhanded Strike","floor":10},{"not_picked":["Distraction","Quick Slash"],"picked":"Prepared","floor":12},{"not_picked":["Outmaneuver","Choke","Slice"],"picked":"SKIP","floor":14},{"not_picked":["Glass Knife","ReplayTheSpireMod:From All Sides"],"picked":"Malaise","floor":16},{"not_picked":["Underhanded Strike+1","Deadly Poison"],"picked":"Prepared","floor":18},{"not_picked":["Deadly Poison+1","Sucker Punch"],"picked":"Hidden Blade","floor":23},{"not_picked":["Fluid Movement","Eviscerate"],"picked":"Tactician","floor":24},{"not_picked":["All Out Attack","Flying Knee","Glass Knife"],"picked":"SKIP","floor":28},{"not_picked":["PiercingWail+1","Fluid Movement","Deadly Poison"],"picked":"SKIP","floor":31},{"not_picked":["Acrobatics","Blur"],"picked":"Endless Agony","floor":32},{"not_picked":["Bouncing Flask","Deadly Poison","Quick Slash"],"picked":"SKIP","floor":33},{"not_picked":["Doppelganger","Replay:Bag of Tricks"],"picked":"Tools of the Trade","floor":35},{"not_picked":[],"picked":"ReplayTheSpireMod:Scrap Shanks","floor":37},{"not_picked":["Blade Dance"],"picked":"SKIP","floor":38},{"not_picked":["ReplayTheSpireMod:Speed Training"],"picked":"SKIP","floor":40},{"not_picked":["Dagger Throw+1"],"picked":"SKIP","floor":43},{"not_picked":["Crippling Poison"],"picked":"SKIP","floor":47}],"player_experience":73346,"relics_obtained":[{"floor":2,"key":"Ring of Greed"},{"floor":2,"key":"Golden Egg"},{"floor":2,"key":"Membership Card"},{"floor":9,"key":"Matryoshka"},{"floor":10,"key":"Chameleon Ring"},{"floor":23,"key":"Pet Ghost"},{"floor":26,"key":"Replay:Mystery Machine"},{"floor":26,"key":"CaptainsWheel"},{"floor":27,"key":"Replay:Kaleidoscope"},{"floor":27,"key":"Snack Pack"},{"floor":39,"key":"Replay:Multitool"},{"floor":43,"key":"Mango"},{"floor":45,"key":"Oddly Smooth Stone"},{"floor":45,"key":"ReplayTheSpireMod:Ninjato"}],"event_choices":[{"cards_removed":["Strike_G"],"damage_healed":0,"gold_gain":0,"player_choice":"Purged","damage_taken":0,"max_hp_gain":0,"max_hp_loss":0,"event_name":"Purifier","floor":3,"gold_loss":0},{"cards_removed":["Strike_G"],"damage_healed":0,"gold_gain":0,"player_choice":"Elegance","damage_taken":0,"max_hp_gain":0,"max_hp_loss":0,"event_name":"betterThird:BetterWriting","floor":19,"gold_loss":0},{"damage_healed":0,"gold_gain":0,"player_choice":"Inject Mutagens","damage_taken":0,"relics_obtained":["MutagenicStrength"],"max_hp_gain":0,"max_hp_loss":0,"event_name":"Drug Dealer","floor":22,"gold_loss":0},{"damage_healed":0,"gold_gain":0,"player_choice":"Fight","damage_taken":0,"max_hp_gain":0,"max_hp_loss":0,"event_name":"Colosseum","floor":27,"gold_loss":0},{"damage_healed":0,"gold_gain":0,"player_choice":"Fought Nobs","damage_taken":0,"max_hp_gain":0,"max_hp_loss":0,"event_name":"Colosseum","floor":27,"gold_loss":0},{"damage_healed":0,"gold_gain":0,"player_choice":"Fight","damage_taken":0,"max_hp_gain":0,"max_hp_loss":0,"event_name":"Mysterious Sphere","floor":39,"gold_loss":0},{"cards_removed":["Dagger Spray"],"damage_healed":0,"gold_gain":0,"player_choice":"Removed Attack","damage_taken":0,"max_hp_gain":0,"max_hp_loss":0,"event_name":"Falling","floor":41,"gold_loss":0},{"damage_healed":0,"gold_gain":0,"player_choice":"Ignored","damage_taken":0,"max_hp_gain":0,"max_hp_loss":0,"event_name":"Tomb of Lord Red Mask","floor":49,"gold_loss":0}],"is_beta":false,"boss_relics":[{"not_picked":["Runic Pyramid","Replay:Wanted Poster"],"picked":"Empty Cage"},{"not_picked":["Kintsugi","Ring of Chaos"],"picked":"Busted Crown"}],"items_purged_floors":[13,21,50],"is_endless":false,"potions_floor_spawned":[10,12,14,18,23,28,31,37,39,40],"ascension_level":0}}