{"host":"x1qj4d8ympd5jdqh","time":1608453828,"event":{"mods":["AchievementEnabler","AlwaysNeverKeys","BaseMod","Colored Map","Custom Start","DeckTracker","Highlight Path","Minty Spire (QoL Compilation)","StSLib","SuperFastMode"],"gold_per_floor":[111,123,123,143,143,143,161,161,184,23,43,43,43,79,79,178,178,192,192,208,108,124,124,124,124],"floor_reached":24,"playtime":652,"items_purged":["Strike_R","Heavy Blade+1"],"score":392,"play_id":"c36f83f0-a93e-435f-8cbb-e1ec9dd1acac","local_time":"20201220174348","is_ascension_mode":true,"campfire_choices":[{"data":"Heavy Blade","floor":6,"key":"SMITH"},{"data":"Inflame","floor":8,"key":"SMITH"},{"floor":15,"key":"REST"},{"floor":23,"key":"REST"}],"circlet_count":0,"master_deck":["AscendersBane","Defend_R","Defend_R","Defend_R","Defend_R","Bash","Inflame+1","Spot Weakness","Battle Trance","Blood for Blood","Bloodletting","Immolate+1","Warcry+1","Havoc+1","Reaper+1","Sword Boomerang+1","Battle Trance"],"relics":["Burning Blood","Tiny Chest","Toy Ornithopter","InkBottle","Golden Idol","Bag of Marbles","Astrolabe"],"acts_visited":["Exordium","TheCity"],"potions_floor_usage":[16,22],"damage_taken":[{"damage":8,"enemies":"2 Louse","floor":1,"turns":3},{"damage":11,"enemies":"Cultist","floor":2,"turns":4},{"damage":19,"enemies":"Jaw Worm","floor":4,"turns":4},{"damage":17,"enemies":"Looter","floor":7,"turns":3},{"damage":11,"enemies":"2 Fungi Beasts","floor":11,"turns":3},{"damage":33,"enemies":"Lagavulin","floor":14,"turns":6},{"damage":20,"enemies":"Hexaghost","floor":16,"turns":7},{"damage":29,"enemies":"2 Thieves","floor":18,"turns":3},{"damage":30,"enemies":"Shell Parasite","floor":20,"turns":4},{"damage":34,"enemies":"Centurion and Healer","floor":22,"turns":3},{"damage":21,"enemies":"Snake Plant","floor":24,"turns":3}],"seed_played":"-4817252676848181092","potions_obtained":[{"floor":4,"key":"SteroidPotion"},{"floor":11,"key":"SmokeBomb"},{"floor":14,"key":"ElixirPotion"},{"floor":16,"key":"ElixirPotion"}],"is_trial":false,"path_per_floor":["M","M","?","M","?","R","M","R","T","$","M","T","?","E","R","B",null,"M","?","M","$","M","R","M"],"character_chosen":"IRONCLAD","items_purchased":["Blood for Blood"],"campfire_rested":2,"item_purchase_floors":[10],"current_hp_per_floor":[66,61,61,48,53,53,42,42,42,42,37,37,37,10,31,22,60,37,37,27,27,17,38,17,17],"gold":124,"neow_bonus":"RANDOM_COMMON_RELIC","is_daily":false,"chose_seed":false,"campfire_upgraded":2,"win_rate":0.0,"timestamp":1608453828,"path_taken":["M","M","?","?","?","R","M","R","T","$","M","?","?","E","R","BOSS","M","?","?","$","M","R","M"],"items_purchased_type":["Card"],"build_version":"2020-12-13","purchased_purges":2,"victory":false,"max_hp_per_floor":[75,75,75,75,80,80,80,80,80,80,80,80,72,72,72,72,72,72,72,72,72,72,72,72,72],"card_choices":[{"not_picked":["Cleave","Iron Wave"],"picked":"Inflame","floor":1},{"not_picked":["Perfected Strike","Warcry"],"picked":"Spot Weakness","floor":2},{"not_picked":["Cleave","Clash"],"picked":"Heavy Blade","floor":4},{"not_picked":["Headbutt","Perfected Strike","Wild Strike"],"picked":"SKIP","floor":7},{"not_picked":["Hemokinesis","Perfected Strike"],"picked":"Bloodletting","floor":11},{"not_picked":["Thunderclap","Clash","Clothesline"],"picked":"SKIP","floor":14},{"not_picked":["Corruption","Berserk"],"picked":"Immolate","floor":16},{"not_picked":["True Grit+1","Whirlwind","Twin Strike"],"picked":"SKIP","floor":18},{"not_picked":["Headbutt","Twin Strike"],"picked":"Sword Boomerang+1","floor":20},{"not_picked":["Pommel Strike","Intimidate"],"picked":"Battle Trance","floor":22}],"player_experience":1251789,"relics_obtained":[{"floor":9,"key":"Toy Ornithopter"},{"floor":12,"key":"InkBottle"},{"floor":14,"key":"Bag of Marbles"}],"event_choices":[{"damage_healed":0,"gold_gain":0,"cards_transformed":["Strike_R"],"player_choice":"Transformed","damage_taken":0,"max_hp_gain":0,"max_hp_loss":0,"event_name":"Transmorgrifier","floor":3,"gold_loss":0,"cards_obtained":["Battle Trance"]},{"damage_healed":0,"gold_gain":0,"player_choice":"Donut","damage_taken":0,"max_hp_gain":5,"max_hp_loss":0,"event_name":"Big Fish","floor":5,"gold_loss":0},{"damage_healed":0,"gold_gain":0,"player_choice":"Lose Max HP","damage_taken":0,"relics_obtained":["Golden Idol"],"max_hp_gain":0,"max_hp_loss":8,"event_name":"Golden Idol","floor":13,"gold_loss":0},{"damage_healed":0,"gold_gain":0,"player_choice":"Forge","damage_taken":0,"max_hp_gain":0,"max_hp_loss":0,"event_name":"Accursed Blacksmith","floor":19,"gold_loss":0,"cards_upgraded":["Immolate"]}],"is_beta":false,"boss_relics":[{"not_picked":["Empty Cage","Sozu"],"picked":"Astrolabe"}],"items_purged_floors":[10,21],"is_endless":false,"potions_floor_spawned":[4,11,14,16,20],"killed_by":"Snake Plant","ascension_level":20}}