{"host":"i0avyit1s6jb1siw","time":1608460261,"event":{"mods":["BaseMod","DeckTracker","Dota2Spire","Highlight Path","Minty Spire (QoL Compilation)","Quick Restart","Replay The Spire","StSLib","SuperFastMode"],"gold_per_floor":[114,114,114,39,50,75,92,121,121,121,121,133,133,33,33,108,108,122,141,141,16,27,27,62,62,62,90,107,135,135,155,155,228,228,245,1244,1259,1259,880,880,880,880,880,914,914,914,929,528,528,528,528,528,528,26,61,61,61],"floor_reached":56,"playtime":1380,"items_purged":["Defend_P","Strike_P","Strike_P","Normality","Pot Of Greed","Defend_P"],"score":2003,"play_id":"aa5a967b-def0-4537-ab74-15af67992f6e","local_time":"20201220113101","is_ascension_mode":true,"campfire_choices":[{"data":"Eruption","floor":11.0,"key":"SMITH"},{"data":"CrushJoints","floor":13.0,"key":"SMITH"},{"floor":15.0,"key":"REST"},{"data":"Tantrum","floor":23.0,"key":"SMITH"},{"data":"Wallop","floor":25.0,"key":"SMITH"},{"floor":32.0,"key":"REST"},{"floor":40.0,"key":"RECALL"},{"data":"Pot Of Greed","floor":45,"key":"SMITH"},{"data":"Vigilance","floor":49,"key":"SMITH"},{"floor":53,"key":"REST"}],"circlet_count":0,"master_deck":["AscendersBane","Defend_P+1","Eruption+1","Vigilance+1","CrushJoints+1","Pot Of Greed+1","EmptyFist+1","Scrawl+1","DeusExMachina+1","Scrawl+1","Tantrum+1","Wallop+1","Ragnarok+1","MentalFortress+1","Replay:Anticipation+1","Pot Of Greed+1"],"relics":["PureWater","NeowsBlessing","Grinning Jar","Dota2Spire:Desolator","Dota2Spire:ArcaneBoots","Philosopher\u0027s Stone","Damaru","Golden Egg","Dota2Spire:BattleFury","Gambling Chip","Astrolabe","Membership Card","Mummified Hand","Replay:Rubber Ducky","Dota2Spire:CrimsonGuard","Strawberry","ClockworkSouvenir","Pear","Dota2Spire:PhaseBoots","Quantum Egg","Replay:Bottled Steam","DollysMirror","Gremlin Horn"],"acts_visited":["TheCity","TheBeyond","TheEnding"],"potions_floor_usage":[50,51,56],"damage_taken":[{"damage":0.0,"enemies":"Cultist","floor":1.0,"turns":1.0},{"damage":0.0,"enemies":"Small Slimes","floor":5.0,"turns":1.0},{"damage":0.0,"enemies":"Gremlin Nob","floor":6.0,"turns":1.0},{"damage":0.0,"enemies":"2 Louse","floor":7.0,"turns":2.0},{"damage":24.0,"enemies":"Lagavulin","floor":8.0,"turns":7.0},{"damage":0.0,"enemies":"Large Slime","floor":12.0,"turns":3.0},{"damage":14.0,"enemies":"Hexaghost","floor":16.0,"turns":7.0},{"damage":0.0,"enemies":"Shell Parasite","floor":18.0,"turns":1.0},{"damage":0.0,"enemies":"Spheric Guardian","floor":19.0,"turns":1.0},{"damage":5.0,"enemies":"Centurion and Healer","floor":22.0,"turns":2.0},{"damage":15.0,"enemies":"Book of Stabbing","floor":24.0,"turns":2.0},{"damage":0.0,"enemies":"Gremlin Leader","floor":27.0,"turns":4.0},{"damage":0.0,"enemies":"Snake Plant","floor":28.0,"turns":1.0},{"damage":0.0,"enemies":"Slavers","floor":29.0,"turns":1.0},{"damage":0.0,"enemies":"Cultist and Chosen","floor":31.0,"turns":1.0},{"damage":6.0,"enemies":"Champ","floor":33.0,"turns":5.0},{"damage":0.0,"enemies":"3 Darklings","floor":35.0,"turns":2.0},{"damage":0.0,"enemies":"Orb Walker","floor":37.0,"turns":2.0},{"damage":18,"enemies":"Giant Head","floor":44,"turns":5},{"damage":0,"enemies":"Spire Growth","floor":47,"turns":2},{"damage":21,"enemies":"Time Eater","floor":50,"turns":7},{"damage":23,"enemies":"Donu and Deca","floor":51,"turns":8},{"damage":13,"enemies":"Shield and Spear","floor":55,"turns":2},{"damage":97,"enemies":"The Heart","floor":56,"turns":5}],"seed_played":"2934341771465608258","potions_obtained":[{"floor":5.0,"key":"Milkshake"},{"floor":7.0,"key":"Regen Potion"},{"floor":16.0,"key":"Venom Potion"},{"floor":27.0,"key":"Adrenaline Potion"}],"is_trial":false,"path_per_floor":["M","?","?","$","M","E","M","E","T","?","R","M","R","$","R","B",null,"M","M","?","$","M","R","E","R","T","E","M","E","?","M","R","B",null,"M","?","M","?","$","R","?","T","T","E","R","?","M","$","R","B","B",null,"R","$","E","B"],"character_chosen":"WATCHER","items_purchased":["Membership Card","Mummified Hand","ClockworkSouvenir","Pear","Dota2Spire:PhaseBoots","Quantum Egg","Replay:Bottled Steam","DollysMirror","Regen Potion"],"campfire_rested":3,"item_purchase_floors":[39,39,48,48,48,54,54,54,54],"current_hp_per_floor":[61,56,56,56,56,56,56,32,32,12,12,12,12,12,32,18,56,56,56,56,56,51,51,36,36,36,36,36,36,36,36,56,50,64,64,64,64,64,64,64,64,64,64,53,53,53,53,63,63,42,34,70,82,82,69,0,0],"gold":61,"neow_bonus":"THREE_ENEMY_KILL","is_daily":false,"chose_seed":false,"campfire_upgraded":6,"win_rate":0.0,"timestamp":1608460261,"path_taken":["M","?","?","$","M","E","M","E","T","?","R","M","R","$","R","BOSS","M","M","?","$","M","R","E","R","T","E","?","E","?","?","R","BOSS","M","?","M","?","$","R","?","?","T","E","R","?","?","$","R","BOSS","BOSS","R","$","E","BOSS"],"items_purchased_type":["Relic","Relic","Relic","Relic","Relic","Relic","Relic","Relic","Potion"],"build_version":"2020-12-13","purchased_purges":6,"victory":false,"max_hp_per_floor":[68,68,68,68,68,68,68,68,68,68,68,68,68,68,68,68,68,68,68,68,68,68,68,68,68,68,68,68,68,68,68,68,68,68,68,68,68,68,68,68,65,65,65,72,72,72,72,82,82,82,82,82,82,82,82,82,82],"card_choices":[{"not_picked":["FlyingSleeves","Replay:Vibes"],"picked":"CrushJoints","floor":1.0},{"not_picked":["Prostrate","Replay:Vibes"],"picked":"EmptyFist","floor":5.0},{"not_picked":["Prostrate","Consecrate","FlyingSleeves"],"picked":"SKIP","floor":6.0},{"not_picked":["PathToVictory","CrushJoints"],"picked":"Scrawl","floor":7.0},{"not_picked":["Fasting2","FollowUp","CrushJoints"],"picked":"SKIP","floor":8.0},{"not_picked":["Halt","Replay:AtTheReady","Conclude"],"picked":"SKIP","floor":12.0},{"not_picked":["Establishment","Brilliance"],"picked":"DeusExMachina","floor":16.0},{"not_picked":["WheelKick","ThirdEye","CrushJoints+1"],"picked":"SKIP","floor":18.0},{"not_picked":["ForeignInfluence","BowlingBash","Fasting2"],"picked":"SKIP","floor":19.0},{"not_picked":["Vengeance","JustLucky"],"picked":"Tantrum","floor":22.0},{"not_picked":["Replay:ManipulateFuture","SashWhip"],"picked":"Wallop","floor":24.0},{"not_picked":["CutThroughFate","Replay:ManipulateFuture","Perseverance"],"picked":"SKIP","floor":27.0},{"not_picked":["Replay:Hum","Replay:Vibes","Replay:Anticipation"],"picked":"SKIP","floor":28.0},{"not_picked":["Replay:Anticipation","Prostrate","SashWhip"],"picked":"SKIP","floor":29.0},{"not_picked":["FlyingSleeves","JustLucky","Replay:AtTheReady"],"picked":"SKIP","floor":31.0},{"not_picked":["ThirdEye+1","FlurryOfBlows+1","JustLucky+1"],"picked":"SKIP","floor":35.0},{"not_picked":["FlyingSleeves","Crescendo","Meditate"],"picked":"SKIP","floor":37.0},{"not_picked":["SignatureMove","Protect","FollowUp+1"],"picked":"SKIP","floor":44},{"not_picked":["EmptyFist","Replay:DivineShield","Tantrum+1"],"picked":"SKIP","floor":47},{"not_picked":["EmptyMind","Evaluate","FollowUp+1"],"picked":"SKIP","floor":55}],"player_experience":2086945,"relics_obtained":[{"floor":6.0,"key":"Dota2Spire:Desolator"},{"floor":8.0,"key":"Dota2Spire:ArcaneBoots"},{"floor":24.0,"key":"Damaru"},{"floor":26.0,"key":"Golden Egg"},{"floor":27.0,"key":"Dota2Spire:BattleFury"},{"floor":29.0,"key":"Gambling Chip"},{"floor":42.0,"key":"Replay:Rubber Ducky"},{"floor":43.0,"key":"Dota2Spire:CrimsonGuard"},{"floor":44,"key":"Strawberry"},{"floor":55,"key":"Gremlin Horn"}],"event_choices":[{"damage_healed":0.0,"max_hp_gain":0.0,"max_hp_loss":0.0,"gold_gain":0.0,"event_name":"Scrap Ooze","player_choice":"Success","floor":2.0,"gold_loss":0.0,"damage_taken":5.0,"relics_obtained":["Grinning Jar"]},{"damage_healed":0.0,"max_hp_gain":0.0,"max_hp_loss":0.0,"gold_gain":0.0,"event_name":"Shining Light","player_choice":"Entered Light","floor":10.0,"gold_loss":0.0,"damage_taken":20.0,"cards_upgraded":["EmptyFist","Scrawl"]},{"damage_healed":0.0,"max_hp_gain":0.0,"max_hp_loss":0.0,"gold_gain":0.0,"event_name":"Duplicator","player_choice":"Copied","floor":20.0,"gold_loss":0.0,"damage_taken":0.0,"cards_obtained":["Scrawl"]},{"damage_healed":0.0,"max_hp_gain":0.0,"max_hp_loss":0.0,"gold_gain":0.0,"event_name":"Accursed Blacksmith","player_choice":"Forge","floor":30.0,"gold_loss":0.0,"damage_taken":0.0,"cards_upgraded":["DeusExMachina"]},{"damage_healed":0.0,"max_hp_gain":0.0,"max_hp_loss":0.0,"gold_gain":999.0,"event_name":"MindBloom","player_choice":"Gold","floor":36.0,"gold_loss":0.0,"damage_taken":0.0,"cards_obtained":["Normality","Normality"]},{"damage_healed":0.0,"max_hp_gain":0.0,"max_hp_loss":0.0,"gold_gain":0.0,"event_name":"Tomb of Lord Red Mask","player_choice":"Ignored","floor":38.0,"gold_loss":0.0,"damage_taken":0.0},{"damage_healed":0.0,"max_hp_gain":0.0,"max_hp_loss":3.0,"gold_gain":0.0,"event_name":"Winding Halls","player_choice":"Max HP","floor":41.0,"gold_loss":0.0,"damage_taken":0.0},{"cards_removed":["Normality"],"damage_healed":0,"gold_gain":0,"player_choice":"Purged","damage_taken":0,"max_hp_gain":0,"max_hp_loss":0,"event_name":"Purifier","floor":46,"gold_loss":0}],"is_beta":false,"boss_relics":[{"not_picked":["SacredBark","Kintsugi"],"picked":"Philosopher\u0027s Stone"},{"not_picked":["Replay:Drink Me","Busted Crown"],"picked":"Astrolabe"}],"items_purged_floors":[4,14,21,39,48,54],"is_endless":false,"potions_floor_spawned":[5,7,16,27,28,31,33,47],"killed_by":"The Heart","ascension_level":20}}