{"host":"i317trlt96c3w9hm","time":1608463325,"event":{"mods":["2.2 Compatiblity","AchievementEnabler","BaseMod","Better Note","CapriCore","Colored Powertips","GifTheSpireLib","Highlight Path","Koishi","Minty Spire (QoL Compilation)","StSLib"],"gold_per_floor":[110,60,71,71,90,90,118,118,118,132,192,192,44,72,72,173,173,190,190,289,307,307,334,335,335,362,373,373,373,386,418,418,508,508,523,573,85,127,0,0,26,56,81,81,81,81,81,116,116,116,116,116,63,87,82],"floor_reached":56,"playtime":3539,"items_purged":["Koishi:BasicStrike","Koishi:BasicDefend"],"score":1453,"play_id":"591947db-e60e-435b-8000-7e0ad7b55531","local_time":"20201220192205","is_ascension_mode":true,"campfire_choices":[{"data":"Koishi:MassHysteria","floor":6.0,"key":"SMITH"},{"data":"Koishi:ReleaseOfTheId","floor":12.0,"key":"SMITH"},{"data":"Koishi:FreudianInstinct","floor":15.0,"key":"SMITH"},{"data":"Koishi:VengefulSpirit","floor":25.0,"key":"SMITH"},{"data":"Koishi:RoseHell","floor":29.0,"key":"SMITH"},{"data":"Koishi:GrowingPain","floor":32.0,"key":"SMITH"},{"data":"Koishi:ImGoingToCallYouNow","floor":40,"key":"SMITH"},{"floor":44,"key":"RECALL"},{"data":"Koishi:UnconsciousUprising","floor":49,"key":"SMITH"},{"data":"Koishi:GeneticsOfTheUnconscious","floor":52,"key":"SMITH"}],"circlet_count":0,"master_deck":["Koishi:Provoke","Koishi:HauntingSlash","Koishi:JumpScare","Koishi:UnconsciousUrges","Koishi:MassHysteria+1","Koishi:UnconsciousUprising+1","Koishi:ReleaseOfTheId+1","Koishi:GeneticsOfTheUnconscious+1","Koishi:Whimsy","Koishi:VengefulSpirit+1","Koishi:FreudianInstinct+1","Koishi:RoseHell+1","Koishi:UnconsciousUprising+1","Koishi:BramblyRoseGarden","Koishi:PredatoryInstincts","Koishi:RollingInRichesHeart","Koishi:SubterraneanRose+1","Koishi:SubterraneanRose+1","Koishi:FreudianInstinct","Koishi:GrowingPain+1","Koishi:ImGoingToCallYouNow+1","Koishi:SprinkleStarAndHeart+1","Koishi:UnconsciousUprising","Koishi:UnconsciousUrges","Koishi:UnconsciousUprising","Koishi:ReleaseOfTheId+1","Koishi:EmbryosDream+1","Sadistic Nature","Koishi:MindStellarRelief+1","Koishi:SubconsciousSweep","Koishi:SprinkleStarAndHeart+1"],"relics":["Koishi:ImaginaryFriend","Akabeko","CaptainsWheel","Koishi:LettersToReimu","Koishi:TeethAndClaws","Blue Candle","Empty Cage","Mango","Gremlin Horn","Snecko Eye","WingedGreaves","Unceasing Top","Du-Vu Doll","Red Mask","Toxic Egg 2","Bag of Marbles","Strawberry","Question Card","Koishi:AHoleWhereASisterShouldBe","Blood Vial"],"acts_visited":["Exordium","TheCity","TheBeyond","TheEnding"],"potions_floor_usage":[55,55,55],"damage_taken":[{"damage":0.0,"enemies":"2 Louse","floor":1.0,"turns":2.0},{"damage":5.0,"enemies":"Small Slimes","floor":3.0,"turns":4.0},{"damage":2.0,"enemies":"Cultist","floor":5.0,"turns":6.0},{"damage":10.0,"enemies":"Gremlin Nob","floor":7.0,"turns":9.0},{"damage":0.0,"enemies":"Blue Slaver","floor":10.0,"turns":4.0},{"damage":0.0,"enemies":"3 Sentries","floor":11.0,"turns":6.0},{"damage":4.0,"enemies":"Lagavulin","floor":14.0,"turns":9.0},{"damage":0.0,"enemies":"The Guardian","floor":16.0,"turns":9.0},{"damage":0.0,"enemies":"Shell Parasite","floor":18.0,"turns":4.0},{"damage":10.0,"enemies":"Spheric Guardian","floor":21.0,"turns":6.0},{"damage":11.0,"enemies":"Slavers","floor":23.0,"turns":4.0},{"damage":0.0,"enemies":"3 Cultists","floor":24.0,"turns":3.0},{"damage":0.0,"enemies":"Centurion and Healer","floor":27.0,"turns":6.0},{"damage":9.0,"enemies":"Shelled Parasite and Fungi","floor":30.0,"turns":5.0},{"damage":0.0,"enemies":"Gremlin Leader","floor":31.0,"turns":6.0},{"damage":35.0,"enemies":"Champ","floor":33.0,"turns":19.0},{"damage":10.0,"enemies":"3 Shapes","floor":35.0,"turns":4.0},{"damage":0,"enemies":"Mind Bloom Boss Battle","floor":36,"turns":9},{"damage":4,"enemies":"2 Orb Walkers","floor":38,"turns":7},{"damage":44,"enemies":"Reptomancer","floor":41,"turns":10},{"damage":28,"enemies":"Nemesis","floor":42,"turns":12},{"damage":0,"enemies":"Giant Head","floor":48,"turns":11},{"damage":43,"enemies":"Time Eater","floor":50,"turns":14},{"damage":8,"enemies":"Shield and Spear","floor":54,"turns":6},{"damage":50,"enemies":"The Heart","floor":55,"turns":9}],"seed_played":"-6735344757286449539","potions_obtained":[{"floor":3.0,"key":"Dexterity Potion"},{"floor":5.0,"key":"CultistPotion"},{"floor":10.0,"key":"Swift Potion"},{"floor":14.0,"key":"LiquidMemories"},{"floor":21.0,"key":"Weak Potion"},{"floor":33.0,"key":"Weak Potion"},{"floor":41,"key":"Ancient Potion"}],"is_trial":false,"path_per_floor":["M","?","M","?","M","R","E","?","T","M","?","R","$","E","R","B",null,"M","?","?","M","?","E","M","R","T","M","?","R","M","E","R","B",null,"M","?","$","?","?","R","E","E","T","R","T","?","?","E","R","B",null,"R","$","E","B",null],"character_chosen":"KOISHI","items_purchased":["Koishi:VengefulSpirit","Unceasing Top","Koishi:UnconsciousUprising","Koishi:UnconsciousUrges","Koishi:SubconsciousSweep"],"campfire_rested":0,"item_purchase_floors":[13,37,37,37,53],"current_hp_per_floor":[60,60,57,57,59,59,53,53,53,56,56,56,56,55,55,58,60,60,50,50,41,41,54,56,56,56,58,58,58,51,53,53,18,79,79,79,79,77,77,77,40,19,26,26,26,26,75,75,75,32,75,75,75,74,37],"gold":82,"neow_bonus":"RANDOM_COMMON_RELIC","is_daily":false,"chose_seed":false,"campfire_upgraded":9,"win_rate":0.0,"timestamp":1608463325,"path_taken":["M","?","M","?","M","R","E","?","T","?","?","R","$","E","R","BOSS","M","?","?","M","?","E","M","R","T","M","?","R","M","E","R","BOSS","M","?","$","?","?","R","E","E","T","R","?","?","?","E","R","BOSS","R","$","E","BOSS"],"items_purchased_type":["Card","Relic","Card","Card","Card"],"build_version":"2020-12-13","purchased_purges":2,"victory":true,"max_hp_per_floor":[60,60,60,60,60,60,60,60,60,60,60,60,60,60,60,60,60,60,65,65,65,65,79,79,79,79,79,79,79,79,79,79,79,79,79,79,79,79,79,79,79,79,86,86,86,86,75,75,75,75,75,75,75,75,75],"card_choices":[{"not_picked":["Koishi:UnansweredLove","Koishi:Prune"],"picked":"Koishi:JumpScare","floor":1.0},{"not_picked":["Koishi:CatchAndRose","Koishi:ReflexRadar"],"picked":"Koishi:UnconsciousUrges","floor":3.0},{"not_picked":["Koishi:EmbersOfLove","Koishi:Possession"],"picked":"Koishi:UnconsciousUprising","floor":5.0},{"not_picked":["Koishi:IdleWhim","Koishi:SubterraneanRose"],"picked":"Koishi:ReleaseOfTheId","floor":7.0},{"not_picked":["Koishi:FourthEye","Koishi:Jaunt"],"picked":"Koishi:GeneticsOfTheUnconscious","floor":10.0},{"not_picked":["Koishi:UnansweredLove","Koishi:ParalyzingFear"],"picked":"Koishi:Whimsy","floor":11.0},{"not_picked":["Koishi:FormlessExistence","Koishi:TremblingHands"],"picked":"Koishi:FreudianInstinct","floor":14.0},{"not_picked":["Koishi:MindStellarRelief","Koishi:GrowingPain"],"picked":"Koishi:RoseHell","floor":16.0},{"not_picked":["Koishi:StingingMind","Koishi:EmbersOfLove"],"picked":"Koishi:UnconsciousUprising+1","floor":18.0},{"not_picked":["Koishi:FleetingPhantom","Koishi:GeneticsOfTheUnconscious"],"picked":"Koishi:BramblyRoseGarden","floor":21.0},{"not_picked":["Koishi:StingingMind","Koishi:ApparitionsStalkTheNight+1"],"picked":"Koishi:SubterraneanRose+1","floor":23.0},{"not_picked":["Koishi:SubconsciousSweep+1","Koishi:UnansweredLove"],"picked":"Koishi:SubterraneanRose+1","floor":24.0},{"not_picked":["Koishi:SpiritedAway+1","Koishi:ReflexRadar","Koishi:PhantomStrike"],"picked":"SKIP","floor":27.0},{"not_picked":["Koishi:ParalyzingFear","Koishi:FleetingPhantom"],"picked":"Koishi:FreudianInstinct","floor":30.0},{"not_picked":["Koishi:UnansweredLove","Koishi:DreadfulBlow"],"picked":"Koishi:GrowingPain","floor":31.0},{"not_picked":["Koishi:TerrifyingSpectre","Koishi:SilentAndRestless"],"picked":"Koishi:ImGoingToCallYouNow","floor":33.0},{"not_picked":["Koishi:StrangeCloudFist","Koishi:MindNumbingTerror","Koishi:DreadfulBlow"],"picked":"SKIP","floor":35.0},{"not_picked":["Koishi:EmbryosDream","Koishi:EmbersOfLove+1"],"picked":"Koishi:SprinkleStarAndHeart+1","floor":36},{"not_picked":["Koishi:RacingHeart+1","Koishi:ParalyzingFear+1"],"picked":"Koishi:UnconsciousUprising","floor":38},{"not_picked":["Koishi:RollingInRichesHeart+1","Koishi:BloodcurdlingScream"],"picked":"Koishi:ReleaseOfTheId+1","floor":41},{"not_picked":["Koishi:PredatoryInstincts+1","Koishi:UnconsciousUprising+1"],"picked":"Koishi:EmbryosDream+1","floor":42},{"not_picked":["The Bomb+1","Purity+1","Swift Strike"],"picked":"Sadistic Nature","floor":46},{"not_picked":["Koishi:PredatoryInstincts+1","Koishi:ParalyzingFear","Koishi:GhostParty+1"],"picked":"Koishi:MindStellarRelief+1","floor":48},{"not_picked":["Koishi:ReflexRadar+1","Koishi:HeartfeltFancy+1","Koishi:GhostParty+1"],"picked":"Koishi:SprinkleStarAndHeart+1","floor":54}],"player_experience":19191,"relics_obtained":[{"floor":7.0,"key":"CaptainsWheel"},{"floor":9.0,"key":"Koishi:LettersToReimu"},{"floor":11.0,"key":"Koishi:TeethAndClaws"},{"floor":14.0,"key":"Blue Candle"},{"floor":23.0,"key":"Mango"},{"floor":31.0,"key":"Gremlin Horn"},{"floor":36,"key":"WingedGreaves"},{"floor":38,"key":"Du-Vu Doll"},{"floor":41,"key":"Toxic Egg 2"},{"floor":42,"key":"Bag of Marbles"},{"floor":43,"key":"Strawberry"},{"floor":45,"key":"Question Card"},{"floor":48,"key":"Koishi:AHoleWhereASisterShouldBe"},{"floor":54,"key":"Blood Vial"}],"event_choices":[{"cards_removed":["Koishi:BasicStrike"],"damage_healed":0.0,"max_hp_gain":0.0,"max_hp_loss":0.0,"gold_gain":0.0,"event_name":"The Cleric","player_choice":"Card Removal","floor":2.0,"gold_loss":50.0,"damage_taken":0.0},{"damage_healed":0.0,"max_hp_gain":0.0,"max_hp_loss":0.0,"gold_gain":0.0,"cards_transformed":["Koishi:BasicStrike"],"event_name":"Living Wall","player_choice":"Change","floor":4.0,"gold_loss":0.0,"damage_taken":0.0,"cards_obtained":["Koishi:MassHysteria"]},{"damage_healed":0.0,"max_hp_gain":0.0,"max_hp_loss":0.0,"gold_gain":0.0,"event_name":"The Woman in Blue","player_choice":"Bought 0 Potions","floor":8.0,"gold_loss":0.0,"damage_taken":0.0},{"damage_healed":0.0,"max_hp_gain":0.0,"max_hp_loss":0.0,"gold_gain":0.0,"event_name":"Dead Adventurer","player_choice":"Searched \u00271\u0027 times","floor":11.0,"gold_loss":0.0,"damage_taken":0.0},{"damage_healed":0.0,"max_hp_gain":5.0,"max_hp_loss":0.0,"gold_gain":0.0,"event_name":"Forgotten Altar","player_choice":"Shed Blood","floor":19.0,"gold_loss":0.0,"damage_taken":15.0},{"damage_healed":0.0,"max_hp_gain":0.0,"max_hp_loss":0.0,"gold_gain":99.0,"event_name":"Nest","player_choice":"Stole From Cult","floor":20.0,"gold_loss":0.0,"damage_taken":0.0},{"damage_healed":0.0,"max_hp_gain":0.0,"max_hp_loss":0.0,"gold_gain":0.0,"cards_transformed":["Koishi:BasicDefend","Koishi:BasicDefend"],"event_name":"Drug Dealer","player_choice":"Became Test Subject","floor":22.0,"gold_loss":0.0,"damage_taken":0.0,"cards_obtained":["Koishi:PredatoryInstincts","Koishi:RollingInRichesHeart"]},{"damage_healed":0.0,"max_hp_gain":0.0,"max_hp_loss":0.0,"gold_gain":0.0,"event_name":"Ghosts","player_choice":"Ignored","floor":28.0,"gold_loss":0.0,"damage_taken":0.0},{"damage_healed":0,"gold_gain":0,"player_choice":"Fight","damage_taken":0,"max_hp_gain":0,"max_hp_loss":0,"event_name":"MindBloom","floor":36,"gold_loss":0},{"damage_healed":0,"gold_gain":0,"player_choice":"Fight","damage_taken":0,"max_hp_gain":0,"max_hp_loss":0,"event_name":"Mysterious Sphere","floor":38,"gold_loss":0},{"damage_healed":0,"gold_gain":0,"player_choice":"Paid","damage_taken":0,"relics_obtained":["Red Mask"],"max_hp_gain":0,"max_hp_loss":0,"event_name":"Tomb of Lord Red Mask","floor":39,"gold_loss":127},{"damage_healed":0,"gold_gain":0,"player_choice":"Memory 1","damage_taken":0,"max_hp_gain":0,"max_hp_loss":0,"event_name":"SensoryStone","floor":46,"gold_loss":0},{"damage_healed":75,"gold_gain":0,"player_choice":"Heal","damage_taken":0,"max_hp_gain":0,"max_hp_loss":11,"event_name":"The Moai Head","floor":47,"gold_loss":0}],"is_beta":false,"boss_relics":[{"not_picked":["Philosopher\u0027s Stone","Ectoplasm"],"picked":"Empty Cage"},{"not_picked":["SacredBark","Pandora\u0027s Box"],"picked":"Snecko Eye"}],"items_purged_floors":[13,37],"is_endless":false,"potions_floor_spawned":[3,5,10,14,16,21,23,33,41,42],"ascension_level":1}}