{"host":"3vwlzs9j0t5i9rxy","time":1608436909,"event":{"mods":["A Magickal Journey","BaseMod","Better Third Choice","Colored Map","Conspire","Energized Spire","Halation","Hermit","Hubris","Infinite Spire","Mimic Mod","Minty Spire (QoL Compilation)","Permanent Neow","Potionbrewer","Rare Cards Sparkle","Relic Stats","Replay The Spire","Shop Mod","Small Relic Pack","Somnambulant","Spicy Shops","Spikes Relics","StSLib","The Clintock","The Cursed","The Druid","The Exalted","The Florist","The Jungle","The Runesmith","The Servant 0.9.4","The Spell Scribe","The Valiant"],"gold_per_floor":[118,137,137,6,23,64,64,64],"floor_reached":7,"playtime":662,"items_purged":[],"score":41,"play_id":"123f8109-954b-4b92-9da0-2bead56ee6a9","local_time":"20201219230149","is_ascension_mode":false,"campfire_choices":[],"circlet_count":0,"master_deck":["Strike_S","Strike_S","Strike_S","Strike_S","Defend_S","Defend_S","Defend_S","Defend_S","KidneyShot","Exchange","SilverBlades","Starlight","Secret Technique","ReplayTheSpireMod:Trickstab","Assess","FanOfKnives","Rewind"],"relics":["Uniform","ReplayTheSpireMod:ShopPack","infinitespire:CheckeredPen"],"acts_visited":["Exordium"],"potions_floor_usage":[6],"damage_taken":[{"damage":1,"enemies":"2 Louse","floor":1,"turns":4},{"damage":16,"enemies":"infinitespire:Voidling","floor":2,"turns":5},{"damage":12,"enemies":"conspire:RoseBush","floor":5,"turns":3},{"damage":30,"enemies":"conspire:MimicChest","floor":6,"turns":7},{"damage":36,"enemies":"Gremlin Nob","floor":7,"turns":4}],"seed_played":"-6846538053492477446","potions_obtained":[{"floor":2,"key":"infinitespire:BlackPotion"},{"floor":5,"key":"potionbrewer:MidasPotion"},{"floor":6,"key":"Fruit Juice"}],"is_trial":false,"path_per_floor":["M","M","?","$","M","?","E"],"character_chosen":"THE_SERVANT","items_purchased":["ReplayTheSpireMod:ShopPack"],"campfire_rested":0,"item_purchase_floors":[4],"current_hp_per_floor":[64,52,57,57,45,20,0,0],"gold":64,"neow_bonus":"RANDOM_EVENT","is_daily":false,"chose_seed":false,"campfire_upgraded":0,"win_rate":0.0,"timestamp":1608436909,"path_taken":["M","M","?","$","?","?","E"],"items_purchased_type":["Relic"],"build_version":"2020-12-13","purchased_purges":0,"victory":false,"max_hp_per_floor":[65,65,65,65,65,70,70,70],"relic_stats":{"counters":[5,23],"obtain_stats":[{"Uniform":0,"infinitespire:CheckeredPen":6,"ReplayTheSpireMod:ShopPack":4},{"Uniform":0,"infinitespire:CheckeredPen":4,"ReplayTheSpireMod:ShopPack":2},{"Uniform":0,"infinitespire:CheckeredPen":19,"ReplayTheSpireMod:ShopPack":9}]},"card_choices":[{"not_picked":["Comet","BottledTime"],"picked":"Defy","floor":1},{"not_picked":["Desolation","Alleviate"],"picked":"Starlight","floor":2},{"not_picked":["HandOfGreed","ReplayUltimateDefense"],"picked":"Secret Technique","floor":4},{"not_picked":["Trip","Deep Breath"],"picked":"ReplayTheSpireMod:Trickstab","floor":4},{"not_picked":["Mind Blast","Flash of Steel"],"picked":"Assess","floor":4},{"not_picked":["Rearm","FlawlessForm"],"picked":"FanOfKnives","floor":5},{"not_picked":["MoonPhase","Defy"],"picked":"Rewind","floor":6}],"player_experience":22929,"relics_obtained":[{"floor":6,"key":"infinitespire:CheckeredPen"}],"event_choices":[{"cards_removed":["Defy"],"damage_healed":5,"gold_gain":0,"player_choice":"Offered Common","damage_taken":0,"max_hp_gain":0,"max_hp_loss":0,"event_name":"Bonfire Elementals","floor":3,"gold_loss":0},{"cards_removed":["Defy"],"damage_healed":5,"gold_gain":0,"player_choice":"Offered Special","damage_taken":0,"max_hp_gain":0,"max_hp_loss":0,"event_name":"Bonfire Elementals","floor":3,"gold_loss":0}],"is_beta":false,"boss_relics":[],"items_purged_floors":[],"is_endless":false,"potions_floor_spawned":[2,5,6],"killed_by":"Gremlin Nob","ascension_level":0}}