{"host":"g75gtovmj0ine2rf","time":1608449867,"event":{"mods":["2.2 Compatiblity","AchievementEnabler","Act Like it!","Aspiration","Astrologer","Bard","BaseMod","Better Match","BetterRewards","CapriCore","Challenge The Spire","ChefMod","Colored Map","Conspire","Energized Spire","Friendly Minions","Gensokyo","Halation","Hallownest","Hermit","HexUI Lib","Highlight Path","Hubris","Infinite Spire","Jedi Mod","Lobotomy","Minty Spire (QoL Compilation)","Puzzle Mod","Quick Restart","Rare Cards Sparkle","Relic Stats","Replay The Spire","Shade Mod","Shop Mod","Spicy Shops","StSLib","SuperFastMode","The Construct","The Cursed","The Factory","The Jungle","The Runesmith","TheBandit","TheFirefly","TheSwordswoman","TheVacant","Transform Curses","Wandering Minibosses","thorton","vexMod"],"gold_per_floor":[114,114,40,40,120,120,147,147,147,164,181,181,195,195,195,213,213,318,318,330,330,330],"floor_reached":21,"playtime":1453,"items_purged":[],"score":227,"play_id":"6801591f-ec37-486f-8d6d-d0e7cf3d902c","local_time":"20201220183747","is_ascension_mode":false,"campfire_choices":[{"data":"BasicCrystalCard","floor":6,"key":"SMITH"},{"floor":8,"key":"REST"},{"floor":12,"key":"RECALL"},{"floor":17,"key":"DIG"}],"circlet_count":0,"master_deck":["Strike_B","Strike_B","Strike_B","Strike_B","Defend_B","Defend_B","Defend_B","Zap","Dualcast","HeroicMonk","BasicCrystalCard+1","VoidDream","FairyFestival","Time Bomb","BlackArmy","ShyLook","QueenOfHatred","jedi:hex","GreedKing","Buffer","NothingThere","ReplayTheSpireMod:Reroute Power"],"relics":["Cracked Core","CogitoBucket","halation:EternalFortune","Strawberry","hubris:Towel","Thread and Needle","Peace Pipe","AdjustmentMirror","hubris:MysteriousPyramids","energizedSpire:SpiderWeb"],"acts_visited":["Exordium","Gensokyo:Gensokyo"],"potions_floor_usage":[13,18],"damage_taken":[{"damage":3,"enemies":"Gensokyo:Gryphon","floor":1,"turns":4},{"damage":53,"enemies":"Gensokyo:Cirno","floor":7,"turns":9},{"damage":0,"enemies":"Gensokyo:3_Fairies","floor":10,"turns":4},{"damage":3,"enemies":"Gensokyo:Python","floor":11,"turns":6},{"damage":0,"enemies":"Gensokyo:5_Fairies","floor":13,"turns":8},{"damage":32,"enemies":"Gensokyo:2_Rabbits","floor":16,"turns":7},{"damage":0,"enemies":"Gensokyo:Reimu","floor":18,"turns":11},{"damage":38,"enemies":"Hallownest:Guard_and_Sentry","floor":20,"turns":9},{"damage":89,"enemies":"Hallownest:3_Youths","floor":21,"turns":6}],"seed_played":"635603613347572989","potions_obtained":[{"floor":7,"key":"Swift Potion"},{"floor":13,"key":"Languid Potion"},{"floor":16,"key":"infinitespire:BlackPotion"},{"floor":20,"key":"PowerPotion"}],"is_trial":false,"path_per_floor":["M","?","$","?","?","R","E","R","T","M","M","R","M","PTL","PTL","M","R_BF","B",null,"M","M"],"character_chosen":"DEFECT","items_purchased":["Strawberry"],"campfire_rested":1,"item_purchase_floors":[3],"current_hp_per_floor":[72,75,82,82,82,82,29,54,54,54,56,56,67,67,67,43,43,43,85,53,0,0],"gold":330,"neow_bonus":"","is_daily":false,"chose_seed":false,"campfire_upgraded":1,"win_rate":0.0,"timestamp":1608449867,"path_taken":["M","?","$","?","?","R","E","R","T","?","?","R","?","PTL","PTL","?","R_BF","BOSS","M","?"],"items_purchased_type":["Relic"],"build_version":"2020-12-13","purchased_purges":0,"victory":false,"max_hp_per_floor":[75,78,85,85,85,85,85,85,85,85,85,85,85,85,85,85,85,85,85,85,85,85],"relic_stats":{"Peace Pipe":0,"counters":[10,65],"obtain_stats":[{"Peace Pipe":9,"CogitoBucket":0,"Strawberry":3,"halation:EternalFortune":2,"Thread and Needle":7,"hubris:Towel":4,"AdjustmentMirror":16,"hubris:MysteriousPyramids":17,"energizedSpire:SpiderWeb":19,"Cracked Core":0},{"Peace Pipe":2,"CogitoBucket":0,"Strawberry":1,"halation:EternalFortune":1,"Thread and Needle":2,"hubris:Towel":1,"AdjustmentMirror":7,"hubris:MysteriousPyramids":7,"energizedSpire:SpiderWeb":8,"Cracked Core":0},{"Peace Pipe":13,"CogitoBucket":0,"Strawberry":4,"halation:EternalFortune":4,"Thread and Needle":13,"hubris:Towel":4,"AdjustmentMirror":39,"hubris:MysteriousPyramids":39,"energizedSpire:SpiderWeb":50,"Cracked Core":0}]},"card_choices":[{"not_picked":["ShyLook","CherryBlossoms"],"picked":"HeroicMonk","floor":1},{"not_picked":["Beam Cell","Barrage"],"picked":"BasicCrystalCard","floor":1},{"not_picked":["PunishingBird","SpiderBud"],"picked":"VoidDream","floor":7},{"not_picked":["Steam","Genetic Algorithm"],"picked":"Loop","floor":7},{"not_picked":["Woodsman","Scorched"],"picked":"FairyFestival","floor":10},{"not_picked":["jedi:BurstLightning","Cold Snap"],"picked":"Time Bomb","floor":10},{"not_picked":["LongBird","OSAHOGD"],"picked":"BlackArmy","floor":11},{"not_picked":["Ball Lightning","ReplayTheSpireMod:System Scan","Coolheaded"],"picked":"SKIP","floor":11},{"not_picked":["Rudolta","Porccubus"],"picked":"ShyLook","floor":13},{"not_picked":["Undo","Turbo","Blizzard"],"picked":"SKIP","floor":13},{"not_picked":["Undo","Turbo","Blizzard"],"picked":"SKIP","floor":13},{"not_picked":["Scarecrow","OSAHOGD"],"picked":"QueenOfHatred","floor":16},{"not_picked":["Darkness","Turbo"],"picked":"jedi:hex","floor":16},{"not_picked":["LongBird","Murderer"],"picked":"GreedKing","floor":18},{"not_picked":["hubris:SpecializedCircuitry","ReplayTheSpireMod:Fabricate Wheel"],"picked":"Buffer","floor":18},{"not_picked":["Murderer","OldLady"],"picked":"NothingThere","floor":20},{"not_picked":["Rebound","ReplayTheSpireMod:Dual Polarity"],"picked":"ReplayTheSpireMod:Reroute Power","floor":20}],"player_experience":1327893,"relics_obtained":[{"floor":7,"key":"Thread and Needle"},{"floor":9,"key":"Peace Pipe"},{"floor":17,"key":"hubris:MysteriousPyramids"}],"event_choices":[],"is_beta":false,"boss_relics":[{"not_picked":["Replay:Drink Me","Black Star"],"picked":"energizedSpire:SpiderWeb"}],"items_purged_floors":[],"is_endless":false,"potions_floor_spawned":[7,13,16,20],"killed_by":"Hallownest:3_Youths","ascension_level":0}}