{"host":"0azimyi6n3ugndj4","time":1608478852,"event":{"mods":["BaseMod","Bestiary","Conspire","Curses Come First","Defuse TimeMaze Blight","Hyrulean Relics","Infinite Spire","Minty Spire (QoL Compilation)","Relic Sorter","Relic Stats","Replay The Spire","StSLib","SuperFastMode","Uncapped","¡¼?Úª?ø«¡½REMEMod"],"gold_per_floor":[144,69,117,147,147,147,234,234,234,330,360,453,453,378,378,612,612,654,654,690,690,741,834,834,884,884,834,924,963,1042,1083,1083,1107,1107],"floor_reached":33,"playtime":626,"items_purged":["Eruption","Tactician"],"score":846,"play_id":"9e95c91d-c2d5-47bb-be78-210518eab0a0","local_time":"20201221004052","daily_mods":["Insanity","Chimera","Specialized","Vintage","ControlledChaos","Allstar","Diverse","Colorless Cards","Heirloom","Time Dilation","Binary","Elite Swarm","Lethality","Midas","Uncertain Future"],"is_ascension_mode":true,"campfire_choices":[{"floor":6,"key":"REST"},{"floor":8,"key":"REST"},{"floor":15,"key":"REST"},{"floor":24,"key":"REST"},{"floor":32,"key":"REST"}],"circlet_count":0,"master_deck":["Demon Form","Wraith Form v2","Echo Form","DevaForm","AscendersBane","Bash","Survivor","Zap","Strike_R","Strike_G+1","Strike_B","Defend_R","Defend_G","Defend_P","Twin Strike","ReplayTheSpireMod:Speed Training","Flying Knee","Acrobatics","Predator","Deflect","Slice","Backflip","Rebound","Slice","FTL","Life Link","Go for the Eyes","REME_SelfUpgrade","Barrage","Compile Driver","Slice","Swivel","Finisher","ClearTheMind","WheelKick","Acrobatics","Sanctity","CrushJoints","FlurryOfBlows","Slice","Flying Knee","REME_Repentance","Cold Snap","Dagger Spray","CrushJoints","FlyingSleeves+1","Acrobatics","Shrug It Off","FTL","Replay:Bootleg Shield Generator","Rebound","PathToVictory","Panic Button","Trip","Flying Knee","Double Energy","Replay:Sssssssssshield","Wireheading","Defragment","Outmaneuver","Draining Mist","Rebound","REME_Compress","Tactician","Tactician","Tactician","Tactician","Sadistic Nature","Magnetism","conspire:Banana","Metamorphosis","Chrysalis","REME_Cut","conspire:HitWhereItHurts","ReplayTheSpireMod:Necrogeddon","Bludgeon","Envenom","Wraith Form v2+1","conspire:SpireCoStock","infinitespire:Oblivion","Impervious+1","REME_BuildACard+1"],"relics":["Cracked Core","Frozen Eye","REME_ComplimentaryCards","Dead Branch","Mango","Meat on the Bone","Vajra","zeldaRelics:CourageTriforce","Art of War","zeldaRelics:WisdomTriforce","infinitespire:Cubic Diamond","REME_DemonsWealth","infinitespire:EmpoweringShard","Black Star","conspire:TopHat","Replay:Kaleidoscope","Golden Egg","zeldaRelics:PowerTriforce","infinitespire:Midas Blood","MealTicket","Pear","conspire:Dentures"],"acts_visited":["Exordium","TheCity"],"potions_floor_usage":[23,28,33,33],"damage_taken":[{"damage":5,"enemies":"2 Louse","floor":1,"turns":2},{"damage":0,"enemies":"Jaw Worm","floor":3,"turns":1},{"damage":18,"enemies":"Small Slimes","floor":4,"turns":3},{"damage":41,"enemies":"Gremlin Nob","floor":7,"turns":4},{"damage":38,"enemies":"Lagavulin","floor":10,"turns":4},{"damage":20,"enemies":"Looter","floor":11,"turns":3},{"damage":0,"enemies":"Gremlin Nob","floor":12,"turns":2},{"damage":30,"enemies":"Fading Forest","floor":16,"turns":13},{"damage":68,"enemies":"2 Thieves","floor":18,"turns":5},{"damage":0,"enemies":"Shell Parasite","floor":20,"turns":1},{"damage":30,"enemies":"Shelled Parasite and Fungi","floor":22,"turns":5},{"damage":8,"enemies":"Gremlin Leader","floor":23,"turns":8},{"damage":17,"enemies":"Nightmare","floor":28,"turns":5},{"damage":28,"enemies":"Snake Plant","floor":29,"turns":2},{"damage":14,"enemies":"Book of Stabbing","floor":30,"turns":3},{"damage":12,"enemies":"3 Cultists","floor":31,"turns":4},{"damage":74,"enemies":"Pondfish","floor":33,"turns":3}],"seed_played":"-7153674757370257653","potions_obtained":[{"floor":3,"key":"Ancient Potion"},{"floor":7,"key":"EssenceOfSteel"},{"floor":18,"key":"DistilledChaos"},{"floor":29,"key":"SkillPotion"},{"floor":30,"key":"Toxic Potion"}],"is_trial":true,"path_per_floor":["M","$","M","M","?","R","E","R","T","E","M","E","?","?","R","B",null,"M","AVR","M","?","M","E","R","?","T","?","NM","M","E","M","R","B"],"character_chosen":"IRONCLAD","items_purchased":[],"campfire_rested":5,"item_purchase_floors":[],"current_hp_per_floor":[83,83,89,77,50,76,53,79,79,59,57,63,63,63,89,60,83,27,27,39,39,22,26,53,53,53,53,48,32,40,41,71,0,0],"gold":1107,"neow_bonus":"","is_daily":false,"chose_seed":false,"campfire_upgraded":0,"win_rate":0.0,"timestamp":1608478852,"path_taken":["M","$","M","M","?","R","E","R","T","E","M","E","?","?","R","BOSS","M","AVR","M","?","M","E","R","?","T","?","NM","M","E","M","R","BOSS"],"items_purchased_type":[],"build_version":"2020-12-13","purchased_purges":2,"victory":false,"max_hp_per_floor":[89,89,89,89,89,89,89,89,89,89,89,89,89,89,89,90,90,90,90,90,90,91,91,91,91,91,91,91,91,101,102,102,102,102],"relic_stats":{"counters":[17,68],"Dead Branch":[64],"MealTicket":0,"Art of War":[6],"Black Star":3,"obtain_stats":[{"Golden Egg":22,"Vajra":4,"Mango":1,"infinitespire:Cubic Diamond":13,"Burning Blood":0,"conspire:TopHat":19,"zeldaRelics:WisdomTriforce":23,"Frozen Eye":0,"REME_DemonsWealth":17,"MealTicket":30,"zeldaRelics:CouragePiece":7,"Cracked Core":13,"zeldaRelics:PowerPiece":26,"conspire:Dentures":31,"zeldaRelics:WisdomPiece":12,"Pear":30,"Dead Branch":0,"Replay:Kaleidoscope":20,"zeldaRelics:PowerTriforce":28,"zeldaRelics:CourageTriforce":10,"Art of War":11,"infinitespire:EmpoweringShard":18,"Black Star":19,"REME_ComplimentaryCards":0,"Meat on the Bone":3,"infinitespire:Midas Blood":29},{"Golden Egg":11,"Vajra":3,"Mango":1,"infinitespire:Cubic Diamond":7,"Burning Blood":0,"conspire:TopHat":9,"zeldaRelics:WisdomTriforce":12,"Frozen Eye":0,"REME_DemonsWealth":8,"MealTicket":15,"zeldaRelics:CouragePiece":4,"Cracked Core":7,"zeldaRelics:PowerPiece":12,"conspire:Dentures":16,"zeldaRelics:WisdomPiece":7,"Pear":15,"Dead Branch":0,"Replay:Kaleidoscope":10,"zeldaRelics:PowerTriforce":13,"zeldaRelics:CourageTriforce":5,"Art of War":6,"infinitespire:EmpoweringShard":9,"Black Star":9,"REME_ComplimentaryCards":0,"Meat on the Bone":2,"infinitespire:Midas Blood":14},{"Golden Egg":43,"Vajra":6,"Mango":2,"infinitespire:Cubic Diamond":19,"Burning Blood":0,"conspire:TopHat":37,"zeldaRelics:WisdomTriforce":51,"Frozen Eye":0,"REME_DemonsWealth":32,"MealTicket":61,"zeldaRelics:CouragePiece":10,"Cracked Core":19,"zeldaRelics:PowerPiece":51,"conspire:Dentures":65,"zeldaRelics:WisdomPiece":19,"Pear":61,"Dead Branch":0,"Replay:Kaleidoscope":38,"zeldaRelics:PowerTriforce":56,"zeldaRelics:CourageTriforce":14,"Art of War":17,"infinitespire:EmpoweringShard":37,"Black Star":37,"REME_ComplimentaryCards":0,"Meat on the Bone":3,"infinitespire:Midas Blood":58}],"Meat on the Bone":132},"card_choices":[{"not_picked":["Buffer"],"picked":"conspire:HitWhereItHurts","floor":7},{"not_picked":["Apotheosis"],"picked":"ReplayTheSpireMod:Necrogeddon","floor":10},{"not_picked":["Wraith Form v2"],"picked":"Bludgeon","floor":12},{"not_picked":["Unload"],"picked":"Envenom","floor":16},{"not_picked":["Magnetism","Brilliance","Pain"],"picked":"Wraith Form v2","floor":23},{"not_picked":["Replay:Fractal Strike","infinitespire:Execution"],"picked":"infinitespire:Oblivion","floor":28},{"not_picked":["REME_Flogging","ReplayTheSpireMod:Doomed"],"picked":"Impervious","floor":28},{"not_picked":["ReplayTheSpireMod:Brewmster","conspire:NecroticWound"],"picked":"REME_BuildACard","floor":30}],"player_experience":1487626,"relics_obtained":[{"floor":1,"key":"Mango"},{"floor":3,"key":"Meat on the Bone"},{"floor":4,"key":"Vajra"},{"floor":7,"key":"zeldaRelics:CouragePiece"},{"floor":9,"key":"zeldaRelics:CouragePiece"},{"floor":10,"key":"zeldaRelics:CouragePiece"},{"floor":11,"key":"Art of War"},{"floor":12,"key":"zeldaRelics:WisdomPiece"},{"floor":18,"key":"infinitespire:EmpoweringShard"},{"floor":20,"key":"Replay:Kaleidoscope"},{"floor":22,"key":"Golden Egg"},{"floor":23,"key":"zeldaRelics:WisdomPiece"},{"floor":23,"key":"zeldaRelics:WisdomPiece"},{"floor":26,"key":"zeldaRelics:PowerPiece"},{"floor":28,"key":"zeldaRelics:PowerPiece"},{"floor":28,"key":"zeldaRelics:PowerPiece"},{"floor":29,"key":"infinitespire:Midas Blood"},{"floor":30,"key":"MealTicket"},{"floor":30,"key":"Pear"},{"floor":31,"key":"conspire:Dentures"}],"event_choices":[{"damage_healed":0,"gold_gain":0,"player_choice":"Entered Light","damage_taken":27,"max_hp_gain":0,"max_hp_loss":0,"event_name":"Shining Light","floor":5,"gold_loss":0,"cards_upgraded":["Strike_G","FlyingSleeves"]},{"cards_removed":["Indignation"],"damage_healed":0,"gold_gain":0,"player_choice":"Card Removal","damage_taken":0,"max_hp_gain":0,"max_hp_loss":0,"event_name":"The Cleric","floor":14,"gold_loss":75},{"damage_healed":0,"gold_gain":0,"player_choice":"Ignored","damage_taken":0,"max_hp_gain":0,"max_hp_loss":0,"event_name":"Vampires","floor":21,"gold_loss":0},{"damage_healed":0,"gold_gain":50,"player_choice":"Stole From Cult","damage_taken":0,"max_hp_gain":0,"max_hp_loss":0,"event_name":"Nest","floor":25,"gold_loss":0},{"damage_healed":0,"gold_gain":0,"player_choice":"Invest 1","damage_taken":0,"max_hp_gain":0,"max_hp_loss":0,"event_name":"conspire:Investor","floor":27,"gold_loss":0}],"is_beta":false,"boss_relics":[{"not_picked":["Kintsugi","Tiny House"],"picked":"REME_DemonsWealth"}],"items_purged_floors":[2,19],"is_endless":true,"potions_floor_spawned":[3,7,10,18,29,30],"killed_by":"Pondfish","ascension_level":20}}