{"host":"hfvpa4llnnjpeawn","time":1608456190,"event":{"mods":["2.2 Compatiblity","AchievementEnabler","Act Like it!","Aspiration","Bard","BaseMod","Beaked The Cultist","Better Sensory Stone","Better Skull","Better Third Choice","BetterRewards","CapriCore","Conspire","Downfall","Elementarium","Energized Spire","Hermit","Hubris","Jorbs\u0027s Wanderer Trilogy","Koishi","Lobotomy","LobotomyExtend","Minty Spire (QoL Compilation)","Replay The Spire","Shade Mod","Spicy Shops","StSLib","The Bladedancer","The Factory","The Gatherer","The Jungle","Waifu the Spire","Wandering Minibosses"],"gold_per_floor":[276,276,276,287,18,18,46,46,46,46,56,56,56,85,85,185,185,185,185],"floor_reached":18,"playtime":3122,"items_purged":[],"score":201,"play_id":"e364b7dd-47ab-48c7-9544-2950ce5e49fd","local_time":"20201220042310","is_ascension_mode":true,"campfire_choices":[{"data":"expansioncontent:BronzeBeam","floor":6,"key":"SMITH"},{"data":"blademaster:SharpBlades","floor":8,"key":"SMITH"},{"data":"blademaster:EnchantedCuirass","floor":10,"key":"SMITH"},{"data":"blademaster:Safeguard","floor":12,"key":"SMITH"},{"floor":15,"key":"REST"}],"circlet_count":0,"master_deck":["blademaster:Strike","blademaster:Strike","blademaster:Strike","blademaster:Strike","blademaster:Defend","blademaster:Defend","blademaster:Defend","blademaster:Defend","blademaster:RagingBlow","blademaster:HighVoltage","SpiderBud","blademaster:BloodyBlow+1","UniverseFragment","blademaster:SharpBlades+1","blademaster:CullingStrike","expansioncontent:BronzeBeam+1","Wellcheers","blademaster:EnchantedCuirass+1","blademaster:Safeguard+1","blademaster:RagingBlow","VoidDream"],"relics":["blademaster:DancersAmulet","CogitoBucket","LetterFromLob","aspiration:BabyByrd","Sling","Matryoshka","BranchBurnRelic","conspire:Dentures","aspiration:PoetsPen_weak","MagicBullet_r"],"acts_visited":["Exordium","Exordium"],"potions_floor_usage":[7,16,16,18],"damage_taken":[{"damage":0,"enemies":"2 Louse","floor":1,"turns":2},{"damage":6,"enemies":"Jaw Worm","floor":4,"turns":3},{"damage":15,"enemies":"Lagavulin","floor":7,"turns":4},{"damage":0,"enemies":"Cultist","floor":11,"turns":6},{"damage":70,"enemies":"Gremlin Nob","floor":14,"turns":8},{"damage":46,"enemies":"Hexaghost","floor":16,"turns":5},{"damage":110,"enemies":"Elementarium:2_ELEMENTALS","floor":18,"turns":3}],"seed_played":"-7037959972180093561","potions_obtained":[{"floor":4,"key":"ColorlessPotion"},{"floor":7,"key":"Venom Potion"},{"floor":14,"key":"ColorlessPotion"},{"floor":16,"key":"PowerPotion"}],"is_trial":false,"path_per_floor":["M","?","?","M","$","R","E","R","T","R","M","R","?","E","R","B",null,"M"],"character_chosen":"THE_BLADEMASTER","items_purchased":["Sling","blademaster:CullingStrike","expansioncontent:BronzeBeam"],"campfire_rested":1,"item_purchase_floors":[5,5,5],"current_hp_per_floor":[75,75,75,69,69,69,54,54,54,54,72,72,65,13,35,44,75,0,0],"gold":185,"neow_bonus":"","is_daily":false,"chose_seed":false,"campfire_upgraded":4,"win_rate":0.0,"timestamp":1608456190,"path_taken":["M","?","?","?","?","R","E","R","T","R","M","R","?","E","R","BOSS","M"],"items_purchased_type":["Relic","Card","Card"],"build_version":"2020-12-13","purchased_purges":0,"victory":false,"max_hp_per_floor":[75,75,75,75,75,75,75,75,75,75,75,75,75,75,75,75,75,75,75],"card_choices":[{"not_picked":["ShyLook","PunishingBird","MeatLantern"],"picked":"Singing Bowl","floor":1},{"not_picked":["NakedNest","WallGazer"],"picked":"SpiderBud","floor":1},{"not_picked":["blademaster:AwakeningDefend","blademaster:OneTrickPony"],"picked":"blademaster:BloodyBlow","floor":1},{"not_picked":["WallGazer","Scorched"],"picked":"UniverseFragment","floor":4},{"not_picked":["blademaster:Stability","blademaster:Blockade"],"picked":"blademaster:SharpBlades","floor":4},{"not_picked":["BeautyBeast","Murderer","WallGazer"],"picked":"Singing Bowl","floor":7},{"not_picked":["MeatLantern","BeautyBeast"],"picked":"Wellcheers","floor":7},{"not_picked":["blademaster:EyeOfTheTornado","blademaster:DragonStrike"],"picked":"blademaster:EnchantedCuirass","floor":7},{"not_picked":["OldLady","MHz"],"picked":"Yin","floor":11},{"not_picked":["blademaster:Thrust","blademaster:Frontflip"],"picked":"blademaster:Safeguard","floor":11},{"not_picked":["blademaster:FuriousStrike","blademaster:ThunderSlash"],"picked":"blademaster:RagingBlow","floor":14},{"not_picked":["Bloodbath","Murderer","WhitesApple"],"picked":"Singing Bowl","floor":16},{"not_picked":["MeatLantern","Bloodbath"],"picked":"VoidDream","floor":16}],"player_experience":286302,"relics_obtained":[{"floor":1,"key":"LetterFromLob"},{"floor":7,"key":"Matryoshka"},{"floor":7,"key":"blademaster:BonusFuryPerk"},{"floor":9,"key":"Dead Branch"},{"floor":14,"key":"conspire:Dentures"},{"floor":14,"key":"blademaster:FinisherDrawCardPerk"}],"event_choices":[{"damage_healed":0,"gold_gain":0,"player_choice":"Forge","damage_taken":0,"max_hp_gain":0,"max_hp_loss":0,"event_name":"Accursed Blacksmith","floor":3,"gold_loss":0,"cards_upgraded":["blademaster:BloodyBlow"]},{"damage_healed":0,"gold_gain":0,"player_choice":"Damaged","damage_taken":7,"max_hp_gain":0,"max_hp_loss":0,"event_name":"Wheel of Change","floor":13,"gold_loss":0}],"is_beta":false,"boss_relics":[{"not_picked":["conspire:RunicOctahedron","SacredBark"],"picked":"aspiration:PoetsPen_weak"}],"items_purged_floors":[],"is_endless":false,"potions_floor_spawned":[4,7,14,16],"killed_by":"Elementarium:2_ELEMENTALS","ascension_level":1}}