{"host":"usewcu4ohw2wtmxk","time":1608466134,"event":{"mods":["BaseMod","Minty Spire (QoL Compilation)","Permanent Neow","Quick Restart","Relic Stats"],"gold_per_floor":[20,33,33,51,51,83,83,108,159,159,175,175,175,201,201,302,302,317,332,257,276,276,305,319,352,352,365,135,165,180,212,212,317,317,330,330,341,391,63,89,89,423,423,456,468,95,95,120,120,120,120,120,120,147,147],"floor_reached":56,"playtime":1635,"items_purged":["Defend_B","Defend_B","Defend_B+1"],"score":1775,"play_id":"4871dc2f-ffe2-499e-ae8c-ff9625690075","local_time":"20201220200854","is_ascension_mode":true,"campfire_choices":[{"data":"Defragment","floor":7.0,"key":"SMITH"},{"data":"Dualcast","floor":10.0,"key":"SMITH"},{"data":"Zap","floor":13.0,"key":"SMITH"},{"data":"Defragment","floor":15.0,"key":"SMITH"},{"data":"Turbo","floor":32.0,"key":"SMITH"},{"data":"Defragment","floor":41.0,"key":"SMITH"},{"floor":49.0,"key":"RECALL"},{"data":"Heatsinks","floor":52.0,"key":"SMITH"}],"circlet_count":0,"master_deck":["Defend_B+1","Zap+1","Dualcast+1","Electrodynamics+1","BootSequence+1","Ball Lightning","Turbo+1","Defragment+1","Defragment+1","Core Surge","Hologram","Loop+1","Glacier+1","Creative AI","Skim+1","Defragment+1","Coolheaded+1","Heatsinks+1","Capacitor+1","Panacea"],"relics":["Cracked Core","HornCleat","PreservedInsect","Vajra","TungstenRod","Empty Cage","Unceasing Top","Bronze Scales","Matryoshka","OrangePellets","Mummified Hand","War Paint","Nuclear Battery","Gambling Chip","ClockworkSouvenir","Bag of Preparation","Old Coin","Meat on the Bone","Juzu Bracelet","TheAbacus","Bird Faced Urn","Ornamental Fan"],"acts_visited":["Exordium","TheCity","TheBeyond","TheEnding"],"potions_floor_usage":[55,55],"damage_taken":[{"damage":0.0,"enemies":"2 Louse","floor":1.0,"turns":2.0},{"damage":0.0,"enemies":"Small Slimes","floor":2.0,"turns":3.0},{"damage":2.0,"enemies":"Jaw Worm","floor":4.0,"turns":2.0},{"damage":18.0,"enemies":"Gremlin Nob","floor":6.0,"turns":3.0},{"damage":1.0,"enemies":"3 Sentries","floor":8.0,"turns":3.0},{"damage":0.0,"enemies":"Looter","floor":11.0,"turns":2.0},{"damage":10.0,"enemies":"Lagavulin","floor":14.0,"turns":4.0},{"damage":19.0,"enemies":"Hexaghost","floor":16.0,"turns":6.0},{"damage":17.0,"enemies":"3 Byrds","floor":18.0,"turns":3.0},{"damage":10.0,"enemies":"2 Thieves","floor":19.0,"turns":2.0},{"damage":12.0,"enemies":"Snecko","floor":21.0,"turns":5.0},{"damage":7.0,"enemies":"Slavers","floor":23.0,"turns":3.0},{"damage":0.0,"enemies":"Cultist and Chosen","floor":24.0,"turns":4.0},{"damage":0.0,"enemies":"Book of Stabbing","floor":25.0,"turns":3.0},{"damage":0.0,"enemies":"Snake Plant","floor":27.0,"turns":3.0},{"damage":7.0,"enemies":"Gremlin Leader","floor":29.0,"turns":3.0},{"damage":3.0,"enemies":"3 Cultists","floor":30.0,"turns":3.0},{"damage":4.0,"enemies":"Slavers","floor":31.0,"turns":3.0},{"damage":5.0,"enemies":"Champ","floor":33.0,"turns":12.0},{"damage":0.0,"enemies":"Orb Walker","floor":35.0,"turns":2.0},{"damage":0.0,"enemies":"3 Shapes","floor":37.0,"turns":4.0},{"damage":0.0,"enemies":"Mind Bloom Boss Battle","floor":38.0,"turns":4.0},{"damage":0.0,"enemies":"Giant Head","floor":40.0,"turns":8.0},{"damage":0.0,"enemies":"Reptomancer","floor":42.0,"turns":4.0},{"damage":0.0,"enemies":"Giant Head","floor":44.0,"turns":4.0},{"damage":0.0,"enemies":"3 Darklings","floor":45.0,"turns":2.0},{"damage":0.0,"enemies":"Reptomancer","floor":48.0,"turns":2.0},{"damage":0.0,"enemies":"Time Eater","floor":50.0,"turns":8.0},{"damage":0.0,"enemies":"Shield and Spear","floor":54.0,"turns":1.0},{"damage":14,"enemies":"The Heart","floor":55,"turns":9}],"seed_played":"8389275481905666918","potions_obtained":[{"floor":4.0,"key":"FocusPotion"},{"floor":8.0,"key":"PotionOfCapacity"},{"floor":14.0,"key":"ColorlessPotion"},{"floor":18.0,"key":"LiquidMemories"},{"floor":27.0,"key":"SmokeBomb"},{"floor":29.0,"key":"LiquidBronze"},{"floor":30.0,"key":"SkillPotion"},{"floor":37.0,"key":"Ancient Potion"}],"is_trial":false,"path_per_floor":["M","M","?","M","?","E","R","E","T","R","M","?","R","E","R","B",null,"M","M","?","M","?","E","M","E","T","M","$","E","M","E","R","B",null,"M","?","M","?","$","E","R","E","T","E","M","$","?","E","R","B",null,"R","$","E","B",null],"character_chosen":"DEFECT","items_purchased":["OrangePellets","ClockworkSouvenir","Defragment","TheAbacus","Panacea"],"campfire_rested":0,"item_purchase_floors":[28,39,39,46,46],"current_hp_per_floor":[75,75,75,73,58,40,40,39,39,39,39,39,39,29,29,10,75,58,48,48,36,36,29,29,29,29,29,29,22,19,15,15,10,75,75,75,75,75,75,75,75,75,75,75,75,75,75,75,75,75,75,75,75,75,75],"gold":147,"neow_bonus":"THREE_RARE_CARDS","is_daily":false,"chose_seed":false,"campfire_upgraded":7,"win_rate":0.0,"timestamp":1608466134,"path_taken":["M","M","?","M","?","E","R","E","T","R","M","?","R","E","R","BOSS","M","M","?","M","?","E","M","E","T","M","$","E","M","E","R","BOSS","M","?","?","?","$","E","R","E","T","E","M","$","?","E","R","BOSS","R","$","E","BOSS"],"items_purchased_type":["Relic","Relic","Card","Relic","Card"],"build_version":"2020-12-13","purchased_purges":3,"victory":true,"max_hp_per_floor":[75,75,75,75,75,75,75,75,75,75,75,75,75,75,75,75,75,75,75,75,75,75,75,75,75,75,75,75,75,75,75,75,75,75,75,75,75,75,75,75,75,75,75,75,75,75,75,75,75,75,75,75,75,75,75],"relic_stats":{"counters":[30,115],"PreservedInsect":629,"Bag of Preparation":[14],"Juzu Bracelet":0,"War Paint":["BootSequence","Defend_B"],"OrangePellets":[4],"TheAbacus":[144],"Mummified Hand":[122],"Ornamental Fan":[0],"Bronze Scales":[263],"Gambling Chip":[26],"Bird Faced Urn":[14],"obtain_stats":[{"Vajra":9,"PreservedInsect":8,"Bag of Preparation":40,"Juzu Bracelet":44,"War Paint":31,"Empty Cage":17,"Nuclear Battery":34,"ClockworkSouvenir":39,"Old Coin":42,"OrangePellets":28,"HornCleat":6,"Matryoshka":26,"TheAbacus":46,"Mummified Hand":29,"Ornamental Fan":54,"Bronze Scales":25,"Gambling Chip":38,"Bird Faced Urn":48,"Cracked Core":0,"TungstenRod":14,"Unceasing Top":23,"Meat on the Bone":43},{"Vajra":5,"PreservedInsect":5,"Bag of Preparation":23,"Juzu Bracelet":25,"War Paint":18,"Empty Cage":8,"Nuclear Battery":19,"ClockworkSouvenir":22,"Old Coin":24,"OrangePellets":15,"HornCleat":4,"Matryoshka":14,"TheAbacus":26,"Mummified Hand":16,"Ornamental Fan":29,"Bronze Scales":14,"Gambling Chip":22,"Bird Faced Urn":27,"Cracked Core":0,"TungstenRod":7,"Unceasing Top":12,"Meat on the Bone":24},{"Vajra":13,"PreservedInsect":13,"Bag of Preparation":85,"Juzu Bracelet":93,"War Paint":56,"Empty Cage":25,"Nuclear Battery":68,"ClockworkSouvenir":78,"Old Coin":89,"OrangePellets":48,"HornCleat":10,"Matryoshka":45,"TheAbacus":95,"Mummified Hand":51,"Ornamental Fan":106,"Bronze Scales":45,"Gambling Chip":78,"Bird Faced Urn":97,"Cracked Core":0,"TungstenRod":19,"Unceasing Top":38,"Meat on the Bone":89}],"TungstenRod":20,"Unceasing Top":[9],"Meat on the Bone":0},"card_choices":[{"not_picked":["Amplify","Reboot"],"picked":"Electrodynamics","floor":0.0},{"not_picked":["Hologram","Chill"],"picked":"BootSequence","floor":1.0},{"not_picked":["Melter","Go for the Eyes"],"picked":"Ball Lightning","floor":2.0},{"not_picked":["Leap","Steam"],"picked":"Turbo","floor":4.0},{"not_picked":["Cold Snap","Amplify"],"picked":"Defragment","floor":6.0},{"not_picked":["Static Discharge","Rebound","Machine Learning"],"picked":"SKIP","floor":8.0},{"not_picked":["Static Discharge","Rebound","Machine Learning"],"picked":"SKIP","floor":8.0},{"not_picked":["Steam","Auto Shields","Hello World"],"picked":"SKIP","floor":11.0},{"not_picked":["White Noise","Force Field"],"picked":"Defragment","floor":14.0},{"not_picked":["Seek","Meteor Strike"],"picked":"Core Surge","floor":16.0},{"not_picked":["Steam","Chaos","Turbo+1"],"picked":"SKIP","floor":18.0},{"not_picked":["Leap","Compile Driver+1","Scrape+1"],"picked":"SKIP","floor":19.0},{"not_picked":["Turbo","Sweeping Beam"],"picked":"Hologram","floor":21.0},{"not_picked":["Rebound","All For One","Genetic Algorithm+1"],"picked":"SKIP","floor":23.0},{"not_picked":["Hologram","Sunder","Rebound+1"],"picked":"SKIP","floor":24.0},{"not_picked":["Hologram","Sunder","Rebound+1"],"picked":"SKIP","floor":24.0},{"not_picked":["Storm+1","Steam"],"picked":"Loop+1","floor":25.0},{"not_picked":["Undo","Hologram","Beam Cell"],"picked":"SKIP","floor":27.0},{"not_picked":["Streamline","Go for the Eyes"],"picked":"Glacier+1","floor":29.0},{"not_picked":["Sunder+1","Stack","Conserve Battery"],"picked":"SKIP","floor":30.0},{"not_picked":["Stack","Hologram","Turbo+1"],"picked":"SKIP","floor":31.0},{"not_picked":["Multi-Cast","Hyperbeam"],"picked":"Creative AI","floor":33.0},{"not_picked":["Undo","Leap+1"],"picked":"Cold Snap+1","floor":35.0},{"not_picked":["Steam Power+1","Turbo+1"],"picked":"Skim+1","floor":37.0},{"not_picked":["Cold Snap","Go for the Eyes+1"],"picked":"Coolheaded+1","floor":40.0},{"not_picked":["Stack+1","Loop+1"],"picked":"Heatsinks","floor":42.0},{"not_picked":["Steam+1","Skim+1","Sweeping Beam"],"picked":"SKIP","floor":44.0},{"not_picked":["Seek","Loop"],"picked":"Capacitor+1","floor":45.0},{"not_picked":["Stack","Leap+1","Electrodynamics"],"picked":"SKIP","floor":48.0},{"not_picked":["Beam Cell","Rip and Tear+1","Steam"],"picked":"SKIP","floor":54.0}],"player_experience":232195,"relics_obtained":[{"floor":6.0,"key":"HornCleat"},{"floor":8.0,"key":"PreservedInsect"},{"floor":9.0,"key":"Vajra"},{"floor":14.0,"key":"TungstenRod"},{"floor":23.0,"key":"Unceasing Top"},{"floor":25.0,"key":"Bronze Scales"},{"floor":26.0,"key":"Matryoshka"},{"floor":29.0,"key":"Mummified Hand"},{"floor":31.0,"key":"War Paint"},{"floor":38.0,"key":"Gambling Chip"},{"floor":40.0,"key":"Bag of Preparation"},{"floor":42.0,"key":"Old Coin"},{"floor":43.0,"key":"Meat on the Bone"},{"floor":44.0,"key":"Juzu Bracelet"},{"floor":48.0,"key":"Bird Faced Urn"},{"floor":54.0,"key":"Ornamental Fan"}],"event_choices":[{"damage_healed":0.0,"max_hp_gain":0.0,"max_hp_loss":0.0,"gold_gain":0.0,"cards_transformed":["Strike_B"],"event_name":"Living Wall","player_choice":"Change","floor":3.0,"gold_loss":0.0,"damage_taken":0.0,"cards_obtained":["Rip and Tear"]},{"damage_healed":0.0,"max_hp_gain":0.0,"max_hp_loss":0.0,"gold_gain":0.0,"event_name":"Shining Light","player_choice":"Entered Light","floor":5.0,"gold_loss":0.0,"damage_taken":15.0,"cards_upgraded":["Electrodynamics","Defend_B"]},{"damage_healed":0.0,"max_hp_gain":0.0,"max_hp_loss":0.0,"gold_gain":0.0,"event_name":"Liars Game","player_choice":"Ignored","floor":12.0,"gold_loss":0.0,"damage_taken":0.0},{"cards_removed":["Strike_B"],"damage_healed":0.0,"max_hp_gain":0.0,"max_hp_loss":0.0,"gold_gain":0.0,"event_name":"Beggar","player_choice":"Gave Gold","floor":20.0,"gold_loss":75.0,"damage_taken":0.0},{"damage_healed":0.0,"max_hp_gain":0.0,"max_hp_loss":0.0,"gold_gain":0.0,"event_name":"Vampires","player_choice":"Ignored","floor":22.0,"gold_loss":0.0,"damage_taken":0.0},{"cards_removed":["Rip and Tear"],"damage_healed":0.0,"max_hp_gain":0.0,"max_hp_loss":0.0,"gold_gain":0.0,"event_name":"Purifier","player_choice":"Purged","floor":36.0,"gold_loss":0.0,"damage_taken":0.0},{"damage_healed":0.0,"max_hp_gain":0.0,"max_hp_loss":0.0,"gold_gain":0.0,"event_name":"MindBloom","player_choice":"Fight","floor":38.0,"gold_loss":0.0,"damage_taken":0.0},{"cards_removed":["Cold Snap"],"damage_healed":0.0,"max_hp_gain":0.0,"max_hp_loss":0.0,"gold_gain":0.0,"event_name":"Falling","player_choice":"Removed Attack","floor":47.0,"gold_loss":0.0,"damage_taken":0.0}],"is_beta":false,"boss_relics":[{"not_picked":["Busted Crown","Velvet Choker"],"picked":"Empty Cage"},{"not_picked":["Runic Dome","Pandora\u0027s Box"],"picked":"Nuclear Battery"}],"items_purged_floors":[28,39,46],"is_endless":false,"potions_floor_spawned":[4,8,14,18,27,29,30,31,37,38,40,48,54],"ascension_level":3}}