{"host":"jpzdg3po3tjxdjri","time":1608488106,"event":{"mods":["BaseMod","Better Third Choice","Colored Map","Colored Powertips","Minty Spire (QoL Compilation)","StSLib"],"gold_per_floor":[214,214,17,29,43,43,43,218,218,6,31,51,26,15,15,15,15],"floor_reached":16,"playtime":351,"items_purged":["Doubt"],"score":162,"play_id":"e9de195f-7d5a-43da-9afc-f3d0af186d74","local_time":"20201220181506","is_ascension_mode":true,"campfire_choices":[{"data":"Poisoned Stab","floor":6,"key":"SMITH"},{"data":"Poisoned Stab","floor":15,"key":"SMITH"}],"circlet_count":0,"master_deck":["AscendersBane","Strike_G","Strike_G","Strike_G","Strike_G","Strike_G","Defend_G","Defend_G","Defend_G","Defend_G","Defend_G","Survivor","Neutralize","Underhanded Strike","Poisoned Stab+1","Blade Dance","Escape Plan","Skewer","Leg Sweep","Blade Dance","Dodge and Roll","Poisoned Stab+1","Sucker Punch"],"relics":["Ring of the Snake","Membership Card","TungstenRod","Tingsha","Prayer Wheel","Blue Candle"],"acts_visited":["Exordium"],"potions_floor_usage":[11],"damage_taken":[{"damage":1,"enemies":"Small Slimes","floor":1,"turns":5},{"damage":0,"enemies":"Jaw Worm","floor":4,"turns":5},{"damage":1,"enemies":"Cultist","floor":5,"turns":3},{"damage":15,"enemies":"Gremlin Nob","floor":11,"turns":3},{"damage":5,"enemies":"3 Louse","floor":12,"turns":2},{"damage":50,"enemies":"Slime Boss","floor":16,"turns":10}],"seed_played":"-8205605953482136941","potions_obtained":[{"floor":1,"key":"GamblersBrew"}],"is_trial":false,"path_per_floor":["M","?","$","M","M","R","T","?","T","$","E","M","$","$","R","B"],"character_chosen":"THE_SILENT","items_purchased":["Poisoned Stab","Membership Card","Prayer Wheel","Skewer","Poisoned Stab","Sucker Punch"],"campfire_rested":0,"item_purchase_floors":[3,3,10,10,13,14],"current_hp_per_floor":[62,67,67,67,66,66,66,66,66,66,51,46,46,46,46,0,0],"gold":15,"neow_bonus":"HUNDRED_GOLD","is_daily":false,"chose_seed":false,"campfire_upgraded":2,"win_rate":0.0,"timestamp":1608488106,"path_taken":["M","?","$","M","M","R","?","?","T","$","E","M","?","$","R","BOSS"],"items_purchased_type":["Card","Relic","Relic","Card","Card","Card"],"build_version":"2020-12-13","purchased_purges":1,"victory":false,"max_hp_per_floor":[70,75,75,75,75,75,75,75,75,75,75,75,75,75,75,75,75],"card_choices":[{"not_picked":["Deflect","PiercingWail"],"picked":"Underhanded Strike","floor":1},{"not_picked":["All Out Attack","Concentrate"],"picked":"Blade Dance","floor":4},{"not_picked":["PiercingWail","Catalyst"],"picked":"Escape Plan","floor":5},{"not_picked":["Dodge and Roll","Skewer"],"picked":"Leg Sweep","floor":11},{"not_picked":["Dodge and Roll","Dagger Spray"],"picked":"Blade Dance","floor":12},{"not_picked":["Bane","Slice"],"picked":"Dodge and Roll","floor":12}],"player_experience":802009,"relics_obtained":[{"floor":7,"key":"TungstenRod"},{"floor":9,"key":"Tingsha"},{"floor":11,"key":"Blue Candle"}],"event_choices":[{"damage_healed":0,"gold_gain":0,"player_choice":"Donut","damage_taken":0,"max_hp_gain":5,"max_hp_loss":0,"event_name":"Big Fish","floor":2,"gold_loss":0},{"damage_healed":0,"gold_gain":175,"player_choice":"AGREE","damage_taken":43,"max_hp_gain":0,"max_hp_loss":0,"event_name":"betterThird:BetterSerpent","floor":8,"gold_loss":0}],"is_beta":false,"boss_relics":[],"items_purged_floors":[10],"is_endless":false,"potions_floor_spawned":[1],"killed_by":"Slime Boss","ascension_level":13}}