{"host":"26mrfot5w7uj2ebc","time":1608441877,"event":{"mods":["AchievementEnabler","BaseMod","Colored Map","Minty Spire (QoL Compilation)"],"gold_per_floor":[113,4,4,19,37,37,50,50,50,125,137,137,153,153,153,153,153],"floor_reached":16,"playtime":491,"items_purged":["Regret"],"score":92,"play_id":"ea3b2c6f-4127-4f63-b30d-9323c11137e3","local_time":"20201220142437","is_ascension_mode":false,"campfire_choices":[{"data":"Metamorphosis","floor":6,"key":"SMITH"},{"floor":12,"key":"REST"},{"floor":15,"key":"REST"}],"circlet_count":0,"master_deck":["Strike_P","Strike_P","Strike_P","Strike_P","Defend_P","Defend_P","Defend_P","Defend_P","Eruption","Vigilance","Metamorphosis+1","FlurryOfBlows","Fasting2","Prostrate","Evaluate","Wallop","Regret","Collect","MentalFortress+1"],"relics":["PureWater","Ginger","Pen Nib"],"acts_visited":["Exordium"],"potions_floor_usage":[16,16],"damage_taken":[{"damage":4,"enemies":"Cultist","floor":1,"turns":2},{"damage":0,"enemies":"2 Louse","floor":4,"turns":2},{"damage":0,"enemies":"Small Slimes","floor":5,"turns":3},{"damage":17,"enemies":"Exordium Thugs","floor":7,"turns":4},{"damage":10,"enemies":"Large Slime","floor":11,"turns":4},{"damage":17,"enemies":"Blue Slaver","floor":13,"turns":4},{"damage":30,"enemies":"The Guardian","floor":16,"turns":7}],"seed_played":"8274440735157102350","potions_obtained":[{"floor":7,"key":"Energy Potion"},{"floor":11,"key":"Ancient Potion"},{"floor":13,"key":"StancePotion"}],"is_trial":false,"path_per_floor":["M","$","?","M","M","R","M","?","T","?","M","R","M","?","R","B"],"character_chosen":"WATCHER","items_purchased":["Fasting2"],"campfire_rested":2,"item_purchase_floors":[2],"current_hp_per_floor":[68,68,43,43,43,43,26,26,26,15,5,26,9,9,30,0,0],"gold":153,"neow_bonus":"RANDOM_COLORLESS_2","is_daily":false,"chose_seed":false,"campfire_upgraded":1,"win_rate":0.0,"timestamp":1608441877,"path_taken":["M","$","?","M","M","R","M","?","T","?","M","R","M","?","R","BOSS"],"items_purchased_type":["Card"],"build_version":"2020-12-13","purchased_purges":1,"victory":false,"max_hp_per_floor":[72,72,72,72,72,72,72,72,72,72,72,72,72,72,72,72,72],"card_choices":[{"not_picked":["The Bomb","HandOfGreed"],"picked":"Metamorphosis","floor":0},{"not_picked":["Perseverance","JustLucky"],"picked":"FlurryOfBlows","floor":1},{"not_picked":["Crescendo","WindmillStrike"],"picked":"Prostrate","floor":4},{"not_picked":["BattleHymn","Halt"],"picked":"Evaluate","floor":5},{"not_picked":["Crescendo","EmptyBody"],"picked":"Wallop","floor":7},{"not_picked":["CutThroughFate","FlyingSleeves"],"picked":"Collect","floor":11},{"not_picked":["EmptyBody","ClearTheMind"],"picked":"MentalFortress","floor":13}],"player_experience":193478,"relics_obtained":[],"event_choices":[{"damage_healed":0,"gold_gain":0,"player_choice":"Success","damage_taken":25,"relics_obtained":["Ginger"],"max_hp_gain":0,"max_hp_loss":0,"event_name":"Scrap Ooze","floor":3,"gold_loss":0},{"damage_healed":0,"gold_gain":0,"player_choice":"Box","damage_taken":0,"relics_obtained":["Pen Nib"],"max_hp_gain":0,"max_hp_loss":0,"event_name":"Big Fish","floor":8,"gold_loss":0,"cards_obtained":["Regret"]},{"damage_healed":0,"gold_gain":75,"player_choice":"Gather Gold","damage_taken":11,"max_hp_gain":0,"max_hp_loss":0,"event_name":"World of Goop","floor":10,"gold_loss":0},{"damage_healed":0,"gold_gain":0,"player_choice":"Upgraded","damage_taken":0,"max_hp_gain":0,"max_hp_loss":0,"event_name":"Upgrade Shrine","floor":14,"gold_loss":0,"cards_upgraded":["MentalFortress"]}],"is_beta":false,"boss_relics":[],"items_purged_floors":[2],"is_endless":false,"potions_floor_spawned":[7,11,13],"killed_by":"The Guardian","ascension_level":0}}