{"host":"an6uhul3yec8m0jh","time":1608477991,"event":{"mods":["Act Like it!","BaseMod","Colored Map","Colored Powertips","Gensokyo","Highlight Path","Minty Spire (QoL Compilation)","Quick Restart","StSLib","Waifu the Spire","noobMod","【东方二次创作】八云紫mod"],"gold_per_floor":[135,152,164,164,198,198,198,198,223,234,264,264,293,313,313,408,408,422,35,52,64,77,108,108,108],"floor_reached":24,"playtime":3210,"items_purged":["AT_purpleEX"],"score":238,"play_id":"72484ae2-9ab4-4c51-9054-62437e95bb54","local_time":"20201220232631","is_ascension_mode":false,"campfire_choices":[{"data":"MonsterNeedle_purple","floor":6.0,"key":"SMITH"},{"floor":15.0,"key":"REST"}],"circlet_count":0,"master_deck":["AT_purpleEX","AT_purpleEX","AT_purpleEX","Defend_purpleEX","Defend_purpleEX","Defend_purpleEX","Defend_purpleEX","Observe_purple_1","Observe_purple_2","Boundary_LightAndDark_purple","MonsterNeedle_purple+1","MagicEyes_LaplaceDemon_purple","Boundary_of_Extermination_purpleEX","Charmbait_purple","Mirror_FormAndEmptin_purple","Theboundaryofcreation_purpleEX","FragmentationRealm_purple","RuleDissolution_purple","Line_surface_state_purple+1","OmniscientAndOmnipotent_Monster_purple","Boundary_DreamRealityDamnation_purple","OpenedBox_purple"],"relics":["Boundary_crack","Memoryfragments_purpleEX","ice","NeowsBlessing","Gensokyo:Justice","Question Card","Blue Candle","Omamori","Oddly Smooth Stone","Happy Flower","Blood Vial","Runic Pyramid","Prayer Wheel","Du-Vu Doll"],"acts_visited":["Gensokyo:Gensokyo","Gensokyo:Gensokyoer"],"potions_floor_usage":[],"damage_taken":[{"damage":0.0,"enemies":"Gensokyo:3_Fairies","floor":1.0,"turns":2.0},{"damage":0.0,"enemies":"Gensokyo:2_Kodama","floor":2.0,"turns":1.0},{"damage":0.0,"enemies":"Gensokyo:Gryphon","floor":3.0,"turns":1.0},{"damage":30.0,"enemies":"Gensokyo:Cirno","floor":5.0,"turns":5.0},{"damage":7.0,"enemies":"Gensokyo:Kitsune","floor":10.0,"turns":3.0},{"damage":14.0,"enemies":"Gensokyo:Cirno","floor":11.0,"turns":5.0},{"damage":12.0,"enemies":"Gensokyo:Mamizou","floor":13.0,"turns":7.0},{"damage":0.0,"enemies":"Gensokyo:2_Rabbits","floor":14.0,"turns":3.0},{"damage":28.0,"enemies":"Gensokyo:Yukari","floor":16.0,"turns":8.0},{"damage":13.0,"enemies":"Gensokyo:CosmicMonolith","floor":18.0,"turns":5.0},{"damage":0,"enemies":"Gensokyo:2_Gloops","floor":20,"turns":4},{"damage":11,"enemies":"Gensokyo:Wraith","floor":21,"turns":5},{"damage":0,"enemies":"Gensokyo:Swordslinger","floor":22,"turns":4},{"damage":36,"enemies":"Gensokyo:Reisen","floor":23,"turns":6},{"damage":0,"enemies":"Gensokyo:Mirror_and_Dog","floor":24,"turns":1}],"seed_played":"-2813104756164870423","potions_obtained":[{"floor":2.0,"key":"SpeedPotion"},{"floor":5.0,"key":"Dexterity Potion"},{"floor":14.0,"key":"BlessingOfTheForge"}],"is_trial":false,"path_per_floor":["M","M","M","?","?","R","?","T","T","M","E","?","E","M","R","B",null,"M","$","M","M","M","E","M"],"character_chosen":"Youkari","items_purchased":["Prayer Wheel"],"campfire_rested":1,"item_purchase_floors":[19],"current_hp_per_floor":[70,70,70,70,41,41,41,41,41,34,20,20,9,11,32,9,70,59,59,62,57,63,29,31,31],"gold":108,"neow_bonus":"THREE_ENEMY_KILL","is_daily":false,"chose_seed":false,"campfire_upgraded":1,"win_rate":0.0,"timestamp":1608477991,"path_taken":["M","?","?","?","?","R","?","?","T","?","E","?","E","M","R","BOSS","M","$","M","M","M","E","M"],"items_purchased_type":["Relic"],"build_version":"2020-12-13","purchased_purges":1,"victory":false,"max_hp_per_floor":[70,70,70,70,70,70,70,70,70,70,70,70,70,70,70,70,70,70,70,70,70,70,70,70,70],"card_choices":[{"not_picked":["StateErode_purple","Charmbait_purple"],"picked":"Boundary_LightAndDark_purple","floor":1.0},{"not_picked":["Umbrella_purple","StateErode_purple"],"picked":"MeetDecomposer_purple","floor":2.0},{"not_picked":["Realm_recovery_purpleEX","WeekHit_purple"],"picked":"OmniscientAndOmnipotent_Monster_purple","floor":3.0},{"not_picked":["Worldmountain_purple","SharpContractionReality_purple"],"picked":"MonsterNeedle_purple","floor":5.0},{"not_picked":["EighthInstrument_OneDividesIntoTwo_purple","Worldmountain_purple","ExistenceContinue_purple"],"picked":"MagicEyes_LaplaceDemon_purple","floor":7.0},{"not_picked":["SfantasyHide_purple","MetroBOOM_purple","Boundary_DreamRealityDamnation_purple","Boundary_DynamicStaticEquilibrium_purple"],"picked":"SKIP","floor":10.0},{"not_picked":["Umbrella_purple","ExistenceContinue_purple","Charmbait_purple"],"picked":"Boundary_of_Extermination_purpleEX","floor":11.0},{"not_picked":["StateErode_purple","EighthInstrument_OneDividesIntoTwo_purple","AdvanceAttack_purple"],"picked":"Charmbait_purple","floor":13.0},{"not_picked":["Umbrella_purple","SfantasyHide_purple","PositiveMatter_Antimatter_Universe_purple"],"picked":"Mirror_FormAndEmptin_purple","floor":14.0},{"not_picked":["Fancifulhole_purple","WasteWire_Metro_purple","LoveAcrossDimensions_purple"],"picked":"Theboundaryofcreation_purpleEX","floor":16.0},{"not_picked":["StateDuplicate_purple","RealityDreamConfluencek_purple+1","ButterflyHabitatTemple_purple"],"picked":"FragmentationRealm_purple","floor":18.0},{"not_picked":["RuptureOfTimeAndSpace_purple","Umbrella_purple+1","SfantasyHide_purple"],"picked":"RuleDissolution_purple","floor":20},{"not_picked":["SharpContractionReality_purple+1","ExistenceContinue_purple","DarkRealmRedLine_purple"],"picked":"Line_surface_state_purple+1","floor":20},{"not_picked":["RuleDissolution_purple","Shallow_ocean_purpleEX","AdvanceAttack_purple+1"],"picked":"OmniscientAndOmnipotent_Monster_purple","floor":21},{"not_picked":["Fancifulhole_purple","Charmbait_purple","Yakumo_Ran_purple"],"picked":"Boundary_DreamRealityDamnation_purple","floor":21},{"not_picked":["ButterflyHabitatTemple_purple+1","Boundary_ObjectiveBoundary_purple","ExistenceContinue_purple"],"picked":"OpenedBox_purple","floor":22},{"not_picked":["SharpContractionReality_purple","ButterflyHabitatTemple_purple","Realm_recovery_purpleEX","RealityDreamConfluencek_purple"],"picked":"SKIP","floor":22},{"not_picked":["MeetDecomposer_purple","Umbrella_purple","SharpContractionReality_purple","Yakumo_Ran_purple"],"picked":"SKIP","floor":23}],"player_experience":148016,"relics_obtained":[{"floor":5.0,"key":"Question Card"},{"floor":8.0,"key":"Blue Candle"},{"floor":9.0,"key":"Omamori"},{"floor":11.0,"key":"Oddly Smooth Stone"},{"floor":13.0,"key":"Blood Vial"},{"floor":23,"key":"Du-Vu Doll"}],"event_choices":[],"is_beta":false,"boss_relics":[{"not_picked":["Busted Crown","SacredBark"],"picked":"Runic Pyramid"}],"items_purged_floors":[19],"is_endless":false,"potions_floor_spawned":[2,5,14,20,21],"killed_by":"Gensokyo:Mirror_and_Dog","ascension_level":0}}