{"host":"61r95uy0hn86b9iu","time":1608433397,"event":{"mods":["AchievementEnabler","BaseMod","Better Vampires","BetterRewards","Colored Powertips","Hubris","Minty Spire (QoL Compilation)","Shop Mod","StSLib"],"gold_per_floor":[114,37,37,9,25,50,50,83,83,97,111,111,386,83,83,157,157,171,8,8,8,27,56,56,72,72,72,88,108,119,119,119,119,119],"floor_reached":33,"playtime":1131,"items_purged":["Regret"],"score":600,"play_id":"a258dc7a-6308-4f90-b4b6-41b4d8db8df9","local_time":"20201219210317","is_ascension_mode":true,"campfire_choices":[{"data":"Venomology","floor":7.0,"key":"SMITH"},{"floor":12.0,"key":"REST"},{"floor":15.0,"key":"REST"},{"floor":24.0,"key":"REST"},{"floor":27.0,"key":"REST"},{"floor":32,"key":"REST"}],"circlet_count":0,"master_deck":["AscendersBane","Noxious Fumes","Strike_G","Strike_G","Strike_G","Defend_G","Defend_G","Defend_G","Defend_G","Defend_G","Survivor","Neutralize","Deadly Poison","Crippling Poison","Venomology+1","Neutralize","Deadly Poison","Dodge and Roll","Bane","Flechettes","Backflip","Corpse Explosion","Escape Plan","Slice","Terror+1","Skewer","PiercingWail","A Thousand Cuts","Dash"],"relics":["Ring of the Snake","NeowsBlessing","HornCleat","hubris:MedicalManual","Juzu Bracelet","hubris:ScarierMask","Tiny Chest","Ninja Scroll","TungstenRod","hubris:CrystalStatue"],"acts_visited":["Exordium","TheCity"],"potions_floor_usage":[30,33,33,33],"damage_taken":[{"damage":0.0,"enemies":"2 Louse","floor":1.0,"turns":2.0},{"damage":0.0,"enemies":"Cultist","floor":5.0,"turns":1.0},{"damage":0.0,"enemies":"Gremlin Nob","floor":6.0,"turns":1.0},{"damage":16.0,"enemies":"3 Sentries","floor":8.0,"turns":8.0},{"damage":1.0,"enemies":"Small Slimes","floor":10.0,"turns":2.0},{"damage":18.0,"enemies":"Exordium Thugs","floor":11.0,"turns":5.0},{"damage":7.0,"enemies":"The Guardian","floor":16.0,"turns":8.0},{"damage":15.0,"enemies":"Spheric Guardian","floor":18.0,"turns":5.0},{"damage":7.0,"enemies":"Chosen","floor":22.0,"turns":4.0},{"damage":10.0,"enemies":"Slavers","floor":23.0,"turns":3.0},{"damage":38.0,"enemies":"Shelled Parasite and Fungi","floor":25.0,"turns":5.0},{"damage":15.0,"enemies":"Snake Plant","floor":28.0,"turns":3.0},{"damage":5.0,"enemies":"Centurion and Healer","floor":29.0,"turns":2.0},{"damage":0,"enemies":"3 Cultists","floor":30,"turns":3},{"damage":52,"enemies":"Automaton","floor":33,"turns":8}],"seed_played":"8530865386017213203","potions_obtained":[{"floor":8.0,"key":"FearPotion"},{"floor":10.0,"key":"Fruit Juice"},{"floor":11.0,"key":"Poison Potion"},{"floor":22.0,"key":"Fruit Juice"}],"is_trial":false,"path_per_floor":["M","$","?","$","M","E","R","E","T","M","M","R","?","$","R","B",null,"M","$","?","?","M","E","R","M","T","R","M","M","M","T","R","B"],"character_chosen":"THE_SILENT","items_purchased":["Crippling Poison","Deadly Poison","Juzu Bracelet","Backflip","Tiny Chest"],"campfire_rested":5,"item_purchase_floors":[2,4,14,14,19],"current_hp_per_floor":[59,59,59,59,59,59,59,43,43,47,29,50,50,50,71,64,69,54,54,54,54,52,42,64,26,26,48,33,28,28,28,50,0,0],"gold":119,"neow_bonus":"THREE_ENEMY_KILL","is_daily":false,"chose_seed":false,"campfire_upgraded":1,"win_rate":0.0,"timestamp":1608433397,"path_taken":["M","$","?","$","M","E","R","E","T","?","M","R","?","$","R","BOSS","M","$","?","?","M","E","R","M","T","R","M","M","M","?","R","BOSS"],"items_purchased_type":["Card","Card","Relic","Card","Relic"],"build_version":"2020-12-13","purchased_purges":1,"victory":false,"max_hp_per_floor":[66,66,66,66,66,66,66,66,66,71,71,71,71,71,71,71,71,71,71,71,71,76,76,76,76,76,76,76,76,76,76,76,76,76],"card_choices":[{"not_picked":["Acrobatics","Prepared"],"picked":"Deadly Poison","floor":1.0},{"not_picked":["PiercingWail","Accuracy","Blade Dance"],"picked":"SKIP","floor":5.0},{"not_picked":["Endless Agony","Dagger Throw"],"picked":"Dodge and Roll","floor":6.0},{"not_picked":["hubris:SlightOfHand","Dash"],"picked":"Bane","floor":8.0},{"not_picked":["Acrobatics","Sucker Punch"],"picked":"Flechettes","floor":10.0},{"not_picked":["Unload","Underhanded Strike","hubris:SlightOfHand"],"picked":"SKIP","floor":11.0},{"not_picked":["Adrenaline","Doppelganger"],"picked":"Corpse Explosion","floor":16.0},{"not_picked":["Eviscerate+1","Slice"],"picked":"Escape Plan","floor":18.0},{"not_picked":["Flying Knee+1","Predator","Skewer"],"picked":"SKIP","floor":22.0},{"not_picked":["Flying Knee+1","Predator"],"picked":"Skewer","floor":22.0},{"not_picked":["Concentrate","Bane","Riddle With Holes"],"picked":"SKIP","floor":23.0},{"not_picked":["Dagger Throw","Choke","Backflip"],"picked":"SKIP","floor":25.0},{"not_picked":["Blade Dance","Choke"],"picked":"PiercingWail","floor":28.0},{"not_picked":["Bane","Distraction"],"picked":"A Thousand Cuts","floor":29.0},{"not_picked":["PiercingWail","Cloak And Dagger"],"picked":"Dash","floor":30}],"player_experience":3181729,"relics_obtained":[{"floor":6.0,"key":"HornCleat"},{"floor":8.0,"key":"hubris:MedicalManual"},{"floor":23.0,"key":"Ninja Scroll"},{"floor":26.0,"key":"TungstenRod"},{"floor":31,"key":"hubris:CrystalStatue"}],"event_choices":[{"damage_healed":0.0,"max_hp_gain":0.0,"max_hp_loss":0.0,"gold_gain":0.0,"event_name":"Match and Keep!","player_choice":"2 cards matched","floor":3.0,"gold_loss":0.0,"damage_taken":0.0,"cards_obtained":["Venomology","Neutralize"]},{"damage_healed":0.0,"max_hp_gain":0.0,"max_hp_loss":0.0,"gold_gain":275.0,"event_name":"Golden Shrine","player_choice":"Desecrate","floor":13.0,"gold_loss":0.0,"damage_taken":0.0,"cards_obtained":["Regret"]},{"damage_healed":0.0,"max_hp_gain":0.0,"max_hp_loss":0.0,"gold_gain":0.0,"cards_transformed":["Strike_G","Strike_G"],"event_name":"Drug Dealer","player_choice":"Became Test Subject","floor":20.0,"gold_loss":0.0,"damage_taken":0.0,"cards_obtained":["Slice","Terror"]}],"is_beta":false,"boss_relics":[{"not_picked":["Tiny House","hubris:BlackHole"],"picked":"hubris:ScarierMask"}],"items_purged_floors":[14],"is_endless":false,"potions_floor_spawned":[8,10,11,22,29,30],"killed_by":"Automaton","ascension_level":20}}