{"host":"mq7pyadb5kndcn8l","time":1608428806,"event":{"mods":["AchievementEnabler","Act Like it!","Aspiration","BaseMod","Better Altar","Better Match","Better Note","Better Sensory Stone","Better Skull","Better Third Choice","BetterRewards","Block Reminder","CCEM","Challenge The Spire","ChefMod","Colored Map","Colored Powertips","Conspire","Defuse TimeMaze Blight","Dio Mod","Displayed Cursed Tome","Dota2Spire","Downfall","Duelist Mod","Energized Spire","Friendly Minions","GifTheSpireLib","Gremlin Skip","Highlight Path","Hubris","Ironclad Rager","Jedi Mod","Mad Scientist","Marked Mod","Mimic Mod","Minty Spire (QoL Compilation)","Permanent Neow","QueenMod","Quick Restart","Random Character Button","Rare Cards Sparkle","Relic Filter","Relic Sorter","Replay The Spire","Reworked Bosses","Shade Mod","Shop Mod","Spicy Shops","Spikes Relics","StSLib","Stuff the Spire","SuperFastMode","The Blue Laboratory","The Death Knight","The Exalted","The Necromancer","The Poker Player","TheBandit","Thieving Mod","Thrall Mod","Trackpad","Transform Curses","Unceasing Turn Reminder","Wandering Minibosses","vexMod"],"gold_per_floor":[112,112,168,168,187,215,215,234,234,268,268,281,297,328,328,427,427,446,466,477,477,23,23,56,56,79,93,126,126,157,173,173,271,271,284,25,44,54,69,69,104,104,157,68,68,79,79,113,113,113,113,113,2,37,37],"floor_reached":56,"playtime":3309,"items_purged":["Regret","Shade:ClawBack","Shade:StitchTogether","Shade:OneIsEnough","Shade:Bite_Shade","Shade:Bite_Shade+1"],"score":2420,"play_id":"4a071301-2a70-4483-bc70-819eb07269a7","local_time":"20201219204646","is_ascension_mode":true,"campfire_choices":[{"data":"Shade:Carnophage","floor":7.0,"key":"SMITH"},{"data":"Shade:Brains","floor":11.0,"key":"SMITH"},{"data":"Shade:LoseControl","floor":15.0,"key":"SMITH"},{"data":"Pot Of Greed","floor":23,"key":"SMITH"},{"data":"StuffTheSpire:Vigor","floor":25,"key":"SMITH"},{"data":"Pot Of Greed","floor":29,"key":"SMITH"},{"data":"Shade:LoseControl","floor":32,"key":"SMITH"},{"data":"expansioncontent:Chronoboost","floor":40,"key":"SMITH"},{"data":"Pot Of Greed","floor":42,"key":"SMITH"},{"floor":47,"key":"RECALL"},{"data":"Shade:OpenGraves","floor":49,"key":"SMITH"},{"data":"Shade:AblativeArmor","floor":52,"key":"SMITH"}],"circlet_count":0,"master_deck":["Shade:AnimateDead+1","Shade:LichForm+1","Shade:RavenousHorde+1","Shade:AblativeArmor+1","Shade:Bite_Shade+1","Shade:Bite_Shade+1","Shade:WallOfFlesh+1","Shade:WallOfFlesh","Shade:Carnophage+1","Shade:OpenGraves+1","Shade:GraveStillness","Shade:LoseControl+1","Shade:Brains+1","Shade:LoseControl+1","Shade:Coordination+1","StuffTheSpire:Vigor+1","Pot Of Greed+1","Pot Of Greed+1","Shade:GraveStillness","Shade:OpenGraves+1","Shade:Carnophage+1","expansioncontent:Chronoboost+1","Shade:AblativeArmor+1","Shade:OpenGraves+1","Pot Of Greed+1"],"relics":["Shade:YorickSkull","Dota2Spire:BladeMail","trackpad:HandOfMidas","MerchantsRug","conspire:BottledYoYo","trackpad:ByrdBGone","StuffTheSpire:ForceGauntlet","Pantograph","energizedSpire:SpiderWeb","Replay:Bottled Flurry","Grinning Jar","vexMod:Dragonfruit","trackpad:WritersBlock","ReplayTheSpireMod:Lightbulb","ReplayTheSpireMod:Shallot","Bromod:ArcaneEnergize","Lizard Tail","Bronze Scales","Singing Bowl","Replay:Rubber Ducky"],"acts_visited":["Exordium","TheCity","TheBeyond","TheEnding"],"potions_floor_usage":[],"damage_taken":[{"damage":0.0,"enemies":"Small Slimes","floor":1.0,"turns":3.0},{"damage":0.0,"enemies":"Cultist","floor":3.0,"turns":2.0},{"damage":0.0,"enemies":"Jaw Worm","floor":5.0,"turns":3.0},{"damage":0.0,"enemies":"3 Sentries","floor":6.0,"turns":6.0},{"damage":0.0,"enemies":"Red Slaver","floor":8.0,"turns":3.0},{"damage":22.0,"enemies":"Gremlin Nob","floor":10.0,"turns":4.0},{"damage":0.0,"enemies":"Lots of Slimes","floor":12.0,"turns":3.0},{"damage":2.0,"enemies":"Large Slime","floor":13.0,"turns":5.0},{"damage":0.0,"enemies":"3 Sentries","floor":14.0,"turns":7.0},{"damage":11.0,"enemies":"The Guardian","floor":16.0,"turns":7.0},{"damage":0,"enemies":"Shell Parasite","floor":18,"turns":3},{"damage":0,"enemies":"Spheric Guardian","floor":19,"turns":4},{"damage":0,"enemies":"3 Cultists","floor":20,"turns":3},{"damage":0,"enemies":"conspire:SneckoGhost","floor":24,"turns":5},{"damage":0,"enemies":"Snecko","floor":27,"turns":4},{"damage":7,"enemies":"conspire:Head Lice","floor":28,"turns":4},{"damage":0,"enemies":"theDuelist:KaibaA2","floor":30,"turns":4},{"damage":0,"enemies":"Shelled Parasite and Fungi","floor":31,"turns":4},{"damage":0,"enemies":"bossMod:newCollector","floor":33,"turns":6},{"damage":0,"enemies":"3 Darklings","floor":35,"turns":3},{"damage":0,"enemies":"3 Shapes","floor":37,"turns":3},{"damage":0,"enemies":"Spire Growth","floor":38,"turns":4},{"damage":3,"enemies":"Transient","floor":39,"turns":5},{"damage":0,"enemies":"Reptomancer","floor":41,"turns":4},{"damage":0,"enemies":"Writhing Mass","floor":46,"turns":4},{"damage":0,"enemies":"Giant Head","floor":48,"turns":6},{"damage":3,"enemies":"hubris:GrandSnecko","floor":50,"turns":7},{"damage":35,"enemies":"Shield and Spear","floor":54,"turns":4},{"damage":0,"enemies":"Kars","floor":55,"turns":8}],"seed_played":"-7397487359570736927","potions_obtained":[{"floor":5.0,"key":"LiquidBronze"},{"floor":6.0,"key":"Dota2Spire:HealingSalve"},{"floor":10.0,"key":"blueLaboratory:SavagePotion"},{"floor":13.0,"key":"blueLaboratory:TrueEctoplasm"},{"floor":18,"key":"Dexterity Potion"},{"floor":24,"key":"blueLaboratory:PyrophylliteBrew"}],"is_trial":false,"path_per_floor":["M","?","M","?","M","E","R","M","T","E","R","M","M","E","R","B",null,"M","M","M","?","$","R","E","R","T","M","E","R","E","M","R","B",null,"M","$","M","M","M","R","E","R","T","$","?","M","R","E","R","B",null,"R","$","E","B",null],"character_chosen":"SHADE","items_purchased":["trackpad:HandOfMidas","MerchantsRug","Pandora\u0027s Box","Shade:StitchTogether","Astrolabe","Shade:WallOfFlesh","conspire:BottledYoYo","Shade:WallOfFlesh","Shade:Carnophage","Shade:OpenGraves","trackpad:ByrdBGone","Orrery","War Paint","BargainBundle","Replay:Bottled Flurry","Grinning Jar","Shade:GraveStillness","expansioncontent:Chronoboost","Guide Book"],"campfire_rested":0,"item_purchase_floors":[0,0,0,0,0,0,0,0,0,0,0,0,0,22,22,22,22,36,44],"current_hp_per_floor":[22,22,28,28,39,55,55,64,64,52,52,60,65,65,65,65,65,65,65,65,49,49,49,65,65,65,68,64,64,69,70,70,70,70,70,70,70,70,70,70,70,70,70,70,70,70,70,72,72,72,72,72,72,42,74],"gold":37,"neow_bonus":"","is_daily":false,"chose_seed":false,"campfire_upgraded":11,"win_rate":0.0,"timestamp":1608428806,"path_taken":["M","?","M","?","?","E","R","?","T","E","R","M","M","E","R","BOSS","M","M","M","?","?","R","E","R","T","M","E","R","E","M","R","BOSS","M","?","M","M","M","R","E","R","T","$","?","?","R","E","R","BOSS","R","$","E","BOSS"],"items_purchased_type":["Relic","Relic","Relic","Card","Relic","Card","Relic","Card","Card","Card","Relic","Relic","Relic","Relic","Relic","Relic","Card","Card","Relic"],"build_version":"2020-12-13","purchased_purges":6,"victory":true,"max_hp_per_floor":[65,65,65,65,65,65,65,65,65,65,65,65,65,65,65,65,65,65,65,65,65,65,65,70,70,70,70,70,70,70,70,70,70,70,70,70,70,70,70,70,70,70,70,70,70,70,70,72,72,72,72,72,72,74,74],"card_choices":[{"not_picked":["Shade:SoulPierce","Shade:CoffinDance","Shade:StitchTogether"],"picked":"SKIP","floor":1.0},{"not_picked":["Shade:Trample","Shade:SkeletonHug"],"picked":"Shade:GraveStillness","floor":3.0},{"not_picked":["Shade:ExtraLimbs","Shade:GraveStillness","Shade:Frenzy"],"picked":"SKIP","floor":5.0},{"not_picked":["Shade:FingerOfDeath","Shade:GreyBargain"],"picked":"Shade:LoseControl","floor":6.0},{"not_picked":["Shade:Frenzy","Shade:PoundOfFlesh","Shade:GraveStillness"],"picked":"SKIP","floor":8.0},{"not_picked":["Shade:ClawBack","Shade:Haruspicy"],"picked":"Shade:Brains","floor":10.0},{"not_picked":["Shade:AncientSpear","Shade:FleshOffering","Shade:CommandSoldier"],"picked":"SKIP","floor":12.0},{"not_picked":["Shade:CoffinDance","Shade:StitchTogether"],"picked":"Shade:LoseControl","floor":13.0},{"not_picked":["Shade:FingerOfDeath","Shade:CloudOfShrapnel","Shade:RitualOffering"],"picked":"SKIP","floor":14.0},{"not_picked":["Shade:LastGasp","Shade:OminousRitual"],"picked":"Shade:Coordination","floor":16.0},{"not_picked":["Shade:FuneraryArmor","Shade:CoffinDance+1","Shade:AncientSpear"],"picked":"SKIP","floor":18},{"not_picked":["Shade:GreyBargain+1","Shade:ClawBack","Shade:ExtraLimbs"],"picked":"SKIP","floor":19},{"not_picked":["Shade:ScuttlingHand","Shade:FuneraryArmor+1","Shade:FeralStrike"],"picked":"SKIP","floor":20},{"not_picked":["Shade:LastGasp","Shade:Bonestorm","Shade:CallWraith"],"picked":"SKIP","floor":24},{"not_picked":["Shade:FeralStrike","Shade:CallOfTheGrave"],"picked":"Shade:OpenGraves+1","floor":27},{"not_picked":["Shade:ExtraLimbs","Shade:Trample","Shade:ScuttlingHand"],"picked":"SKIP","floor":28},{"not_picked":["Shade:Brains","Shade:RavenousHorde+1"],"picked":"Shade:Carnophage+1","floor":30},{"not_picked":["Shade:ExtraLimbs","Shade:Trample","Shade:CoffinDance"],"picked":"SKIP","floor":31},{"not_picked":["Shade:SkeletonHug","Shade:GraveStillness","Shade:BoneShards"],"picked":"SKIP","floor":35},{"not_picked":["Shade:FleshToFlesh+1","Shade:WallOfFlesh+1","Shade:CoffinDance+1"],"picked":"SKIP","floor":37},{"not_picked":["Shade:CloudOfShrapnel+1","Shade:Excise"],"picked":"Shade:AblativeArmor+1","floor":38},{"not_picked":["Shade:GoDigging","Shade:Excise+1"],"picked":"Shade:OpenGraves+1","floor":39},{"not_picked":["Shade:CallOfTheGrave+1","Shade:FuneraryArmor","Shade:AblativeArmor"],"picked":"SKIP","floor":41},{"not_picked":["Shade:Frenzy+1","Shade:SelfBurial","Shade:Bonestorm+1"],"picked":"SKIP","floor":46},{"not_picked":["Shade:SanguineRitual+1","Shade:FleshOffering+1","Shade:TouchOfTheGrave+1"],"picked":"Singing Bowl","floor":48},{"not_picked":["Shade:GraveStillness","Shade:GreyBargain","Shade:SpontaneousRitual+1"],"picked":"Singing Bowl","floor":54}],"player_experience":875887,"relics_obtained":[{"floor":6.0,"key":"StuffTheSpire:ForceGauntlet"},{"floor":10.0,"key":"Pantograph"},{"floor":14.0,"key":"Dota2Spire:BladeMail"},{"floor":24,"key":"vexMod:Dragonfruit"},{"floor":26,"key":"trackpad:WritersBlock"},{"floor":28,"key":"ReplayTheSpireMod:Lightbulb"},{"floor":30,"key":"ReplayTheSpireMod:Shallot"},{"floor":41,"key":"Lizard Tail"},{"floor":43,"key":"Bronze Scales"},{"floor":48,"key":"Singing Bowl"},{"floor":54,"key":"Replay:Rubber Ducky"}],"event_choices":[{"damage_healed":0.0,"max_hp_gain":0.0,"max_hp_loss":0.0,"gold_gain":0.0,"event_name":"conspire:Investor","player_choice":"Leave","floor":2.0,"gold_loss":0.0,"damage_taken":0.0},{"damage_healed":0.0,"max_hp_gain":0.0,"max_hp_loss":0.0,"gold_gain":0.0,"event_name":"Accursed Blacksmith","player_choice":"Forge","floor":4.0,"gold_loss":0.0,"damage_taken":0.0,"cards_upgraded":["Shade:LichForm"]}],"is_beta":false,"boss_relics":[{"not_picked":["hubris:HollowSoul","vexMod:MegatonBomb"],"picked":"energizedSpire:SpiderWeb"},{"not_picked":["energizedSpire:StickyHand","aspiration:SecretTechniqueScroll"],"picked":"Bromod:ArcaneEnergize"}],"items_purged_floors":[0,0,0,22,36,53],"is_endless":false,"potions_floor_spawned":[5,6,10,13,18,24,30,33,37,46],"ascension_level":9}}