{"host":"o3b7ow6d1xe49css","time":1608465498,"event":{"mods":["Act Like it!","Aspiration","BaseMod","Bestiary","Better Altar","Better Match","Better Note","Better Sensory Stone","Better Skull","Better Third Choice","Colored Powertips","Conspire","Energized Spire","Force Act Four","GifTheSpireLib","Halation","Hermit","Hubris","Infinite Spire","Lobotomy","Minty Spire (QoL Compilation)","Quick Restart","Replay The Spire","Spicy Shops","Spikes Relics","StSLib","Stuff the Spire","The Blue Laboratory","Wandering Minibosses","vexMod"],"gold_per_floor":[118,131,146,146,71,105,139,167,193,94,122,154,154,154,154],"floor_reached":14,"playtime":637,"items_purged":["Regret"],"score":189,"play_id":"e86fc0ac-4bba-4872-9085-e1da18d5faf4","local_time":"20201220025818","daily_mods":["Heirloom","Flight"],"is_ascension_mode":true,"campfire_choices":[{"floor":13,"key":"REST"}],"circlet_count":0,"master_deck":["Strike_R","Strike_R","Strike_R","Strike_R","Strike_R","Defend_R","Defend_R","Defend_R","Defend_R","Bash","Anger","MeatLantern","Burning Pact","VoidDream","GreedKing","Wild Strike","Funeral","StuffTheSpire:Slingshot","Cleave","BarbarianYell","Murderer","OldLady","Cleave"],"relics":["Burning Blood","Ring of Chaos","halation:BlackBeret","CogitoBucket","StuffTheSpire:RedRose","hubris:SlimyHat","StuffTheSpire:Experiment12","conspire:Flyswatter","King of Hearts","Red Skull","StuffTheSpire:EmeraldSignet"],"acts_visited":["Exordium"],"potions_floor_usage":[7],"damage_taken":[{"damage":4,"enemies":"2 Louse","floor":1,"turns":4},{"damage":4,"enemies":"Jaw Worm","floor":2,"turns":3},{"damage":3,"enemies":"Cultist","floor":3,"turns":5},{"damage":76,"enemies":"Lagavulin","floor":6,"turns":8},{"damage":13,"enemies":"Gremlin Nob","floor":7,"turns":5},{"damage":0,"enemies":"3 Sentries","floor":8,"turns":7},{"damage":13,"enemies":"Lagavulin","floor":11,"turns":5},{"damage":29,"enemies":"3 Sentries","floor":12,"turns":5}],"seed_played":"-9173867378915431791","potions_obtained":[{"floor":2,"key":"blueLaboratory:TrueEctoplasm"},{"floor":7,"key":"blueLaboratory:HummingbirdPotion"}],"is_trial":true,"path_per_floor":["M","M","M","?","$","E","E","E","T","$","E","E","R","E"],"character_chosen":"IRONCLAD","items_purchased":["Cleave","BarbarianYell"],"campfire_rested":1,"item_purchase_floors":[10,10],"current_hp_per_floor":[80,80,80,80,80,55,48,56,56,56,50,28,52,0,0],"gold":154,"neow_bonus":"","is_daily":false,"chose_seed":false,"campfire_upgraded":0,"win_rate":0.0,"timestamp":1608465498,"path_taken":["M","M","M","?","$","E","E","E","T","$","E","E","R","E"],"items_purchased_type":["Card","Card"],"build_version":"2020-12-13","purchased_purges":1,"victory":false,"max_hp_per_floor":[80,80,80,80,80,80,80,80,80,80,80,80,80,80,80],"card_choices":[{"not_picked":["Rampage","Armaments"],"picked":"Anger","floor":1},{"not_picked":["Murderer","BlackSwan"],"picked":"MeatLantern","floor":2},{"not_picked":["Clothesline","Exhume"],"picked":"Burning Pact","floor":2},{"not_picked":["CherryBlossoms","UniverseFragment","OSAHOGD"],"picked":"Singing Bowl","floor":3},{"not_picked":["OldLady","FairyFestival"],"picked":"VoidDream","floor":3},{"not_picked":["hubris:SharpeningStone","Entrench","Sever Soul"],"picked":"SKIP","floor":3},{"not_picked":["FairyFestival","NakedNest"],"picked":"GreedKing","floor":6},{"not_picked":["Burning Pact","Flex"],"picked":"Wild Strike","floor":6},{"not_picked":["SpiderBud","SingingMachine"],"picked":"Funeral","floor":7},{"not_picked":["Warcry","Corruption","Iron Wave"],"picked":"SKIP","floor":7},{"not_picked":["Warcry","Corruption","Iron Wave"],"picked":"SKIP","floor":7},{"not_picked":["WallGazer","Murderer"],"picked":"CrumblingArmor","floor":8},{"not_picked":["ReplayTheSpireMod:Strike From Hell","Searing Blow"],"picked":"StuffTheSpire:Slingshot","floor":8},{"not_picked":["GalaxyChild","QueenOfHatred"],"picked":"Murderer","floor":11},{"not_picked":["Perfected Strike","Dark Embrace"],"picked":"Offering","floor":11},{"not_picked":["Woodsman","ShyLook"],"picked":"OldLady","floor":12},{"not_picked":["Thunderclap","Demonic Infusion"],"picked":"Cleave","floor":12}],"player_experience":1769008,"relics_obtained":[{"floor":6,"key":"hubris:SlimyHat"},{"floor":7,"key":"StuffTheSpire:Experiment12"},{"floor":8,"key":"conspire:Flyswatter"},{"floor":9,"key":"King of Hearts"},{"floor":11,"key":"Red Skull"},{"floor":12,"key":"StuffTheSpire:EmeraldSignet"}],"event_choices":[],"is_beta":false,"boss_relics":[],"items_purged_floors":[5],"is_endless":false,"potions_floor_spawned":[2,7],"killed_by":"Lagavulin","ascension_level":5}}