{"host":"ywif2ugnepgiw45s","time":1608433943,"event":{"mods":["Act Like it!","BaseMod","Better Skull","Downfall","Elementarium","GifTheSpireLib","Hermit","Lobotomy","Marisa????????","Minty Spire (QoL Compilation)","READ ME - Guardian Mod","Shade Mod","Shop Mod","StSLib","The Cursed","The Jungle","The Runesmith"],"gold_per_floor":[26,59,73,4,39,107,124,124,124],"floor_reached":8,"playtime":358,"items_purged":[],"score":63,"play_id":"7d6a28b8-9d74-40f9-92d9-68e8332307d4","local_time":"20201219221223","is_ascension_mode":true,"campfire_choices":[],"circlet_count":0,"master_deck":["hermit:Strike_Hermit","hermit:Strike_Hermit","hermit:Strike_Hermit","hermit:Strike_Hermit","hermit:Defend_Hermit","hermit:Defend_Hermit","hermit:Defend_Hermit","hermit:Defend_Hermit","hermit:Snapshot","hermit:Covet","hermit:DeadOrAlive","hermit:Deadeye","hermit:Maintenance","hermit:GoldenBullet","hermit:Brawl","hermit:Brawl","hermit:Reprieve"],"relics":["hermit:Momento","Pen Nib"],"acts_visited":["Exordium"],"potions_floor_usage":[2,8],"damage_taken":[{"damage":1,"enemies":"Cultist","floor":1,"turns":4},{"damage":0,"enemies":"2 Louse","floor":2,"turns":2},{"damage":3,"enemies":"Jaw Worm","floor":3,"turns":4},{"damage":1,"enemies":"Large Slime","floor":5,"turns":7},{"damage":17,"enemies":"Gremlin Nob","floor":6,"turns":4},{"damage":10,"enemies":"2 Fungi Beasts","floor":7,"turns":3},{"damage":49,"enemies":"Lagavulin","floor":8,"turns":5}],"seed_played":"-4172577047313046102","potions_obtained":[{"floor":1,"key":"Energy Potion"},{"floor":6,"key":"Explosive Potion"}],"is_trial":false,"path_per_floor":["M","M","M","$","M","E","M","E"],"character_chosen":"HERMIT","items_purchased":["hermit:Brawl"],"campfire_rested":0,"item_purchase_floors":[4],"current_hp_per_floor":[74,74,71,71,70,53,43,0,0],"gold":124,"neow_bonus":"THREE_RARE_CARDS","is_daily":false,"chose_seed":false,"campfire_upgraded":0,"win_rate":0.0,"timestamp":1608433943,"path_taken":["M","?","?","$","M","E","?","E"],"items_purchased_type":["Card"],"build_version":"2020-12-13","purchased_purges":0,"victory":false,"max_hp_per_floor":[75,75,75,75,75,75,75,75,75],"card_choices":[{"not_picked":["hermit:OverwhelmingPower","hermit:HeroicBravado"],"picked":"hermit:DeadOrAlive","floor":0},{"not_picked":["hermit:Misfire","hermit:Roulette"],"picked":"hermit:Deadeye","floor":1},{"not_picked":["hermit:Virtue","hermit:ItchyTrigger"],"picked":"hermit:Maintenance","floor":2},{"not_picked":["hermit:Coalescence","hermit:CursedWeapon"],"picked":"hermit:GoldenBullet","floor":3},{"not_picked":["hermit:Showdown","hermit:Gestalt"],"picked":"hermit:Brawl","floor":5},{"not_picked":["hermit:Feint","hermit:Quickdraw"],"picked":"hermit:Reprieve","floor":6},{"not_picked":["hermit:Headshot","hermit:FlashPowder","hermit:Cheat"],"picked":"SKIP","floor":7}],"player_experience":1560691,"relics_obtained":[{"floor":6,"key":"Pen Nib"}],"event_choices":[],"is_beta":false,"boss_relics":[],"items_purged_floors":[],"is_endless":false,"potions_floor_spawned":[1,6],"killed_by":"Lagavulin","ascension_level":1}}