{"host":"qhn6g0owdgjb77rz","time":1608473067,"event":{"mods":["BaseMod","Colored Map","Minty Spire (QoL Compilation)","Relic Sorter","StSLib"],"gold_per_floor":[364,30,43,57,57,57,57,57,130,130,9,9,36,50,50,123,123,140,150,150,150],"floor_reached":20,"playtime":730,"items_purged":["Doubt"],"score":284,"play_id":"30d6459e-3224-499e-a50a-8077df557b5b","local_time":"20201220230427","is_ascension_mode":true,"campfire_choices":[{"data":"Uppercut","floor":6,"key":"SMITH"},{"data":"Bash","floor":8,"key":"SMITH"},{"data":"Shrug It Off","floor":10,"key":"SMITH"},{"data":"Madness","floor":12,"key":"SMITH"},{"data":"Disarm","floor":15,"key":"SMITH"}],"circlet_count":0,"master_deck":["AscendersBane","Strike_R","Strike_R","Strike_R","Strike_R","Strike_R","Defend_R","Defend_R","Defend_R","Defend_R","Bash+1","Uppercut+1","Shrug It Off+1","Madness+1","Blood for Blood","Thunderclap","Disarm+1","Demon Form","Sword Boomerang"],"relics":["Burning Blood","Paper Frog","Bag of Marbles","Eternal Feather","Potion Belt","Busted Crown"],"acts_visited":["Exordium","TheCity"],"potions_floor_usage":[13,20],"damage_taken":[{"damage":3.0,"enemies":"2 Louse","floor":1.0,"turns":4.0},{"damage":1,"enemies":"Cultist","floor":3,"turns":3},{"damage":7,"enemies":"Jaw Worm","floor":4,"turns":4},{"damage":12,"enemies":"Gremlin Nob","floor":13,"turns":3},{"damage":0,"enemies":"Exordium Wildlife","floor":14,"turns":3},{"damage":4,"enemies":"The Guardian","floor":16,"turns":12},{"damage":19,"enemies":"2 Thieves","floor":18,"turns":4},{"damage":36,"enemies":"3 Byrds","floor":19,"turns":6},{"damage":39,"enemies":"Shelled Parasite and Fungi","floor":20,"turns":4}],"seed_played":"5529743811820365757","potions_obtained":[{"floor":3,"key":"Explosive Potion"},{"floor":4,"key":"PowerPotion"}],"is_trial":false,"path_per_floor":["M","$","M","M","?","R","$","R","T","R","$","R","E","M","R","B",null,"M","M","M"],"character_chosen":"IRONCLAD","items_purchased":["Paper Frog","Madness","Blood for Blood"],"campfire_rested":0,"item_purchase_floors":[2,11,11],"current_hp_per_floor":[75,75,80,79,79,79,79,79,79,80,80,80,74,80,80,80,80,67,37,0,0],"gold":150,"neow_bonus":"TWO_FIFTY_GOLD","is_daily":false,"chose_seed":false,"campfire_upgraded":5,"win_rate":0.0,"timestamp":1608473067,"path_taken":["M","$","M","M","?","R","$","R","T","R","$","R","E","M","R","BOSS","M","M","?"],"items_purchased_type":["Relic","Card","Card"],"build_version":"2020-12-13","purchased_purges":1,"victory":false,"max_hp_per_floor":[80,80,80,80,80,80,80,80,80,80,80,80,80,80,80,80,80,80,80,80,80],"card_choices":[{"not_picked":["Armaments","Rupture"],"picked":"Uppercut","floor":1.0},{"not_picked":["Clothesline","Armaments"],"picked":"Cleave","floor":3},{"not_picked":["Twin Strike","Flex"],"picked":"Shrug It Off","floor":4},{"not_picked":["Reaper","Entrench"],"picked":"Thunderclap","floor":13},{"not_picked":["Body Slam","Reckless Charge"],"picked":"Disarm","floor":14},{"not_picked":["Bludgeon","Barricade"],"picked":"Demon Form","floor":16},{"not_picked":[],"picked":"Sword Boomerang","floor":18},{"not_picked":["Thunderclap"],"picked":"SKIP","floor":19}],"player_experience":377750,"relics_obtained":[{"floor":9,"key":"Eternal Feather"},{"floor":13,"key":"Potion Belt"}],"event_choices":[{"cards_removed":["Cleave"],"damage_healed":0,"gold_gain":0,"player_choice":"Gave Card","damage_taken":0,"relics_obtained":["Bag of Marbles"],"max_hp_gain":0,"max_hp_loss":0,"event_name":"WeMeetAgain","floor":5,"gold_loss":0}],"is_beta":false,"boss_relics":[{"not_picked":["Runic Dome","Snecko Eye"],"picked":"Busted Crown"}],"items_purged_floors":[2],"is_endless":false,"potions_floor_spawned":[3,4],"killed_by":"Shelled Parasite and Fungi","ascension_level":13}}