{"host":"wkcoec525dnrk4jw","time":1608434566,"event":{"mods":["BaseMod","Minty Spire (QoL Compilation)","Quick Restart","Replay The Spire","Shop Mod","StSLib","TestMod","The Bug Knight","The Cursed","[IsaacMod]ÒÔÈö¼âËþ"],"gold_per_floor":[115,127,127,92,103,131,145,183,209,209,244,319,33,67,67,173,173,191,191],"floor_reached":18,"playtime":665,"items_purged":[],"score":746,"play_id":"15e49f03-092d-475a-920a-8922f379120e","local_time":"20201220112246","daily_mods":["SealedDeck","Hoarder","Shiny","DeadlyEvents","Lethality"],"is_ascension_mode":true,"campfire_choices":[{"data":"Backstab","floor":10.0,"key":"SMITH"}],"circlet_count":0,"master_deck":["AscendersBane","ReplayTheSpireMod:Necrosis","Corpse Explosion","Die Die Die","Atom Bomb","ReplayTheSpireMod:From All Sides","Adrenaline","Envenom","Doppelganger","Burst","Wraith Form v2","Tools of the Trade","After Image","Poison Darts","A Thousand Cuts","Venomology","Replay:Bag of Tricks","Malaise","Phantasmal Killer","Night Terror","Unload","Bullet Time","Storm of Steel","Glass Knife","Grand Finale","ChaosCard","Bane","Bane","Bane","Deadly Poison","Deadly Poison","Deadly Poison","Dagger Spray","Dagger Spray","Dagger Spray","Outmaneuver","Outmaneuver","Outmaneuver","Poisoned Stab","Poisoned Stab","Poisoned Stab","Terror","Terror","Terror","Backstab+1","Backstab","Backstab","Backstab","Backstab","Backstab","Finisher","Finisher","Finisher","Blade Dance","Blade Dance","Blade Dance","Distraction","Distraction+1","Distraction","PiercingWail","PiercingWail","PiercingWail","Hidden Blade","Hidden Blade","Hidden Blade","Blur","Blur","Blur","Backstab","Backstab","Backstab","Blade Dance","Blade Dance","Blade Dance","Atom Bomb","Atom Bomb","Atom Bomb","AbeCurse","AbeCurse","AbeCurse","Noxious Fumes","Noxious Fumes","Noxious Fumes"],"relics":["Ring of the Snake","HushsDoor","testmod-TestBox","BloodDonationMachine","testmod-AssaultLearning","testmod-TheFather","Vajra","testmod-LifeArmor","Ginger","YumHeart","Dream Catcher","Abe\u0027s Treasure","Succubus"],"acts_visited":["Exordium","TheCity"],"potions_floor_usage":[],"damage_taken":[{"damage":0.0,"enemies":"2 Louse","floor":1.0,"turns":1.0},{"damage":0.0,"enemies":"Small Slimes","floor":2.0,"turns":1.0},{"damage":0.0,"enemies":"Jaw Worm","floor":5.0,"turns":1.0},{"damage":0.0,"enemies":"HollowMod:MossKnight","floor":6.0,"turns":1.0},{"damage":0.0,"enemies":"Blue Slaver","floor":7.0,"turns":1.0},{"damage":0.0,"enemies":"Gremlin Nob","floor":8.0,"turns":1.0},{"damage":0.0,"enemies":"3 Sentries","floor":11.0,"turns":1.0},{"damage":0.0,"enemies":"Lagavulin","floor":14.0,"turns":1.0},{"damage":0.0,"enemies":"Fading Forest","floor":16.0,"turns":7.0},{"damage":0,"enemies":"3 Byrds","floor":18,"turns":1}],"seed_played":"8985078997938666587","potions_obtained":[{"floor":5.0,"key":"Doom Potion"},{"floor":6.0,"key":"Dexterity Potion"}],"is_trial":true,"path_per_floor":["M","M","?","?","M","E","M","E","T","R","E","?","$","E","R","B",null,"M"],"character_chosen":"THE_SILENT","items_purchased":["YumHeart","Succubus"],"campfire_rested":0,"item_purchase_floors":[13,17],"current_hp_per_floor":[59,59,59,66,66,66,66,66,66,66,66,55,55,55,55,63,51,51,51],"gold":191,"neow_bonus":"","is_daily":false,"chose_seed":false,"campfire_upgraded":1,"win_rate":0.0,"timestamp":1608434566,"path_taken":["M","M","?","?","?","E","M","E","T","R","?","?","$","E","R","BOSS","M"],"items_purchased_type":["Relic","Relic"],"build_version":"2020-12-13","purchased_purges":0,"victory":false,"max_hp_per_floor":[66,66,66,66,66,66,66,66,66,66,66,66,66,66,66,66,51,51,51],"card_choices":[{"not_picked":[],"picked":"ChaosCard","floor":0.0},{"not_picked":["Dodge and Roll","Backflip"],"picked":"Distraction","floor":1.0},{"not_picked":["Backflip","Dodge and Roll"],"picked":"PiercingWail","floor":2.0},{"not_picked":["Bomb","Replay:Bag of Tricks"],"picked":"Hidden Blade","floor":5.0},{"not_picked":["Fluid Movement","Prepared"],"picked":"Blur","floor":6.0},{"not_picked":["Crippling Poison","Deflect","Prepared"],"picked":"SKIP","floor":7.0},{"not_picked":["Well Laid Plans","Tactician"],"picked":"Backstab","floor":8.0},{"not_picked":["Backstab","Acrobatics"],"picked":"Blade Dance","floor":11.0},{"not_picked":["Prepared","Catalyst","Bomb"],"picked":"SKIP","floor":14.0},{"not_picked":["After Image","Wraith Form v2"],"picked":"Atom Bomb","floor":16.0},{"not_picked":["Poisoned Stab","Dagger Spray"],"picked":"Noxious Fumes","floor":18}],"player_experience":134357,"relics_obtained":[{"floor":6.0,"key":"testmod-TheFather"},{"floor":8.0,"key":"Vajra"},{"floor":9.0,"key":"testmod-LifeArmor"},{"floor":11.0,"key":"Ginger"},{"floor":14.0,"key":"Dream Catcher"}],"event_choices":[{"damage_healed":16.0,"max_hp_gain":0.0,"max_hp_loss":0.0,"gold_gain":0.0,"event_name":"The Cleric","player_choice":"Healed","floor":4.0,"gold_loss":35.0,"damage_taken":0.0},{"damage_healed":0.0,"max_hp_gain":0.0,"max_hp_loss":0.0,"gold_gain":75.0,"event_name":"World of Goop","player_choice":"Gather Gold","floor":12.0,"gold_loss":0.0,"damage_taken":11.0}],"is_beta":false,"boss_relics":[{"not_picked":["Snecko Heart","Kintsugi"],"picked":"Abe\u0027s Treasure"},{"not_picked":[]}],"items_purged_floors":[],"is_endless":false,"potions_floor_spawned":[5,6,8,16],"killed_by":"3 Byrds","ascension_level":14}}