{"host":"cf32014d19ld5mat","time":1608468836,"event":{"mods":["AchievementEnabler","BaseMod","Block Reminder","Minty Spire (QoL Compilation)","Random Character Button","Relic Stats","StSLib"],"gold_per_floor":[114,5,16,16,16,31,43,104,153,153,172,187,200,214,214,310,310,321,21,21,21,38,38,54,4,27,27,27,40,40,55,55,153,153,171,171,225,0,11,11,11],"floor_reached":40,"playtime":1611,"items_purged":["Strike_R","Strike_R"],"score":380,"play_id":"bcf5d39a-1576-45c7-904a-3bd6ff3fbb94","local_time":"20201220125356","is_ascension_mode":false,"campfire_choices":[{"data":"Corruption","floor":15.0,"key":"SMITH"},{"data":"Carnage","floor":23.0,"key":"SMITH"},{"data":"Sword Boomerang","floor":30.0,"key":"SMITH"},{"data":"Demon Form","floor":32.0,"key":"SMITH"}],"circlet_count":0,"master_deck":["Strike_R","Strike_R","Strike_R","Defend_R","Defend_R","Defend_R","Bash","Demon Form+1","Sword Boomerang+1","Pummel","Carnage+1","Eruption+1","Ghostly Armor","Corruption+1","Offering","Flame Barrier","Shockwave+1","Power Through+1","Exhume+1","Fiend Fire","Feel No Pain+1","Flame Barrier+1"],"relics":["Burning Blood","PreservedInsect","Regal Pillow","Snecko Eye","Membership Card","Toxic Egg 2","Bag of Marbles","Art of War","Sozu","FossilizedHelix","Red Mask"],"acts_visited":["Exordium","TheCity","TheBeyond"],"potions_floor_usage":[40],"damage_taken":[{"damage":6.0,"enemies":"Cultist","floor":1.0,"turns":3.0},{"damage":5.0,"enemies":"2 Louse","floor":3.0,"turns":4.0},{"damage":6.0,"enemies":"Jaw Worm","floor":6.0,"turns":3.0},{"damage":9.0,"enemies":"Blue Slaver","floor":7.0,"turns":3.0},{"damage":32.0,"enemies":"Lagavulin Event","floor":8.0,"turns":5.0},{"damage":20.0,"enemies":"Looter","floor":11.0,"turns":2.0},{"damage":0.0,"enemies":"Large Slime","floor":12.0,"turns":4.0},{"damage":13.0,"enemies":"3 Louse","floor":13.0,"turns":4.0},{"damage":2.0,"enemies":"2 Fungi Beasts","floor":14.0,"turns":3.0},{"damage":25.0,"enemies":"Slime Boss","floor":16.0,"turns":5.0},{"damage":13.0,"enemies":"Shell Parasite","floor":18.0,"turns":2.0},{"damage":9.0,"enemies":"Spheric Guardian","floor":22.0,"turns":3.0},{"damage":6.0,"enemies":"Snake Plant","floor":24.0,"turns":2.0},{"damage":6.0,"enemies":"Centurion and Healer","floor":29.0,"turns":4.0},{"damage":21.0,"enemies":"Chosen and Byrds","floor":31.0,"turns":5.0},{"damage":23.0,"enemies":"Automaton","floor":33.0,"turns":6.0},{"damage":17,"enemies":"3 Shapes","floor":35,"turns":3},{"damage":20,"enemies":"2 Orb Walkers","floor":37,"turns":4},{"damage":9,"enemies":"3 Darklings","floor":39,"turns":4},{"damage":29,"enemies":"Reptomancer","floor":40,"turns":3}],"seed_played":"-6179153260364705656","potions_obtained":[{"floor":3.0,"key":"Fire Potion"},{"floor":6.0,"key":"DistilledChaos"},{"floor":11.0,"key":"Energy Potion"},{"floor":12.0,"key":"DuplicationPotion"},{"floor":31.0,"key":"HeartOfIron"},{"floor":33.0,"key":"PowerPotion"}],"is_trial":false,"path_per_floor":["M","$","M","$","$","M","M","?","T","?","M","M","M","M","R","B",null,"M","$","?","?","M","R","M","$","T","?","$","M","R","M","R","B",null,"M","?","?","?","M","E"],"character_chosen":"IRONCLAD","items_purchased":["Pummel","Membership Card","Toxic Egg 2","Shockwave+1"],"campfire_rested":0,"item_purchase_floors":[2,19,19,19],"current_hp_per_floor":[80,80,80,80,80,80,77,51,51,51,37,43,36,40,40,21,80,73,73,73,73,70,70,70,70,70,70,70,70,70,55,55,38,80,69,69,55,55,52,23,23],"gold":11,"neow_bonus":"ONE_RANDOM_RARE_CARD","is_daily":false,"chose_seed":false,"campfire_upgraded":4,"win_rate":0.0,"timestamp":1608468836,"path_taken":["M","$","M","?","$","M","M","?","T","?","M","M","?","?","R","BOSS","M","$","?","?","M","R","M","?","T","?","?","?","R","M","R","BOSS","M","?","?","?","M","E"],"items_purchased_type":["Card","Relic","Relic","Card"],"build_version":"2020-12-13","purchased_purges":2,"victory":false,"max_hp_per_floor":[80,80,80,80,80,80,80,80,80,80,80,80,80,80,80,80,80,80,80,80,80,80,80,80,80,80,80,80,80,80,80,80,80,80,80,80,80,80,80,80,80],"relic_stats":{"Sozu":1,"Regal Pillow":0,"counters":[20,72],"Snecko Eye":[77,55,61,76],"PreservedInsect":58,"Art of War":[2],"obtain_stats":[{"Sozu":34,"Regal Pillow":9,"Snecko Eye":17,"PreservedInsect":8,"Bag of Marbles":20,"Art of War":26,"Red Mask":38,"Membership Card":19,"Toxic Egg 2":19,"Burning Blood":0,"FossilizedHelix":37},{"Sozu":16,"Regal Pillow":5,"Snecko Eye":10,"PreservedInsect":5,"Bag of Marbles":11,"Art of War":13,"Red Mask":18,"Membership Card":11,"Toxic Egg 2":11,"Burning Blood":0,"FossilizedHelix":18},{"Sozu":58,"Regal Pillow":18,"Snecko Eye":36,"PreservedInsect":18,"Bag of Marbles":38,"Art of War":43,"Red Mask":65,"Membership Card":38,"Toxic Egg 2":38,"Burning Blood":0,"FossilizedHelix":65}],"Burning Blood":113},"card_choices":[{"not_picked":["True Grit","Warcry"],"picked":"Sword Boomerang","floor":1.0},{"not_picked":["Rampage","Blood for Blood"],"picked":"Carnage","floor":3.0},{"not_picked":["Hemokinesis","Perfected Strike","Combust"],"picked":"SKIP","floor":6.0},{"not_picked":["Iron Wave","Twin Strike","Havoc"],"picked":"SKIP","floor":7.0},{"not_picked":["Twin Strike","Havoc"],"picked":"Iron Wave","floor":7.0},{"not_picked":["Sword Boomerang","Metallicize","Battle Trance"],"picked":"SKIP","floor":11.0},{"not_picked":["Thunderclap","Evolve","Hemokinesis"],"picked":"SKIP","floor":12.0},{"not_picked":["Sword Boomerang","Rupture"],"picked":"Ghostly Armor","floor":13.0},{"not_picked":["Thunderclap","Pommel Strike"],"picked":"Corruption","floor":14.0},{"not_picked":["Immolate","Bludgeon"],"picked":"Offering","floor":16.0},{"not_picked":["Clothesline+1","Wild Strike"],"picked":"Flame Barrier","floor":18.0},{"not_picked":["Perfected Strike+1","Rampage"],"picked":"Power Through+1","floor":22.0},{"not_picked":["Whirlwind","Armaments+1","Flex+1"],"picked":"SKIP","floor":24.0},{"not_picked":["Entrench+1","Second Wind+1"],"picked":"Exhume+1","floor":29.0},{"not_picked":["Sword Boomerang+1","True Grit+1","Warcry+1"],"picked":"SKIP","floor":31.0},{"not_picked":["Demon Form","Berserk"],"picked":"Fiend Fire","floor":33.0},{"not_picked":["Rage+1","Flex+1"],"picked":"Feel No Pain+1","floor":35},{"not_picked":["Pommel Strike+1","Twin Strike"],"picked":"Flame Barrier+1","floor":37},{"not_picked":["Power Through+1","Perfected Strike","Havoc+1"],"picked":"SKIP","floor":39}],"player_experience":965779,"relics_obtained":[{"floor":8.0,"key":"PreservedInsect"},{"floor":9.0,"key":"Regal Pillow"},{"floor":26.0,"key":"Art of War"},{"floor":37,"key":"FossilizedHelix"}],"event_choices":[{"damage_healed":0.0,"max_hp_gain":0.0,"max_hp_loss":0.0,"gold_gain":30.0,"event_name":"Dead Adventurer","player_choice":"Searched \u00273\u0027 times","floor":8.0,"gold_loss":0.0,"damage_taken":0.0},{"cards_removed":["Iron Wave"],"damage_healed":0.0,"max_hp_gain":0.0,"max_hp_loss":0.0,"gold_gain":0.0,"event_name":"NoteForYourself","player_choice":"Took Card","floor":10.0,"gold_loss":0.0,"damage_taken":0.0,"cards_obtained":["Eruption"]},{"damage_healed":0.0,"max_hp_gain":0.0,"max_hp_loss":0.0,"gold_gain":0.0,"event_name":"The Mausoleum","player_choice":"Opened","floor":20.0,"gold_loss":0.0,"damage_taken":0.0,"relics_obtained":["Bag of Marbles"],"cards_obtained":["Writhe"]},{"cards_removed":["Writhe"],"damage_healed":0.0,"max_hp_gain":0.0,"max_hp_loss":0.0,"gold_gain":0.0,"event_name":"Back to Basics","player_choice":"Elegance","floor":21.0,"gold_loss":0.0,"damage_taken":0.0},{"cards_removed":["Defend_R"],"damage_healed":0,"gold_gain":0,"player_choice":"Removed Skill","damage_taken":0,"max_hp_gain":0,"max_hp_loss":0,"event_name":"Falling","floor":36,"gold_loss":0},{"damage_healed":0,"gold_gain":0,"player_choice":"Fight","damage_taken":0,"max_hp_gain":0,"max_hp_loss":0,"event_name":"Mysterious Sphere","floor":37,"gold_loss":0},{"damage_healed":0,"gold_gain":0,"player_choice":"Paid","damage_taken":0,"relics_obtained":["Red Mask"],"max_hp_gain":0,"max_hp_loss":0,"event_name":"Tomb of Lord Red Mask","floor":38,"gold_loss":225}],"is_beta":false,"boss_relics":[{"not_picked":["Velvet Choker","Runic Dome"],"picked":"Snecko Eye"},{"not_picked":["Calling Bell","Philosopher\u0027s Stone"],"picked":"Sozu"}],"items_purged_floors":[2,25],"is_endless":false,"potions_floor_spawned":[3,6,11,12,14,31,33,39],"killed_by":"Reptomancer","ascension_level":0}}