{"host":"cz3p2o9n3b1gdmkz","time":1608441587,"event":{"mods":["AchievementEnabler","BaseMod","CapriCore","GungeonMod","Hermit","Lobotomy","Minty Spire (QoL Compilation)","Replay The Spire","Shop Mod","StSLib","SuperFastMode","The Cursed","The Dragon Tamer","The Gatherer","The Jungle","The Poker Player","The Runesmith"],"gold_per_floor":[116,136,211,231,231,231,246,246,270,297,297,297,312,57,57,138,138,173,88,116,116,143,182,182,223,223,233,233,262,262,117,117,214,214,226,251,251,273,273,308,308,339,387,387,408,408],"floor_reached":45,"playtime":1609,"items_purged":[],"score":843,"play_id":"fd4090e4-6b03-4609-a1bb-b65942f04e84","local_time":"20201220141947","is_ascension_mode":true,"campfire_choices":[{"data":"hermit:Desperado","floor":6.0,"key":"SMITH"},{"data":"hermit:Strike_Hermit","floor":6.0,"key":"SMITH"},{"data":"hermit:NoHoldsBarred","floor":8.0,"key":"SMITH"},{"data":"hermit:Strike_Hermit","floor":8.0,"key":"SMITH"},{"floor":15,"key":"REST"},{"floor":24,"key":"REST"},{"floor":28,"key":"REST"},{"data":"hermit:Scavenge","floor":30,"key":"SMITH"},{"data":"hermit:Scavenge","floor":30,"key":"SMITH"},{"floor":32,"key":"REST"},{"data":"hermit:Defend_Hermit","floor":41,"key":"SMITH"},{"data":"hermit:Defend_Hermit","floor":41,"key":"SMITH"},{"floor":44,"key":"REST"}],"circlet_count":0,"master_deck":["AscendersBane","hermit:Strike_Hermit+1","hermit:Strike_Hermit+1","hermit:Strike_Hermit+1","hermit:Strike_Hermit+1","hermit:Defend_Hermit","hermit:Defend_Hermit+1","hermit:Defend_Hermit+1","hermit:Snapshot","hermit:Covet","hermit:Desperado+1","hermit:Grudge+1","hermit:NoHoldsBarred+1","hermit:Scavenge+1","hermit:BlackWind+1","hermit:Scavenge+1","hermit:Desperado+1","hermit:Feint+1","hermit:WideOpen+1","hermit:BlackWind+1","hermit:Quickdraw+1","hermit:Quickdraw+1"],"relics":["hermit:Momento","Replay:Arrowhead","Replay:Wax Seal","DemoMod:OrangeGuonStone","Molten Egg 2","DemoMod:RiddleOfLead","StrikeDummy","Whetstone","DemoMod:MonsterBlood","DemoMod:Antibody","Strange Spoon","Black Star","Ginger","Juzu Bracelet","Sundial","Nunchaku"],"acts_visited":["Exordium","TheCity","TheBeyond"],"potions_floor_usage":[16,16,20,23,33,40,45],"damage_taken":[{"damage":7.0,"enemies":"Jaw Worm","floor":1.0,"turns":3.0},{"damage":3.0,"enemies":"Small Slimes","floor":2.0,"turns":2.0},{"damage":0.0,"enemies":"2 Louse","floor":4.0,"turns":2.0},{"damage":12.0,"enemies":"Red Slaver","floor":7.0,"turns":4.0},{"damage":17.0,"enemies":"3 Sentries","floor":10.0,"turns":4.0},{"damage":0,"enemies":"3 Louse","floor":13,"turns":1},{"damage":21,"enemies":"Fading Forest","floor":16,"turns":11},{"damage":11,"enemies":"Spheric Guardian","floor":18,"turns":4},{"damage":20,"enemies":"3 Byrds","floor":20,"turns":4},{"damage":10,"enemies":"Centurion and Healer","floor":22,"turns":5},{"damage":31,"enemies":"Slavers","floor":23,"turns":4},{"damage":58,"enemies":"Book of Stabbing","floor":25,"turns":5},{"damage":0,"enemies":"Snecko","floor":27,"turns":2},{"damage":8,"enemies":"3 Cultists","floor":29,"turns":4},{"damage":66,"enemies":"Collector","floor":33,"turns":9},{"damage":2,"enemies":"Orb Walker","floor":35,"turns":2},{"damage":8,"enemies":"Mind Bloom Boss Battle","floor":36,"turns":9},{"damage":13,"enemies":"3 Shapes","floor":38,"turns":4},{"damage":10,"enemies":"Nemesis","floor":40,"turns":4},{"damage":10,"enemies":"Sphere and 2 Shapes","floor":42,"turns":3},{"damage":89,"enemies":"Giant Head","floor":45,"turns":8}],"seed_played":"-5938439324933892112","potions_obtained":[{"floor":2.0,"key":"Elixir"},{"floor":10.0,"key":"hermit:Tonic"},{"floor":16,"key":"Milkshake"},{"floor":22,"key":"SkillPotion"},{"floor":25,"key":"PowerPotion"},{"floor":29,"key":"Dexterity Potion"},{"floor":35,"key":"Flashbang"}],"is_trial":false,"path_per_floor":["M","M","?","M","?","R","M","R","T","E","?","?","M","$","R","B",null,"M","?","M","?","M","E","R","E","T","M","R","M","R","$","R","B",null,"M","?","?","M","$","E","R","M","T","R","E"],"character_chosen":"HERMIT","items_purchased":["Molten Egg 2","Strange Spoon"],"campfire_rested":5,"item_purchase_floors":[14,31],"current_hp_per_floor":[57,54,43,43,43,43,31,31,31,14,14,14,14,14,33,22,74,63,63,43,84,74,43,68,17,17,17,44,36,36,36,90,24,91,89,81,81,68,68,58,58,48,48,75,0,0],"gold":408,"neow_bonus":"ONE_RARE_RELIC","is_daily":false,"chose_seed":false,"campfire_upgraded":8,"win_rate":0.0,"timestamp":1608441587,"path_taken":["M","M","?","M","?","R","M","R","T","E","?","?","M","$","R","BOSS","M","?","M","?","?","E","R","E","T","M","R","M","R","$","R","BOSS","M","?","?","?","$","E","R","M","T","R","E"],"items_purchased_type":["Relic","Relic"],"build_version":"2020-12-13","purchased_purges":0,"victory":false,"max_hp_per_floor":[64,64,64,64,64,64,64,64,64,64,64,64,64,64,64,64,74,74,74,74,84,84,84,84,91,91,91,91,91,91,91,91,91,91,91,91,91,91,91,91,91,91,91,91,91,91],"card_choices":[{"not_picked":["hermit:Dive","hermit:Spite"],"picked":"hermit:Desperado","floor":1.0},{"not_picked":["hermit:WideOpen","hermit:HighCaliber"],"picked":"hermit:Grudge","floor":2.0},{"not_picked":["hermit:Vantage","hermit:Determination","hermit:Manifest"],"picked":"SKIP","floor":4.0},{"not_picked":["hermit:ItchyTrigger","hermit:Snipe"],"picked":"hermit:NoHoldsBarred","floor":7.0},{"not_picked":["hermit:FromBeyond","hermit:Feint","hermit:Ricochet"],"picked":"SKIP","floor":10.0},{"not_picked":["hermit:Horror","hermit:Coalescence","hermit:SprayPray"],"picked":"SKIP","floor":13},{"not_picked":["hermit:EternalForm","hermit:OverwhelmingPower"],"picked":"hermit:BlackWind+1","floor":16},{"not_picked":["hermit:Snipe","hermit:ItchyTrigger+1","hermit:Coalescence"],"picked":"SKIP","floor":18},{"not_picked":["hermit:Feint","hermit:Brawl"],"picked":"hermit:Scavenge","floor":20},{"not_picked":["hermit:BodyArmor","hermit:Feint"],"picked":"hermit:Desperado+1","floor":22},{"not_picked":["hermit:Dive","hermit:EyeOfTheStorm","hermit:SprayPray+1"],"picked":"SKIP","floor":23},{"not_picked":["hermit:Misfire+1","hermit:Desperado+1"],"picked":"hermit:Feint+1","floor":25},{"not_picked":["hermit:GhostlyPresence","hermit:Glare","hermit:HighCaliber+1"],"picked":"SKIP","floor":27},{"not_picked":["hermit:ShadowCloak","hermit:Cheat"],"picked":"hermit:WideOpen+1","floor":29},{"not_picked":["hermit:Magnum+1","hermit:OverwhelmingPower"],"picked":"hermit:BlackWind+1","floor":33},{"not_picked":["hermit:CalledShot+1","hermit:FullyLoaded","hermit:GhostlyPresence"],"picked":"SKIP","floor":35},{"not_picked":["hermit:CalledShot+1","hermit:FullyLoaded","hermit:GhostlyPresence"],"picked":"SKIP","floor":35},{"not_picked":["hermit:WideOpen+1","hermit:TrackingShot+1","hermit:ItchyTrigger+1"],"picked":"SKIP","floor":38},{"not_picked":["hermit:TrackingShot+1","hermit:Shortfuse+1"],"picked":"hermit:Quickdraw+1","floor":40},{"not_picked":["hermit:EyeOfTheStorm","hermit:Headshot+1"],"picked":"hermit:Quickdraw+1","floor":42}],"player_experience":983695,"relics_obtained":[{"floor":9.0,"key":"Replay:Wax Seal"},{"floor":10.0,"key":"DemoMod:OrangeGuonStone"},{"floor":23,"key":"Whetstone"},{"floor":25,"key":"DemoMod:MonsterBlood"},{"floor":26,"key":"DemoMod:Antibody"},{"floor":36,"key":"Ginger"},{"floor":40,"key":"Juzu Bracelet"},{"floor":40,"key":"Sundial"},{"floor":43,"key":"Nunchaku"}],"event_choices":[{"damage_healed":0.0,"max_hp_gain":0.0,"max_hp_loss":0.0,"gold_gain":75.0,"event_name":"World of Goop","player_choice":"Gather Gold","floor":3.0,"gold_loss":0.0,"damage_taken":11.0},{"damage_healed":0,"gold_gain":0,"player_choice":"2 cards matched","damage_taken":0,"max_hp_gain":0,"max_hp_loss":0,"event_name":"Match and Keep!","floor":12,"gold_loss":0,"cards_obtained":["hermit:DeadOrAlive","hermit:Scavenge"]},{"damage_healed":0,"gold_gain":0,"player_choice":"Obtained Relic","damage_taken":0,"relics_obtained":["StrikeDummy"],"max_hp_gain":0,"max_hp_loss":0,"event_name":"Addict","floor":19,"gold_loss":85},{"cards_removed":["hermit:DeadOrAlive"],"damage_healed":31,"gold_gain":0,"player_choice":"Offered Rare","damage_taken":0,"max_hp_gain":10,"max_hp_loss":0,"event_name":"Bonfire Elementals","floor":21,"gold_loss":0},{"damage_healed":0,"gold_gain":0,"player_choice":"Fight","damage_taken":0,"max_hp_gain":0,"max_hp_loss":0,"event_name":"MindBloom","floor":36,"gold_loss":0},{"cards_removed":["hermit:Defend_Hermit"],"damage_healed":0,"gold_gain":0,"player_choice":"Purged","damage_taken":0,"max_hp_gain":0,"max_hp_loss":0,"event_name":"Purifier","floor":37,"gold_loss":0}],"is_beta":false,"boss_relics":[{"not_picked":["Honey Jar","Velvet Choker"],"picked":"DemoMod:RiddleOfLead"},{"not_picked":["Painkiller Herb","Replay:Fungal Core"],"picked":"Black Star"}],"items_purged_floors":[],"is_endless":false,"potions_floor_spawned":[2,10,16,22,25,29,35,36],"killed_by":"Giant Head","ascension_level":14}}