{"host":"o7j6aatxjwpw1421","time":1608474100,"event":{"mods":["2.2 Compatiblity","BaseMod","Colored Map","DeckTracker","Highlight Path","Keyboard Shortcuts","Minty Spire (QoL Compilation)","Permanent Neow","Quick Restart","StSLib","SuperFastMode","everything is the same but u backflip on backflip"],"gold_per_floor":[109,124,124,144,156,156,221,248,248,263,26,26,26,42,42,116,116,132,143,157,169,16,16,48,48,48,48,48,65,65,76,76,153,153,172,192,192,192],"floor_reached":37,"playtime":2610,"items_purged":["Strike_G","Strike_G"],"score":752,"play_id":"ca941b6a-87c7-41eb-9f31-7a757541ec79","local_time":"20201220232140","is_ascension_mode":true,"campfire_choices":[{"data":"Catalyst","floor":6.0,"key":"SMITH"},{"floor":15.0,"key":"REST"},{"floor":23.0,"key":"REST"},{"floor":25.0,"key":"REST"},{"data":"Footwork","floor":28.0,"key":"SMITH"},{"data":"Deadly Poison","floor":32.0,"key":"SMITH"}],"circlet_count":0,"master_deck":["AscendersBane","Defend_G","Defend_G","Defend_G+1","Defend_G+1","Survivor","Neutralize","Malaise","Catalyst+1","Poisoned Stab+1","Deadly Poison+1","Well Laid Plans","Blur","Dagger Throw","Catalyst+1","Leg Sweep","Venomology","Footwork+1","Backflip","Backflip+1","Corpse Explosion","PiercingWail+1"],"relics":["Ring of the Snake","Bronze Scales","Mercury Hourglass","Strawberry","DollysMirror","Empty Cage","Matryoshka","Boot","StoneCalendar","Runic Pyramid"],"acts_visited":["Exordium","TheCity","TheBeyond"],"potions_floor_usage":[],"damage_taken":[{"damage":1.0,"enemies":"2 Louse","floor":1.0,"turns":4.0},{"damage":5.0,"enemies":"Cultist","floor":2.0,"turns":5.0},{"damage":9.0,"enemies":"Small Slimes","floor":4.0,"turns":5.0},{"damage":3.0,"enemies":"2 Fungi Beasts","floor":5.0,"turns":4.0},{"damage":0.0,"enemies":"Gremlin Nob","floor":7.0,"turns":2.0},{"damage":8.0,"enemies":"Lagavulin","floor":8.0,"turns":6.0},{"damage":13.0,"enemies":"Lots of Slimes","floor":10.0,"turns":3.0},{"damage":0.0,"enemies":"Looter","floor":14.0,"turns":1.0},{"damage":16.0,"enemies":"The Guardian","floor":16.0,"turns":7.0},{"damage":27.0,"enemies":"2 Thieves","floor":18.0,"turns":4.0},{"damage":4.0,"enemies":"3 Byrds","floor":19.0,"turns":3.0},{"damage":8.0,"enemies":"Cultist and Chosen","floor":20.0,"turns":8.0},{"damage":5.0,"enemies":"Shelled Parasite and Fungi","floor":21.0,"turns":3.0},{"damage":9.0,"enemies":"Gremlin Leader","floor":24.0,"turns":10.0},{"damage":9.0,"enemies":"Centurion and Healer","floor":29.0,"turns":7.0},{"damage":10.0,"enemies":"Chosen and Byrds","floor":31.0,"turns":7.0},{"damage":13.0,"enemies":"Champ","floor":33.0,"turns":7.0},{"damage":12.0,"enemies":"3 Darklings","floor":35.0,"turns":2.0},{"damage":6.0,"enemies":"3 Shapes","floor":36.0,"turns":2.0},{"damage":28,"enemies":"2 Orb Walkers","floor":37,"turns":3}],"seed_played":"6653608268883034887","potions_obtained":[{"floor":2.0,"key":"DuplicationPotion"},{"floor":4.0,"key":"AttackPotion"},{"floor":10.0,"key":"LiquidMemories"},{"floor":16.0,"key":"FearPotion"},{"floor":20.0,"key":"Poison Potion"},{"floor":21.0,"key":"CunningPotion"},{"floor":33.0,"key":"SkillPotion"},{"floor":35.0,"key":"CunningPotion"}],"is_trial":false,"path_per_floor":["M","M","?","M","M","R","?","E","T","M","$","?","?","M","R","B",null,"M","M","M","M","$","R","E","R","T","?","R","M","?","M","R","B",null,"M","M","?"],"character_chosen":"THE_SILENT","items_purchased":["DollysMirror","Backflip"],"campfire_rested":3,"item_purchase_floors":[11,22],"current_hp_per_floor":[58,53,53,44,41,41,41,33,40,27,27,5,5,5,26,10,57,30,26,18,13,13,34,25,46,46,46,46,52,52,42,42,29,62,50,44,16,16],"gold":192,"neow_bonus":"ONE_RANDOM_RARE_CARD","is_daily":false,"chose_seed":false,"campfire_upgraded":3,"win_rate":0.0,"timestamp":1608474100,"path_taken":["M","M","?","M","?","R","?","E","T","M","$","?","?","M","R","BOSS","M","?","M","M","$","R","E","R","T","?","R","M","?","?","R","BOSS","M","M","?"],"items_purchased_type":["Relic","Card"],"build_version":"2020-12-13","purchased_purges":2,"victory":false,"max_hp_per_floor":[66,66,66,66,66,66,66,66,73,73,73,73,73,73,73,73,73,73,73,73,73,73,73,73,73,73,73,73,73,73,73,73,73,73,73,73,73,73],"card_choices":[{"not_picked":["Bane","Prepared"],"picked":"Catalyst","floor":1.0},{"not_picked":["Deadly Poison","Flying Knee"],"picked":"Poisoned Stab","floor":2.0},{"not_picked":["Bane","Riddle With Holes","Sucker Punch"],"picked":"SKIP","floor":4.0},{"not_picked":["Cloak And Dagger","Backstab"],"picked":"Deadly Poison","floor":5.0},{"not_picked":["Deflect","PiercingWail"],"picked":"Well Laid Plans","floor":7.0},{"not_picked":["Bane","Poisoned Stab"],"picked":"Blur","floor":8.0},{"not_picked":["Dodge and Roll","Blade Dance"],"picked":"Dagger Throw","floor":10.0},{"not_picked":["Escape Plan","Distraction"],"picked":"Leg Sweep","floor":14.0},{"not_picked":["A Thousand Cuts","Unload"],"picked":"Venomology","floor":16.0},{"not_picked":["All Out Attack","Prepared"],"picked":"Footwork","floor":18.0},{"not_picked":["Setup","Sucker Punch","Outmaneuver"],"picked":"SKIP","floor":19.0},{"not_picked":["Masterful Stab","Dash","Flying Knee"],"picked":"SKIP","floor":20.0},{"not_picked":["Dodge and Roll","Concentrate","Quick Slash"],"picked":"SKIP","floor":21.0},{"not_picked":["Dagger Spray","Cloak And Dagger","Dodge and Roll"],"picked":"SKIP","floor":24.0},{"not_picked":["Dagger Throw","Flying Knee","Predator"],"picked":"SKIP","floor":29.0},{"not_picked":["Bullet Time","Blade Dance"],"picked":"Backflip+1","floor":31.0},{"not_picked":["Night Terror","Unload"],"picked":"Corpse Explosion","floor":33.0},{"not_picked":["Flying Knee+1","Terror"],"picked":"PiercingWail+1","floor":35.0},{"not_picked":["Sucker Punch","Caltrops","Acrobatics"],"picked":"SKIP","floor":36.0}],"player_experience":296174,"relics_obtained":[{"floor":7.0,"key":"Bronze Scales"},{"floor":8.0,"key":"Mercury Hourglass"},{"floor":9.0,"key":"Strawberry"},{"floor":24.0,"key":"Matryoshka"},{"floor":26.0,"key":"Boot"},{"floor":26.0,"key":"StoneCalendar"}],"event_choices":[{"damage_healed":0.0,"max_hp_gain":0.0,"max_hp_loss":0.0,"gold_gain":0.0,"event_name":"Upgrade Shrine","player_choice":"Upgraded","floor":3.0,"gold_loss":0.0,"damage_taken":0.0,"cards_upgraded":["Poisoned Stab"]},{"damage_healed":0.0,"max_hp_gain":0.0,"max_hp_loss":0.0,"gold_gain":0.0,"event_name":"Dead Adventurer","player_choice":"Searched \u00272\u0027 times","floor":7.0,"gold_loss":0.0,"damage_taken":0.0},{"damage_healed":0.0,"max_hp_gain":0.0,"max_hp_loss":0.0,"gold_gain":0.0,"event_name":"Shining Light","player_choice":"Entered Light","floor":12.0,"gold_loss":0.0,"damage_taken":22.0,"cards_upgraded":["Defend_G","Defend_G"]},{"cards_removed":["Strike_G"],"damage_healed":0.0,"max_hp_gain":0.0,"max_hp_loss":0.0,"gold_gain":0.0,"event_name":"Purifier","player_choice":"Purged","floor":13.0,"gold_loss":0.0,"damage_taken":0.0},{"damage_healed":0.0,"max_hp_gain":0.0,"max_hp_loss":0.0,"gold_gain":0.0,"event_name":"Vampires","player_choice":"Ignored","floor":27.0,"gold_loss":0.0,"damage_taken":0.0},{"cards_removed":["Defend_G"],"damage_healed":0.0,"max_hp_gain":0.0,"max_hp_loss":0.0,"gold_gain":0.0,"event_name":"Bonfire Elementals","player_choice":"Offered Basic","floor":30.0,"gold_loss":0.0,"damage_taken":0.0},{"damage_healed":0,"gold_gain":0,"player_choice":"Fight","damage_taken":0,"max_hp_gain":0,"max_hp_loss":0,"event_name":"Mysterious Sphere","floor":37,"gold_loss":0}],"is_beta":false,"boss_relics":[{"not_picked":["Cursed Key","Ring of the Serpent"],"picked":"Empty Cage"},{"not_picked":["Coffee Dripper","Velvet Choker"],"picked":"Runic Pyramid"}],"items_purged_floors":[11,22],"is_endless":false,"potions_floor_spawned":[2,4,10,16,20,21,33,35],"killed_by":"2 Orb Walkers","ascension_level":16}}