{"host":"Ian","time":1608472719,"event":{"mods":["BaseMod","Bestiary","Block Reminder","Colored Map","Highlight Path","Key Reminder","Minty Spire (QoL Compilation)","Relic Stats"],"gold_per_floor":[114,132,144,162,30,30,55,55,108,135,165,177,203,246,258,344,356,383,375,404,430,48,48,60,91,142,173,183,195,212,212,212,288,288,299,299,309,259,278,303,315,345,345,345,364,392,392,425,425,425,425,425,425,13,41,41],"floor_reached":57,"playtime":4065,"items_purged":["Strike_R","Strike_R","Pain","Strike_R"],"score":2822,"play_id":"632a9931-47b8-4d1f-b916-08e8aee4b0b2","local_time":"20201220135839","is_ascension_mode":true,"campfire_choices":[{"data":"Uppercut","floor":6,"key":"SMITH"},{"data":"Armaments","floor":8,"key":"SMITH"},{"data":"Whirlwind","floor":12,"key":"SMITH"},{"data":"Spot Weakness","floor":15,"key":"SMITH"},{"data":"Evolve","floor":23,"key":"SMITH"},{"data":"Demon Form","floor":32,"key":"SMITH"},{"floor":44,"key":"RECALL"},{"data":"Disarm","floor":47,"key":"SMITH"},{"data":"Disarm","floor":49,"key":"SMITH"},{"data":"Impervious","floor":53,"key":"SMITH"}],"circlet_count":0,"master_deck":["AscendersBane","Strike_R","Strike_R","Defend_R","Defend_R","Defend_R","Defend_R","Bash","Spot Weakness+1","Evolve+1","Uppercut+1","Iron Wave","Armaments+1","Reaper","Whirlwind+1","Sword Boomerang","Feed","Thunderclap","Shrug It Off","Disarm+1","Impervious+1","True Grit+1","Demon Form+1","Corruption","Shrug It Off","Warcry+1","Shrug It Off","Disarm+1","Power Through+1","Impervious","Disarm"],"relics":["Burning Blood","HornCleat","Smiling Mask","MawBank","Magic Flower","Mark of Pain","Bottled Tornado","Bronze Scales","Pen Nib","Snecko Eye","WarpedTongs","Ancient Tea Set","Toy Ornithopter","Pear","White Beast Statue","Strawberry","InkBottle","Art of War"],"acts_visited":["Exordium","TheCity","TheBeyond","TheEnding"],"potions_floor_usage":[7,10,14,16,24,25,27,27,40,48,56,56],"damage_taken":[{"damage":4,"enemies":"Small Slimes","floor":1,"turns":4},{"damage":7,"enemies":"Cultist","floor":2,"turns":4},{"damage":10,"enemies":"2 Louse","floor":3,"turns":3},{"damage":10,"enemies":"Blue Slaver","floor":4,"turns":4},{"damage":17,"enemies":"3 Sentries","floor":7,"turns":8},{"damage":12,"enemies":"Lagavulin","floor":10,"turns":6},{"damage":12,"enemies":"Lots of Slimes","floor":11,"turns":5},{"damage":11,"enemies":"Looter","floor":13,"turns":3},{"damage":10,"enemies":"3 Sentries","floor":14,"turns":4},{"damage":60,"enemies":"Hexaghost","floor":16,"turns":12},{"damage":19,"enemies":"Spheric Guardian","floor":18,"turns":5},{"damage":1,"enemies":"3 Byrds","floor":20,"turns":4},{"damage":35,"enemies":"3 Cultists","floor":21,"turns":5},{"damage":14,"enemies":"Cultist and Chosen","floor":24,"turns":5},{"damage":22,"enemies":"Book of Stabbing","floor":25,"turns":4},{"damage":21,"enemies":"Gremlin Leader","floor":27,"turns":9},{"damage":4,"enemies":"Snake Plant","floor":28,"turns":5},{"damage":16,"enemies":"Centurion and Healer","floor":29,"turns":7},{"damage":13,"enemies":"Snecko","floor":30,"turns":5},{"damage":93,"enemies":"Automaton","floor":33,"turns":10},{"damage":6,"enemies":"Orb Walker","floor":35,"turns":2},{"damage":3,"enemies":"3 Shapes","floor":37,"turns":5},{"damage":4,"enemies":"Jaw Worm Horde","floor":39,"turns":2},{"damage":38,"enemies":"Nemesis","floor":40,"turns":7},{"damage":27,"enemies":"Sphere and 2 Shapes","floor":41,"turns":8},{"damage":35,"enemies":"Giant Head","floor":42,"turns":7},{"damage":29,"enemies":"Spire Growth","floor":45,"turns":5},{"damage":39,"enemies":"Reptomancer","floor":46,"turns":5},{"damage":2,"enemies":"Giant Head","floor":48,"turns":7},{"damage":104,"enemies":"Donu and Deca","floor":50,"turns":9},{"damage":13,"enemies":"Time Eater","floor":51,"turns":10},{"damage":48,"enemies":"Shield and Spear","floor":55,"turns":7},{"damage":41,"enemies":"The Heart","floor":56,"turns":8}],"seed_played":"-1343095943896499820","potions_obtained":[{"floor":1,"key":"FearPotion"},{"floor":3,"key":"DuplicationPotion"},{"floor":10,"key":"SpeedPotion"},{"floor":11,"key":"Fire Potion"},{"floor":18,"key":"ElixirPotion"},{"floor":19,"key":"DistilledChaos"},{"floor":20,"key":"CultistPotion"},{"floor":24,"key":"BlessingOfTheForge"},{"floor":25,"key":"Energy Potion"},{"floor":29,"key":"SkillPotion"},{"floor":37,"key":"SpeedPotion"},{"floor":39,"key":"Fruit Juice"},{"floor":40,"key":"ColorlessPotion"},{"floor":48,"key":"Strength Potion"},{"floor":55,"key":"Dexterity Potion"}],"is_trial":false,"path_per_floor":["M","M","M","M","$","R","E","R","T","E","M","R","M","E","R","B",null,"M","?","M","M","$","R","M","E","T","E","M","M","M","?","R","B",null,"M","?","M","$","M","E","M","E","T","R","M","E","R","E","R","B","B",null,"R","$","E","B",null],"character_chosen":"IRONCLAD","items_purchased":["Armaments","Bottled Tornado","Shrug It Off","Disarm","InkBottle"],"campfire_rested":0,"item_purchase_floors":[5,22,22,54,54],"current_hp_per_floor":[77,76,72,68,68,68,57,57,57,51,65,65,60,57,57,24,68,58,58,71,64,64,64,64,75,75,69,97,102,102,102,102,50,91,105,105,108,108,108,85,115,118,128,128,131,110,110,146,146,98,154,154,154,154,139,154],"gold":41,"neow_bonus":"TEN_PERCENT_HP_BONUS","is_daily":false,"chose_seed":false,"campfire_upgraded":9,"win_rate":0.0,"timestamp":1608472719,"path_taken":["M","M","M","M","$","R","E","R","T","E","M","R","M","E","R","BOSS","M","?","M","M","?","R","M","E","T","E","M","M","M","?","R","BOSS","M","?","M","$","?","E","M","E","T","R","M","E","R","E","R","BOSS","BOSS","R","$","E","BOSS"],"items_purchased_type":["Card","Relic","Card","Card","Relic"],"build_version":"2020-12-18","purchased_purges":4,"victory":true,"max_hp_per_floor":[82,82,82,82,82,82,82,82,82,82,82,82,82,82,82,82,82,82,82,85,88,88,88,91,91,91,95,98,102,102,102,102,105,105,105,105,108,108,108,112,115,118,128,128,131,131,131,146,146,150,154,154,154,154,154,154],"relic_stats":{"counters":[33,194],"Magic Flower":[130],"Pen Nib":[17],"Smiling Mask":225,"MawBank":144,"Burning Blood":197,"WarpedTongs":[74],"Bronze Scales":[356],"Snecko Eye":[152,150,181,126],"Art of War":[1],"obtain_stats":[{"Pear":43,"Magic Flower":14,"Pen Nib":27,"Bottled Tornado":22,"Smiling Mask":9,"MawBank":10,"Ancient Tea Set":40,"Burning Blood":0,"White Beast Statue":46,"WarpedTongs":36,"keyreminder:keyreminder":10,"HornCleat":7,"Bronze Scales":25,"Strawberry":48,"Snecko Eye":34,"Mark of Pain":17,"Art of War":55,"Toy Ornithopter":42,"InkBottle":54},{"Pear":26,"Magic Flower":9,"Pen Nib":16,"Bottled Tornado":13,"Smiling Mask":5,"MawBank":6,"Ancient Tea Set":24,"Burning Blood":0,"White Beast Statue":28,"WarpedTongs":21,"keyreminder:keyreminder":6,"HornCleat":5,"Bronze Scales":15,"Strawberry":29,"Snecko Eye":20,"Mark of Pain":10,"Art of War":32,"Toy Ornithopter":26,"InkBottle":31},{"Pear":143,"Magic Flower":41,"Pen Nib":85,"Bottled Tornado":67,"Smiling Mask":23,"MawBank":29,"Ancient Tea Set":128,"Burning Blood":0,"White Beast Statue":153,"WarpedTongs":114,"keyreminder:keyreminder":29,"HornCleat":23,"Bronze Scales":76,"Strawberry":160,"Snecko Eye":112,"Mark of Pain":53,"Art of War":186,"Toy Ornithopter":143,"InkBottle":179}],"Toy Ornithopter":15,"InkBottle":[5]},"card_choices":[{"not_picked":["Dropkick","Thunderclap"],"picked":"Spot Weakness","floor":1},{"not_picked":["True Grit","Flame Barrier"],"picked":"Evolve","floor":2},{"not_picked":["Havoc","Inflame"],"picked":"Uppercut","floor":3},{"not_picked":["Bloodletting","Cleave"],"picked":"Iron Wave","floor":4},{"not_picked":["Cleave","Sever Soul","Uppercut"],"picked":"SKIP","floor":7},{"not_picked":["Sentinel","Shrug It Off"],"picked":"Reaper","floor":10},{"not_picked":["Shrug It Off","Warcry"],"picked":"Whirlwind","floor":11},{"not_picked":["Dual Wield","Twin Strike"],"picked":"Sword Boomerang","floor":13},{"not_picked":["Twin Strike","Hemokinesis","Body Slam"],"picked":"SKIP","floor":14},{"not_picked":["Limit Break","Barricade"],"picked":"Feed","floor":16},{"not_picked":["Warcry","Clash","Searing Blow"],"picked":"SKIP","floor":18},{"not_picked":["Twin Strike","Feel No Pain"],"picked":"Thunderclap","floor":20},{"not_picked":["Bloodletting","Warcry","Searing Blow"],"picked":"SKIP","floor":21},{"not_picked":["Infernal Blade","Havoc","Twin Strike"],"picked":"SKIP","floor":24},{"not_picked":["Pommel Strike+1","Clash"],"picked":"Disarm","floor":25},{"not_picked":["Armaments","Shockwave"],"picked":"Impervious","floor":27},{"not_picked":["Twin Strike+1","Flex+1"],"picked":"True Grit+1","floor":28},{"not_picked":["Clothesline","Armaments","Clash"],"picked":"SKIP","floor":29},{"not_picked":["Headbutt","Uppercut+1","Seeing Red+1"],"picked":"SKIP","floor":30},{"not_picked":["Reaper","Berserk"],"picked":"Corruption","floor":33},{"not_picked":["Second Wind","Flex"],"picked":"Shrug It Off","floor":35},{"not_picked":["Headbutt","Havoc","Iron Wave"],"picked":"SKIP","floor":37},{"not_picked":["Armaments+1","Body Slam","Thunderclap"],"picked":"SKIP","floor":39},{"not_picked":["Whirlwind","Immolate"],"picked":"Warcry+1","floor":40},{"not_picked":["Sentinel","Combust"],"picked":"Shrug It Off","floor":41},{"not_picked":["Reaper","Battle Trance"],"picked":"Disarm","floor":42},{"not_picked":["Pummel","Iron Wave"],"picked":"Power Through+1","floor":45},{"not_picked":["Iron Wave","Twin Strike","Warcry"],"picked":"SKIP","floor":46},{"not_picked":["True Grit","Offering"],"picked":"Impervious","floor":48},{"not_picked":["Carnage+1","Headbutt+1","Twin Strike"],"picked":"SKIP","floor":55}],"player_experience":2576171,"relics_obtained":[{"floor":7,"key":"HornCleat"},{"floor":9,"key":"Smiling Mask"},{"floor":10,"key":"MawBank"},{"floor":14,"key":"Magic Flower"},{"floor":25,"key":"Bronze Scales"},{"floor":27,"key":"Pen Nib"},{"floor":40,"key":"Ancient Tea Set"},{"floor":42,"key":"Toy Ornithopter"},{"floor":43,"key":"Pear"},{"floor":46,"key":"White Beast Statue"},{"floor":48,"key":"Strawberry"},{"floor":55,"key":"Art of War"}],"event_choices":[{"damage_healed":0,"gold_gain":0,"player_choice":"Bought 1 Potion","damage_taken":0,"max_hp_gain":0,"max_hp_loss":0,"event_name":"The Woman in Blue","floor":19,"gold_loss":0},{"damage_healed":0,"gold_gain":0,"player_choice":"Read","damage_taken":0,"max_hp_gain":0,"max_hp_loss":0,"event_name":"The Library","floor":31,"gold_loss":0,"cards_obtained":["Demon Form"]},{"damage_healed":0,"gold_gain":0,"player_choice":"Rummage","damage_taken":0,"relics_obtained":["WarpedTongs"],"max_hp_gain":0,"max_hp_loss":0,"event_name":"Accursed Blacksmith","floor":36,"gold_loss":0,"cards_obtained":["Pain"]}],"is_beta":true,"boss_relics":[{"not_picked":["Busted Crown","Cursed Key"],"picked":"Mark of Pain"},{"not_picked":["Astrolabe","Black Star"],"picked":"Snecko Eye"}],"items_purged_floors":[5,22,38,54],"is_endless":false,"potions_floor_spawned":[1,3,10,11,18,20,24,25,29,37,39,40,48,55],"ascension_level":20}}