{"host":"e48gchmu8shm63ip","time":1608469006,"event":{"mods":["Abigail Mod","AchievementEnabler","Act Like it!","Bartender","BaseMod","Better Match","Better Note","Better Vampires","CapriCore","DeckTracker","Exacting","Fireblade Mod","Googly Eyes","Hallownest","Hermit","HololiveMod","Infinite Spire","Jorbs\u0027s Wanderer Trilogy","Koishi","Marisa????????","Minty Spire (QoL Compilation)","Railgun Mod","Rare Cards Sparkle","Relic Filter","Shade Mod","StSLib","The Animator","The Construct","The Death Knight","The Forsaken","The Immortal","The Judge","The Poker Player","The Servant 0.9.4","TheFirefly","TheLocksmith","TheSwordswoman","Waifu the Spire"],"gold_per_floor":[109,124,199,32,65,65,93,127,152,152,173,213,69,101,101,101,101],"floor_reached":16,"playtime":684,"items_purged":["Strike_MRS"],"score":129,"play_id":"29e33cf9-c368-4d78-afa2-fb9d4b9df9cf","local_time":"20201220135646","is_ascension_mode":true,"campfire_choices":[{"data":"PulseMagic","floor":6,"key":"SMITH"},{"floor":10,"key":"REST"},{"floor":15,"key":"REST"}],"circlet_count":0,"master_deck":["Strike_MRS","Strike_MRS","Strike_MRS","Defend_MRS","Defend_MRS","Defend_MRS","Defend_MRS","MasterSpark","UpSweep","PowerUp","DoubleSpark","Panache","PulseMagic+1","NonDirectionalLaser","GrandCross","EnergyRecoil","OrrerysSun"],"relics":["MiniHakkero","White_Cape","CeramicFish","Toy Ornithopter"],"acts_visited":["Exordium"],"potions_floor_usage":[],"damage_taken":[{"damage":0,"enemies":"Small Slimes","floor":1,"turns":3},{"damage":7,"enemies":"Jaw Worm","floor":2,"turns":2},{"damage":1,"enemies":"2 Louse","floor":5,"turns":2},{"damage":7,"enemies":"Large Slime","floor":7,"turns":4},{"damage":25,"enemies":"Lagavulin","floor":8,"turns":5},{"damage":17,"enemies":"Looter","floor":11,"turns":3},{"damage":18,"enemies":"Gremlin Nob","floor":12,"turns":3},{"damage":13,"enemies":"Blue Slaver","floor":14,"turns":4},{"damage":32,"enemies":"Hexaghost","floor":16,"turns":9}],"seed_played":"-2657945767649294566","potions_obtained":[{"floor":2,"key":"BlessingOfTheForge"},{"floor":7,"key":"Block Potion"},{"floor":11,"key":"Dexterity Potion"}],"is_trial":false,"path_per_floor":["M","M","?","$","M","R","M","E","T","R","M","E","$","M","R","B"],"character_chosen":"MARISA","items_purchased":["Panache","OrrerysSun"],"campfire_rested":2,"item_purchase_floors":[4,13],"current_hp_per_floor":[82,75,64,64,63,63,56,31,31,55,38,20,20,7,31,0,0],"gold":101,"neow_bonus":"TEN_PERCENT_HP_BONUS","is_daily":false,"chose_seed":false,"campfire_upgraded":1,"win_rate":0.0,"timestamp":1608469006,"path_taken":["M","M","?","$","M","R","M","E","T","R","M","E","$","M","R","BOSS"],"items_purchased_type":["Card","Card"],"build_version":"2020-12-13","purchased_purges":1,"victory":false,"max_hp_per_floor":[82,82,82,82,82,82,82,82,82,82,82,82,82,82,82,82,82],"card_choices":[{"not_picked":["WitchOfGreed","EarthLightRay"],"picked":"PowerUp","floor":1},{"not_picked":["UnstableBomb","OortCloud"],"picked":"DoubleSpark","floor":1},{"not_picked":["MysteriousBeam","UnstableBomb","DoubleSpark"],"picked":"SKIP","floor":2},{"not_picked":["DragonMeteor","6A"],"picked":"PulseMagic","floor":5},{"not_picked":["ManaRampage","ShootTheMoon"],"picked":"NonDirectionalLaser","floor":7},{"not_picked":["PropBag","MagicAbsorber","SprinkleStarSeal"],"picked":"SKIP","floor":8},{"not_picked":["WitchLeyline","NonDirectionalLaser"],"picked":"GrandCross","floor":11},{"not_picked":["Orbital","SporeBomb"],"picked":"EnergyRecoil","floor":12},{"not_picked":["LuminesStrike","GrandCross","6A"],"picked":"SKIP","floor":14}],"player_experience":565405,"relics_obtained":[{"floor":8,"key":"White_Cape"},{"floor":9,"key":"CeramicFish"},{"floor":12,"key":"Toy Ornithopter"}],"event_choices":[{"damage_healed":0,"gold_gain":75,"player_choice":"Gather Gold","damage_taken":11,"max_hp_gain":0,"max_hp_loss":0,"event_name":"World of Goop","floor":3,"gold_loss":0}],"is_beta":false,"boss_relics":[],"items_purged_floors":[13],"is_endless":false,"potions_floor_spawned":[1,7,11],"killed_by":"Hexaghost","ascension_level":3}}