{"host":"18wi9kpcl4eah7pe","time":1608443873,"event":{"mods":["BaseMod","Colored Powertips","Downfall","Minty Spire (QoL Compilation)","StSLib"],"gold_per_floor":[99,115,115,134,134,152,179,54,80,30,44,63,63,80,91,91,91],"floor_reached":16,"playtime":744,"items_purged":[],"score":129,"play_id":"ab4fb77b-d7e4-4bf8-a8f9-b9736c054798","local_time":"20201219235753","is_ascension_mode":false,"campfire_choices":[{"floor":1.0,"key":"RECALL"},{"data":"Slimebound:Grow","floor":8.0,"key":"SMITH"},{"floor":10.0,"key":"REST"}],"circlet_count":0,"master_deck":["Slimebound:Strike_Slimebound","Slimebound:Strike_Slimebound","Slimebound:Strike_Slimebound","Slimebound:Tackle","Slimebound:Defend_Slimebound","Slimebound:Defend_Slimebound","Slimebound:Defend_Slimebound","Slimebound:Defend_Slimebound+1","Slimebound:Split+1","Slimebound:CorrosiveSpit","Slimebound:LeechEnergy","Slimebound:Grow+1","Slimebound:Gluttony","Slimebound:MassFeed","Slimebound:LeadByExample","Slimebound:GrowthPunch","Slimebound:BestDefense","Slimebound:GoopSpray"],"relics":["Slimebound:AbsorbEndCombat","Slimebound:GreedOozeRelic","downfall:HeartBlessingBlue","War Paint"],"acts_visited":["Exordium"],"potions_floor_usage":[16,16],"damage_taken":[{"damage":13.0,"enemies":"Jaw Worm","floor":2.0,"turns":6.0},{"damage":7.0,"enemies":"2 Louse","floor":4.0,"turns":2.0},{"damage":4.0,"enemies":"Small Slimes","floor":6.0,"turns":3.0},{"damage":33.0,"enemies":"Lagavulin","floor":9.0,"turns":5.0},{"damage":3.0,"enemies":"2 Fungi Beasts","floor":11.0,"turns":2.0},{"damage":23.0,"enemies":"3 Louse","floor":12.0,"turns":3.0},{"damage":12.0,"enemies":"Large Slime","floor":14.0,"turns":3.0},{"damage":26.0,"enemies":"Exordium Thugs","floor":15.0,"turns":4.0},{"damage":64,"enemies":"downfall:Defect","floor":16,"turns":5}],"seed_played":"3784054875074660398","potions_obtained":[{"floor":9.0,"key":"ColorlessPotion"},{"floor":12.0,"key":"Ancient Potion"},{"floor":14.0,"key":"Energy Potion"}],"is_trial":false,"path_per_floor":["R","M","?","M","?","M","T","R","E","R","M","M","?","M","M","B"],"character_chosen":"SLIMEBOUND","items_purchased":[],"campfire_rested":1,"item_purchase_floors":[],"current_hp_per_floor":[66,58,58,57,57,59,59,69,52,74,76,63,63,63,52,0,0],"gold":91,"neow_bonus":"TEN_PERCENT_HP_BONUS","is_daily":false,"chose_seed":false,"campfire_upgraded":1,"win_rate":0.0,"timestamp":1608443873,"path_taken":["R","M","?","M","?","M","T","R","E","R","M","M","?","M","M","BOSS"],"items_purchased_type":[],"build_version":"2020-12-13","purchased_purges":0,"victory":false,"max_hp_per_floor":[66,66,66,66,66,66,66,76,76,76,79,79,79,79,82,82,82],"card_choices":[{"not_picked":["Slimebound:SplitMire","Slimebound:ServeAndProtect"],"picked":"Slimebound:LeechEnergy","floor":2.0},{"not_picked":["Slimebound:SlimeSlap","Slimebound:GrowthPunch"],"picked":"Slimebound:Grow","floor":4.0},{"not_picked":["Slimebound:FinishingTackle","Slimebound:ComboTackle"],"picked":"Slimebound:Gluttony","floor":6.0},{"not_picked":["Slimebound:DisruptingSlam","Slimebound:ComboTackle"],"picked":"Slimebound:MassFeed","floor":9.0},{"not_picked":["Slimebound:HauntingLick","Slimebound:SamplingLick"],"picked":"Slimebound:LeadByExample","floor":11.0},{"not_picked":["Slimebound:SplitLeeching","Slimebound:ProtectTheBoss"],"picked":"Slimebound:GrowthPunch","floor":12.0},{"not_picked":["Slimebound:Grow","Slimebound:SplitLeeching"],"picked":"Slimebound:BestDefense","floor":14.0},{"not_picked":["Slimebound:ForwardTackle","Slimebound:ComboTackle"],"picked":"Slimebound:GoopSpray","floor":15.0}],"player_experience":812188,"relics_obtained":[{"floor":9.0,"key":"War Paint"}],"event_choices":[],"is_beta":false,"boss_relics":[],"items_purged_floors":[],"is_endless":false,"potions_floor_spawned":[9,12,14,15],"killed_by":"downfall:Defect","ascension_level":0}}