{"host":"87fdiiwflhrwsj8a","time":1608497417,"event":{"mods":["Aspiration","BaseMod","Better Match","Better Third Choice","BetterRewards","Colored Map","Downfall","GifTheSpireLib","Infinite Spire","Minty Spire (QoL Compilation)","Relic Sorter","Replay The Spire","Robot Space Explorer","StSLib","Stuff the Spire","The Cursed"],"gold_per_floor":[110,125,125,142,160,191,205,272,272,298,298,318,337,337,337,411,411,425,465,465],"floor_reached":19,"playtime":971,"items_purged":[],"score":358,"play_id":"7507ee88-4b12-4e66-be31-e648a995a604","local_time":"20201220155017","is_ascension_mode":true,"campfire_choices":[{"data":"Inflame","floor":15,"key":"SMITH"}],"circlet_count":0,"master_deck":["AscendersBane","Strike_R","Strike_R","Strike_R","Strike_R","Strike_R","Defend_R","Defend_R","Defend_R","Defend_R","Bash","Heavy Blade","Regret","Inflame+1","Flex","Sword Boomerang","ReplayTheSpireMod:Muscle Training","StuffTheSpire:Slingshot","Twin Strike","Spot Weakness","Battle Trance","Berserk"],"relics":["Burning Blood","NeowsBlessing","ReplayTheSpireMod:CursedCoin","PreservedInsect","infinitespire:Joker Card","Replay:Mystery Machine","ReplayTheSpireMod:Ring of Challenge","Ring of Hypnosis","infinitespire:Cupcake"],"acts_visited":["Exordium","TheCity"],"potions_floor_usage":[10,16],"damage_taken":[{"damage":0,"enemies":"2 Louse","floor":1,"turns":1},{"damage":0,"enemies":"Cultist","floor":2,"turns":1},{"damage":0,"enemies":"Jaw Worm","floor":5,"turns":1},{"damage":11,"enemies":"Gremlin Nob","floor":6,"turns":3},{"damage":16,"enemies":"2 Fungi Beasts","floor":7,"turns":3},{"damage":24,"enemies":"3 Sentries","floor":10,"turns":6},{"damage":16,"enemies":"3 Louse","floor":12,"turns":3},{"damage":25,"enemies":"Large Slime","floor":13,"turns":4},{"damage":34,"enemies":"Slime Boss","floor":16,"turns":8},{"damage":12,"enemies":"Chosen","floor":18,"turns":3}],"seed_played":"-4452748039831799864","potions_obtained":[{"floor":3,"key":"GamblersBrew"},{"floor":3,"key":"sneckomod:MuddlingPotion"},{"floor":6,"key":"Regen Potion"},{"floor":12,"key":"LiquidBronze"},{"floor":19,"key":"LiquidBronze"}],"is_trial":false,"path_per_floor":["M","M","?","$","M","E","M","?","T","E","?","M","M","?","R","B",null,"M","?"],"character_chosen":"IRONCLAD","items_purchased":["ReplayTheSpireMod:CursedCoin","Inflame","Flex"],"campfire_rested":0,"item_purchase_floors":[4,4,4],"current_hp_per_floor":[74,75,75,75,75,70,60,60,60,56,56,46,27,37,37,9,59,53,23,23],"gold":465,"neow_bonus":"THREE_ENEMY_KILL","is_daily":false,"chose_seed":false,"campfire_upgraded":1,"win_rate":0.0,"timestamp":1608497417,"path_taken":["M","M","?","$","?","E","M","?","T","E","?","M","M","?","R","BOSS","M","?"],"items_purchased_type":["Relic","Card","Card"],"build_version":"2020-12-13","purchased_purges":0,"victory":false,"max_hp_per_floor":[75,75,75,75,75,75,75,75,75,75,75,75,75,75,75,75,75,75,75,75],"card_choices":[{"not_picked":["Iron Wave","Armaments"],"picked":"Heavy Blade","floor":1},{"not_picked":["Evolve","StuffTheSpire:Incineration","Disarm"],"picked":"SKIP","floor":2},{"not_picked":["ReplayTheSpireMod:Strike From Hell","Replay:Undeath\u0027s Touch"],"picked":"Sword Boomerang","floor":5},{"not_picked":["Wild Strike","Brutality"],"picked":"ReplayTheSpireMod:Muscle Training","floor":6},{"not_picked":["Pommel Strike","StuffTheSpire:Pyroclast"],"picked":"StuffTheSpire:Slingshot","floor":7},{"not_picked":["ReplayTheSpireMod:LeadingStrike","Warcry"],"picked":"Twin Strike","floor":10},{"not_picked":["ReplayTheSpireMod:Strike From Hell","Perfected Strike"],"picked":"Spot Weakness","floor":12},{"not_picked":["Shrug It Off","Warcry"],"picked":"Battle Trance","floor":13},{"not_picked":["Brutality","Impervious"],"picked":"Berserk","floor":16},{"not_picked":["StuffTheSpire:Incineration","Cleave","Massacre"],"picked":"SKIP","floor":18}],"player_experience":2598914,"relics_obtained":[{"floor":6,"key":"PreservedInsect"},{"floor":9,"key":"infinitespire:Joker Card"},{"floor":10,"key":"Replay:Mystery Machine"},{"floor":11,"key":"ReplayTheSpireMod:Ring of Challenge"},{"floor":11,"key":"Ring of Hypnosis"}],"event_choices":[{"damage_healed":0,"gold_gain":0,"player_choice":"Got Potions","damage_taken":0,"max_hp_gain":0,"max_hp_loss":0,"event_name":"Lab","floor":3,"gold_loss":0},{"damage_healed":0,"gold_gain":67,"player_choice":"Gained Gold","damage_taken":0,"max_hp_gain":0,"max_hp_loss":0,"event_name":"Golden Wing","floor":8,"gold_loss":0}],"is_beta":false,"boss_relics":[{"not_picked":["Runic Dome","StuffTheSpire:ModemDavis"],"picked":"infinitespire:Cupcake"}],"items_purged_floors":[],"is_endless":false,"potions_floor_spawned":[6,12,13],"ascension_level":20}}