{"host":"6txiqg4kpf6cux77","time":1608487527,"event":{"mods":["AchievementEnabler","Act Like it!","BaseMod","Better Third Choice","BetterRewards","Colored Map","Colored Powertips","Friendly Minions","GifTheSpireLib","Infinite Spire","Minty Spire (QoL Compilation)","Permanent Neow","Shop Mod","StSLib","Stuff the Spire","The Servant 0.9.4","vexMod"],"gold_per_floor":[116,128,38,52,62,89,89,89,112,112,112,139,202,219,219,314,314,334,334,434,445,455,455,472,472,472,472,500,512,437,452,452,553,553,573,585,288,388,399,399,399,399],"floor_reached":41,"playtime":2419,"items_purged":["Strike_R"],"score":520,"play_id":"c992d317-b9c1-4260-8d54-76cf16e5f708","local_time":"20201220200527","is_ascension_mode":true,"campfire_choices":[{"floor":10,"key":"REST"},{"floor":15,"key":"REST"},{"data":"Armaments","floor":23,"key":"SMITH"},{"data":"Limit Break","floor":25,"key":"SMITH"},{"floor":27,"key":"REST"},{"floor":32,"key":"REST"},{"floor":40,"key":"REST"}],"circlet_count":0,"master_deck":["Strike_R","Strike_R","Strike_R","Strike_R","Defend_R","Defend_R","Defend_R","Defend_R","Bash","Bludgeon","Trip","Armaments+1","StuffTheSpire:Coldhearted","Feed","Limit Break+1","Infernal Blade+1","Thunderclap+1","StuffTheSpire:Resist"],"relics":["Burning Blood","infinitespire:Beetle Shell","Toy Ornithopter","vexMod:FocusSash","Strawberry","Shuriken","Busted Crown","Bag of Marbles","StuffTheSpire:SapphireSignet","infinitespire:Burning Sword","Medical Kit"],"acts_visited":["Exordium","TheCity","TheBeyond"],"potions_floor_usage":[12,12,16,16,22,31,33,33,41,41],"damage_taken":[{"damage":0,"enemies":"2 Louse","floor":1,"turns":2},{"damage":1,"enemies":"Jaw Worm","floor":2,"turns":3},{"damage":7,"enemies":"Small Slimes","floor":4,"turns":3},{"damage":15,"enemies":"Exordium Wildlife","floor":5,"turns":4},{"damage":30,"enemies":"3 Sentries","floor":6,"turns":10},{"damage":3,"enemies":"Gremlin Nob","floor":12,"turns":3},{"damage":42,"enemies":"3 Sentries","floor":13,"turns":12},{"damage":8,"enemies":"2 Fungi Beasts","floor":14,"turns":4},{"damage":37,"enemies":"The Guardian","floor":16,"turns":11},{"damage":22,"enemies":"Shell Parasite","floor":18,"turns":5},{"damage":26,"enemies":"3 Byrds","floor":21,"turns":7},{"damage":30,"enemies":"Centurion and Healer","floor":22,"turns":6},{"damage":27,"enemies":"Snake Plant","floor":24,"turns":3},{"damage":7,"enemies":"Book of Stabbing","floor":28,"turns":2},{"damage":41,"enemies":"Sentry and Sphere","floor":29,"turns":8},{"damage":24,"enemies":"Chosen and Byrds","floor":31,"turns":8},{"damage":55,"enemies":"Automaton","floor":33,"turns":12},{"damage":50,"enemies":"3 Darklings","floor":35,"turns":12},{"damage":9,"enemies":"3 Shapes","floor":36,"turns":3},{"damage":43,"enemies":"Maw","floor":39,"turns":7},{"damage":88,"enemies":"Nightmare","floor":41,"turns":7}],"seed_played":"1100643892130659207","potions_obtained":[{"floor":2,"key":"Swift Potion"},{"floor":4,"key":"ColorlessPotion"},{"floor":12,"key":"GamblersBrew"},{"floor":13,"key":"Weak Potion"},{"floor":16,"key":"BloodPotion"},{"floor":18,"key":"Ancient Potion"},{"floor":24,"key":"LiquidMemories"},{"floor":31,"key":"HeartOfIron"},{"floor":33,"key":"Dexterity Potion"},{"floor":39,"key":"Dexterity Potion"}],"is_trial":false,"path_per_floor":["M","M","$","M","M","E","?","?","T","R","?","E","?","M","R","B",null,"M","?","?","M","M","R","M","R","T","R","E","M","?","M","R","B",null,"M","M","$","?","M","R","NM"],"character_chosen":"IRONCLAD","items_purchased":["Trip","Medical Kit","StuffTheSpire:Resist"],"campfire_rested":5,"item_purchase_floors":[3,37,37],"current_hp_per_floor":[72,72,72,71,62,38,38,15,15,36,43,62,30,32,59,38,93,81,81,81,65,49,49,32,32,32,64,63,34,34,21,54,37,112,68,68,68,68,33,67,0,0],"gold":399,"neow_bonus":"THREE_RARE_CARDS","is_daily":false,"chose_seed":false,"campfire_upgraded":2,"win_rate":0.0,"timestamp":1608487527,"path_taken":["M","M","$","M","M","E","?","?","T","R","?","E","?","?","R","BOSS","M","?","?","M","M","R","?","R","T","R","E","M","?","M","R","BOSS","M","M","$","?","?","R","NM"],"items_purchased_type":["Card","Relic","Card"],"build_version":"2020-12-13","purchased_purges":1,"victory":false,"max_hp_per_floor":[72,72,72,72,72,72,72,72,72,72,79,85,89,93,93,93,93,97,97,97,101,104,104,108,108,108,108,108,112,112,112,112,112,112,112,115,115,115,115,115,115,115],"card_choices":[{"not_picked":["Brutality","Juggernaut"],"picked":"Bludgeon","floor":0},{"not_picked":["Fire Breathing","Heavy Blade","Flex"],"picked":"SKIP","floor":1},{"not_picked":["Cleave","StuffTheSpire:Slingshot","Flex"],"picked":"SKIP","floor":2},{"not_picked":["Clothesline","infinitespire:OneForAll"],"picked":"Armaments","floor":4},{"not_picked":["Flex","Body Slam","Warcry"],"picked":"SKIP","floor":5},{"not_picked":["Clothesline","Berserk","StuffTheSpire:Incineration"],"picked":"SKIP","floor":6},{"not_picked":["Rupture","Armaments"],"picked":"Feed","floor":12},{"not_picked":["Thunderclap","Body Slam","Sword Boomerang"],"picked":"SKIP","floor":14},{"not_picked":["Thunderclap","Body Slam","Sword Boomerang"],"picked":"SKIP","floor":14},{"not_picked":["Offering","StuffTheSpire:TitanForm"],"picked":"Limit Break","floor":16},{"not_picked":["StuffTheSpire:Pyroclast"],"picked":"SKIP","floor":18},{"not_picked":["Clothesline"],"picked":"SKIP","floor":21},{"not_picked":["True Grit"],"picked":"SKIP","floor":22},{"not_picked":["True Grit"],"picked":"SKIP","floor":22},{"not_picked":["Twin Strike"],"picked":"SKIP","floor":24},{"not_picked":["Heavy Blade"],"picked":"SKIP","floor":28},{"not_picked":[],"picked":"Infernal Blade+1","floor":29},{"not_picked":["Pommel Strike"],"picked":"SKIP","floor":31},{"not_picked":["Iron Wave"],"picked":"SKIP","floor":35},{"not_picked":[],"picked":"Thunderclap+1","floor":36},{"not_picked":["Warcry"],"picked":"SKIP","floor":39}],"player_experience":170337,"relics_obtained":[{"floor":6,"key":"infinitespire:Beetle Shell"},{"floor":9,"key":"vexMod:FocusSash"},{"floor":12,"key":"vexMod:BerryBomb"},{"floor":13,"key":"Shuriken"},{"floor":26,"key":"Bag of Marbles"},{"floor":28,"key":"StuffTheSpire:SapphireSignet"}],"event_choices":[{"damage_healed":0,"gold_gain":0,"player_choice":"Box","damage_taken":0,"relics_obtained":["Strawberry"],"max_hp_gain":0,"max_hp_loss":0,"event_name":"Big Fish","floor":11,"gold_loss":0,"cards_obtained":["Regret"]},{"damage_healed":0,"gold_gain":0,"player_choice":"Searched \u00272\u0027 times","damage_taken":0,"max_hp_gain":0,"max_hp_loss":0,"event_name":"Dead Adventurer","floor":13,"gold_loss":0},{"damage_healed":0,"gold_gain":100,"player_choice":"Pray","damage_taken":0,"max_hp_gain":0,"max_hp_loss":0,"event_name":"Golden Shrine","floor":20,"gold_loss":0},{"cards_removed":["Regret"],"damage_healed":0,"gold_gain":0,"player_choice":"Gave Gold","damage_taken":0,"max_hp_gain":0,"max_hp_loss":0,"event_name":"Beggar","floor":30,"gold_loss":75},{"damage_healed":0,"gold_gain":100,"player_choice":"Pray","damage_taken":0,"max_hp_gain":0,"max_hp_loss":0,"event_name":"Golden Shrine","floor":38,"gold_loss":0}],"is_beta":false,"boss_relics":[{"not_picked":["StuffTheSpire:Kangaroo","Velvet Choker"],"picked":"Busted Crown"},{"not_picked":["Empty Cage","Mark of Pain"],"picked":"infinitespire:Burning Sword"}],"items_purged_floors":[37],"is_endless":false,"potions_floor_spawned":[2,4,12,13,16,18,24,31,33,39],"killed_by":"Nightmare","ascension_level":1}}