{"host":"mrc3cf8wjlkkqes7","time":1608437116,"event":{"mods":["BaseMod","Downfall","Hermit","Infinite Spire","Minty Spire (QoL Compilation)","Replay The Spire","StSLib","The Cursed","The Servant 0.9.4"],"gold_per_floor":[113,113,113,128,128,128,167,167,167,205,218,246,265,285,285,405,468,492,508,508,532,532,532,532],"floor_reached":23,"playtime":1284,"items_purged":["Strike_B"],"score":289,"play_id":"14675098-b5a9-400b-99a9-2c0f8bba8dce","local_time":"20201219220516","is_ascension_mode":true,"campfire_choices":[{"data":"Zap","floor":6,"key":"SMITH"},{"floor":8,"key":"REST"},{"floor":15,"key":"REST"}],"circlet_count":0,"master_deck":["Strike_B","Strike_B","Strike_B","Defend_B+1","Defend_B","Defend_B","Defend_B","Zap+1","Dualcast","expansioncontent:DarkVoid","Barrage","infinitespire:FutureSight","Cold Snap","Conserve Battery","Hello World+1","Hologram","Leap","ReplayTheSpireMod:System Scan","Coolheaded+1","Electrodynamics","FIFO Queue","Loop","Go for the Eyes","Panic Button+1"],"relics":["Cracked Core","Golden Idol","Bronze Scales","Replay:Bottled Steam","Ice Cream","Odd Mushroom","Tiny House","War Paint"],"acts_visited":["Exordium","TheCity"],"potions_floor_usage":[7,14,19],"damage_taken":[{"damage":0,"enemies":"2 Louse","floor":1,"turns":2},{"damage":0,"enemies":"Small Slimes","floor":4,"turns":3},{"damage":6,"enemies":"Gremlin Nob","floor":7,"turns":3},{"damage":22,"enemies":"Replay:BlueRogue","floor":10,"turns":5},{"damage":5,"enemies":"Jaw Worm","floor":11,"turns":2},{"damage":24,"enemies":"The Mushroom Lair","floor":12,"turns":3},{"damage":4,"enemies":"Red Slaver","floor":13,"turns":3},{"damage":1,"enemies":"Looter","floor":14,"turns":3},{"damage":0,"enemies":"The Guardian","floor":16,"turns":13},{"damage":12,"enemies":"Shell Parasite","floor":18,"turns":6},{"damage":3,"enemies":"Chosen","floor":19,"turns":5},{"damage":34,"enemies":"Centurion and Healer","floor":21,"turns":7},{"damage":27,"enemies":"Gremlin Leader","floor":23,"turns":6}],"seed_played":"5874020511128402576","potions_obtained":[{"floor":1,"key":"SteroidPotion"},{"floor":10,"key":"FocusPotion"},{"floor":12,"key":"FairyPotion"},{"floor":13,"key":"Weak Potion"},{"floor":16,"key":"BlessingOfTheForge"}],"is_trial":false,"path_per_floor":["M","?","?","M","?","R","E","R","T","E","M","?","M","M","R","B",null,"M","M","AVR","M","?","E"],"character_chosen":"DEFECT","items_purchased":[],"campfire_rested":2,"item_purchase_floors":[],"current_hp_per_floor":[75,57,38,38,60,60,54,75,75,53,48,24,20,19,41,41,80,68,65,65,31,31,4,4],"gold":532,"neow_bonus":"RANDOM_COLORLESS","is_daily":false,"chose_seed":false,"campfire_upgraded":1,"win_rate":0.0,"timestamp":1608437116,"path_taken":["M","?","?","M","?","R","E","R","T","E","M","?","?","M","R","BOSS","M","M","AVR","M","?","E"],"items_purchased_type":[],"build_version":"2020-12-13","purchased_purges":1,"victory":false,"max_hp_per_floor":[75,75,75,75,75,75,75,75,75,75,75,75,75,75,75,75,80,80,80,80,80,80,80,80],"card_choices":[{"not_picked":["expansioncontent:SuperHexaguard","expansioncontent:AwakenDeath"],"picked":"expansioncontent:DarkVoid","floor":0},{"not_picked":["ReplaySolidLightProjector","FTL"],"picked":"Barrage","floor":1},{"not_picked":["ReplayTheSpireMod:Book of Names","infinitespire:SevenWalls"],"picked":"infinitespire:FutureSight","floor":3},{"not_picked":["Steam","Conserve Battery"],"picked":"Cold Snap","floor":4},{"not_picked":["Storm","Rebound"],"picked":"Conserve Battery","floor":7},{"not_picked":["Rebound","Streamline"],"picked":"Hello World","floor":10},{"not_picked":["ReplayTheSpireMod:Reroute Power","Sunder"],"picked":"Hologram","floor":11},{"not_picked":["Double Energy","Beam Cell"],"picked":"Leap","floor":12},{"not_picked":["Scrape","Steam"],"picked":"ReplayTheSpireMod:System Scan","floor":13},{"not_picked":["Turbo","Beam Cell"],"picked":"Coolheaded","floor":14},{"not_picked":["Multi-Cast","Biased Cognition"],"picked":"Electrodynamics","floor":16},{"not_picked":["Go for the Eyes","Heatsinks"],"picked":"FIFO Queue","floor":17},{"not_picked":["Genetic Algorithm","BootSequence"],"picked":"Loop","floor":18},{"not_picked":["Beam Cell","Redo+1"],"picked":"Go for the Eyes","floor":19},{"not_picked":["Rip and Tear+1","Coolheaded"],"picked":"Panic Button+1","floor":21}],"player_experience":206346,"relics_obtained":[{"floor":7,"key":"Bronze Scales"},{"floor":9,"key":"Replay:Bottled Steam"},{"floor":10,"key":"Ice Cream"},{"floor":12,"key":"Odd Mushroom"}],"event_choices":[{"damage_healed":0,"gold_gain":0,"player_choice":"Take Damage","damage_taken":18,"relics_obtained":["Golden Idol"],"max_hp_gain":0,"max_hp_loss":0,"event_name":"Golden Idol","floor":2,"gold_loss":0},{"damage_healed":0,"gold_gain":0,"player_choice":"Fought Mushrooms","damage_taken":0,"max_hp_gain":0,"max_hp_loss":0,"event_name":"Mushrooms","floor":12,"gold_loss":0}],"is_beta":false,"boss_relics":[{"not_picked":["Honey Jar","Replay:Ancient Bell"],"picked":"Tiny House"}],"items_purged_floors":[20],"is_endless":false,"potions_floor_spawned":[1,10,12,13,16],"killed_by":"Gremlin Leader","ascension_level":3}}