{"host":"684z1xpuwaoqmmh1","time":1608457385,"event":{"mods":["BaseMod","Downfall","Hermit","Jorbs\u0027s Wanderer Trilogy","Marisa????????","Minty Spire (QoL Compilation)","StSLib","The Hierophant","The Mystic"],"gold_per_floor":[99,127,127,158,158,83,134,144,175,100,117,132,148,162,182,256,256,256,273,293,306,306,58,105,98,98,98],"floor_reached":26,"playtime":1010,"items_purged":["hexamod:Strike"],"score":514,"play_id":"98f915be-3f5a-4c34-94a5-3cd54556b5b7","local_time":"20201220114305","is_ascension_mode":true,"campfire_choices":[{"floor":1,"key":"RECALL"},{"data":"hexamod:EmpoweredFlame","floor":6,"key":"SMITH"},{"data":"hexamod:Float","floor":10,"key":"SMITH"},{"data":"hexamod:PhantomCloak","floor":18,"key":"SMITH"}],"circlet_count":0,"master_deck":["AscendersBane","hexamod:Strike","hexamod:Strike+1","hexamod:Strike","hexamod:Defend","hexamod:Defend","hexamod:Defend","hexamod:Defend","hexamod:Sear","hexamod:Float+1","hexamod:EmpoweredFlame+1","hexamod:Incineration+1","hexamod:SwordOfDarkness","hexamod:HeatMetal","hexamod:Hexaguard","hexamod:FastForward","hexamod:PhantomCloak+1","hexamod:HexaLevel","hexamod:TimeWarp","hexamod:ThirdSeal","hexamod:GhostflameBarrier","hexamod:NightmareGuise+1","hexamod:SecondSeal","hexamod:Toasty","hexamod:EmpoweredFlame"],"relics":["hexamod:SpiritBrand","downfall:HeartsMalice","Guardian:PocketSentry","downfall:HeartBlessingRed","Whetstone","StrikeDummy","downfall:HeartBlessingGreen","sneckomod:SneckoTalon","Nilry\u0027s Codex","hexamod:BolsterEngine"],"acts_visited":["Exordium","TheCity"],"potions_floor_usage":[9,16,21,21],"damage_taken":[{"damage":0,"enemies":"3 Sentries","floor":2,"turns":1},{"damage":0,"enemies":"Gremlin Nob","floor":4,"turns":1},{"damage":0,"enemies":"Small Slimes","floor":5,"turns":1},{"damage":0,"enemies":"Cultist","floor":8,"turns":3},{"damage":3,"enemies":"3 Sentries","floor":9,"turns":6},{"damage":0,"enemies":"2 Louse","floor":11,"turns":1},{"damage":3,"enemies":"Exordium Wildlife","floor":12,"turns":4},{"damage":0,"enemies":"Red Slaver","floor":13,"turns":3},{"damage":0,"enemies":"Large Slime","floor":14,"turns":4},{"damage":0,"enemies":"2 Fungi Beasts","floor":15,"turns":2},{"damage":45,"enemies":"downfall:Defect","floor":16,"turns":8},{"damage":0,"enemies":"3 Byrds","floor":19,"turns":5},{"damage":2,"enemies":"Shell Parasite","floor":20,"turns":4},{"damage":19,"enemies":"Shelled Parasite and Fungi","floor":21,"turns":5},{"damage":0,"enemies":"downfall:FleeingMerchant","floor":23,"turns":4},{"damage":0,"enemies":"downfall:FleeingMerchant","floor":25,"turns":4},{"damage":9,"enemies":"Book of Stabbing","floor":26,"turns":3}],"seed_played":"7316119673392004563","potions_obtained":[{"floor":2,"key":"hexamod:DoubleChargePotion"},{"floor":3,"key":"Guardian:BlockOnCardUsePotion"},{"floor":11,"key":"SkillPotion"},{"floor":16,"key":"DistilledChaos"}],"is_trial":false,"path_per_floor":["R","E","?","E","M","R","T","M","E","R","M","M","M","M","M","B",null,"R","M","M","M","?","$","T","$","E"],"character_chosen":"THE_SPIRIT","items_purchased":["hexamod:BolsterEngine"],"campfire_rested":0,"item_purchase_floors":[23],"current_hp_per_floor":[57,57,57,57,57,57,57,57,54,54,54,51,51,51,51,6,49,49,49,47,28,7,7,7,7,0,0],"gold":98,"neow_bonus":"THREE_ENEMY_KILL","is_daily":false,"chose_seed":false,"campfire_upgraded":3,"win_rate":0.0,"timestamp":1608457385,"path_taken":["R","E","?","E","?","R","T","M","E","R","?","M","M","M","M","BOSS","R","M","M","M","?","$","T","$","E"],"items_purchased_type":["Relic"],"build_version":"2020-12-13","purchased_purges":1,"victory":false,"max_hp_per_floor":[63,63,63,63,63,63,63,63,63,63,63,63,63,63,63,63,63,63,63,63,63,63,63,63,63,63,63],"card_choices":[{"not_picked":["hexamod:ShieldOfDarkness","hexamod:AdvancingGuard"],"picked":"hexamod:EmpoweredFlame","floor":2},{"not_picked":["hexamod:Haunt","hexamod:Rewind"],"picked":"hexamod:Incineration","floor":4},{"not_picked":["hexamod:HauntingEcho","hexamod:DynamicBlow"],"picked":"hexamod:SwordOfDarkness","floor":5},{"not_picked":["hexamod:SwordOfDarkness","hexamod:GhostLash","hexamod:NightmareStrike"],"picked":"SKIP","floor":8},{"not_picked":["hexamod:Haunt","hexamod:GhostLash"],"picked":"hexamod:HeatMetal","floor":9},{"not_picked":["hexamod:AdvancingGuard","hexamod:NightmareGuise"],"picked":"hexamod:Hexaguard","floor":11},{"not_picked":["hexamod:Again","hexamod:BacktrackSmack","hexamod:RetreatToShadows"],"picked":"SKIP","floor":12},{"not_picked":["hexamod:NecessarySacrifice","hexamod:BacktrackSmack"],"picked":"hexamod:FastForward","floor":13},{"not_picked":["hexamod:Hexaguard","hexamod:NightmareGuise"],"picked":"hexamod:PhantomCloak","floor":14},{"not_picked":["hexamod:CatchUp","hexamod:BurningTouch"],"picked":"hexamod:HexaLevel","floor":15},{"not_picked":["hexamod:ParanormalForm","hexamod:HexaLevel"],"picked":"hexamod:TimeWarp","floor":16},{"not_picked":["hexamod:Hexaguard","hexamod:GhostShield"],"picked":"hexamod:ThirdSeal","floor":19},{"not_picked":["hexamod:InspiringFlames+1","hexamod:BacktrackSmack+1"],"picked":"hexamod:GhostflameBarrier","floor":20},{"not_picked":["hexamod:InspiringFlames","hexamod:EtherealExpedition","hexamod:SpectersWail"],"picked":"SKIP","floor":20},{"not_picked":["hexamod:HeatMetal","hexamod:AdvancingGuard"],"picked":"hexamod:NightmareGuise+1","floor":21},{"not_picked":["hexamod:Hexaguard","hexamod:RetreatToShadows","hexamod:HauntingEcho"],"picked":"SKIP","floor":21},{"not_picked":["hexamod:FlamesFromBeyond","hexamod:BurningTouch"],"picked":"hexamod:SecondSeal","floor":23},{"not_picked":["hexamod:SkipABeat","hexamod:GhostLash"],"picked":"hexamod:Toasty","floor":23},{"not_picked":["hexamod:EtherealExpedition","hexamod:GhostflameBarrier"],"picked":"hexamod:EmpoweredFlame","floor":25},{"not_picked":["hexamod:Again","hexamod:AdvancingGuard","hexamod:SpectersWail"],"picked":"SKIP","floor":25}],"player_experience":2351934,"relics_obtained":[{"floor":2,"key":"Orichalcum"},{"floor":4,"key":"Guardian:PocketSentry"},{"floor":7,"key":"Whetstone"},{"floor":9,"key":"StrikeDummy"},{"floor":22,"key":"Nilry\u0027s Codex"}],"event_choices":[],"is_beta":false,"boss_relics":[{"not_picked":["Empty Cage","Tiny House"],"picked":"sneckomod:SneckoTalon"}],"items_purged_floors":[23],"is_endless":false,"potions_floor_spawned":[2,11,12,14,16],"killed_by":"Book of Stabbing","ascension_level":17}}