{"host":"lck2g1j0kcwr02ez","time":1608469298,"event":{"mods":["Act Like it!","BaseMod","CapriCore","Hallownest","Mari Mod (Legacy)","Mari\u0027s V1 Patch","Minty Spire (QoL Compilation)","Rare Cards Sparkle","StSLib","The Hierophant","The Mystic"],"gold_per_floor":[156,9201,9126,9108,8993,8185,8185,7562,7562,7566,7566,7591,7586,7586,7586,7687,7687,7692,7692,6911,6369,6349,6349,6099,6099,6099,6114,6058,5463,4879,4863,4863,4922,4922,4895,4111,4090,4090,3965,3940,3965,3963,3963,3963,3242,2493,2486,2486,2486,2546,2546,2546,1899,1926,1916],"floor_reached":56,"playtime":6358,"items_purged":["MariMod:Mari_Old_Costume","Hallownest:curseDreamersLament","Hallownest:curseDreamersLament","Hallownest:curseDreamersLament"],"score":1440,"play_id":"b0dc91c4-7827-48ce-a4d5-de033db9000c","local_time":"20201220210138","daily_mods":["SealedDeck","Heirloom","Flight"],"is_ascension_mode":false,"campfire_choices":[{"floor":15,"key":"RECALL"},{"data":"Apotheosis","floor":23,"key":"SMITH"},{"data":"MariMod:Mari_Flawless_Form","floor":32,"key":"SMITH"},{"data":"Hallownest:attackMasterCycloneSlash","floor":49,"key":"SMITH"},{"data":"Hallownest:skillGreenpathMap","floor":52,"key":"SMITH"}],"circlet_count":0,"master_deck":["MariMod:Mari_zzz","MariMod:Mari_The_Planisphere","MariMod:Mari_Old_Costume","MariMod:Mari_Reckless_Driving","MariMod:Mari_Old_Costume","MariMod:Mari_Fragile_Hope","MariMod:Mari_Self_Care","MariMod:Mari_Character_Development","MariMod:Mari_Hug","Hallownest:skillGreenpathMap+1","MariMod:Mari_The_HELICOPTER","MariMod:Mari_Pent_Up_Emotions","Apotheosis+1","Flash of Steel","MariMod:Mari_Undying_Spark","MariMod:Mari_Research","MariMod:Mari_Flawless_Form+1","MariMod:Mari_Tea_Time","MariMod:Mari_Withdrawal","MariMod:Mari_Administrator_Privilege","MariMod:Mari_Stewshine","MariMod:Mari_The_Light_We_Chase+1","MariMod:Mari_Withdrawal","MariMod:Mari_Character_Development","Hallownest:attackMasterCycloneSlash+1","MariMod:Mari_The_Light_We_Chase","MariMod:Mari_Tea_Time","MariMod:Mari_Lock_On","MariMod:Mari_The_HELICOPTER+1","MariMod:Mari_The_Planisphere+1","MariMod:Mari_Shut_Up+1","MariMod:Mari_The_GOLDEN_STATUE+1","MariMod:Mari_The_Light_We_Chase","Hallownest:skillGreenpathMap","MariMod:Mari_The_Light_We_Chase","Trip","MariMod:Mari_Excitement","MariMod:Mari_The_Beach_Episode","MariMod:Mari_Devilish_Assistant","MariMod:Mari_Slap+1","MariMod:Mari_Reckless_Driving+1","MariMod:Mari_Devilish_Assistant","Finesse","MariMod:Mari_Excitement+1"],"relics":["MariMod:MariTheSpark","mysticmod:CrystalBall","Torii","Question Card","StrikeDummy","Cauldron","Odd Mushroom","PreservedInsect","Pantograph","TheAbacus","Mercury Hourglass","Pen Nib","Matryoshka","Eternal Feather","Nunchaku","MariMod:MariStewshine","Mummified Hand","Potion Belt","Medical Kit","Lantern","Ornamental Fan","Hallownest:UnbreakableCardRelic","Vajra","Gremlin Horn","Kunai","Ancient Tea Set","Molten Egg 2","OrangePellets","Bronze Scales","Thread and Needle","ClockworkSouvenir","Incense Burner","Coffee Dripper","StoneCalendar","Blood Vial","DollysMirror","Hallownest:BlackEggRelic","Letter Opener","Bottled Flame","Regal Pillow","White Beast Statue","Turnip","Frozen Eye","Strange Spoon","Sundial","HornCleat","Ginger","Hallownest:KingsIdolRelic","Pear","Centennial Puzzle","Lee\u0027s Waffle","Happy Flower"],"acts_visited":["Exordium","Hallownest:Greenpath","Hallownest:CityofTears","TheEnding"],"potions_floor_usage":[16,16,16,18,22,40,42,47,55,55,55,55],"damage_taken":[{"damage":2,"enemies":"Hallownest:2_MossCreeps","floor":1,"turns":6},{"damage":1,"enemies":"Hallownest:monsterHuskGuard","floor":4,"turns":5},{"damage":0,"enemies":"Hallownest:monsterHuskWarrior","floor":10,"turns":2},{"damage":15,"enemies":"Hallownest:Guard_and_Warrior","floor":12,"turns":4},{"damage":17,"enemies":"Hallownest:eliteCrystalGuardian","floor":13,"turns":4},{"damage":13,"enemies":"Hallownest:BossBrokenVessel","floor":16,"turns":4},{"damage":1,"enemies":"Hallownest:Flukemon_and_Top","floor":18,"turns":3},{"damage":0,"enemies":"Hallownest:Guard_and_Sentry","floor":22,"turns":3},{"damage":0,"enemies":"Hallownest:2_Husk_Sentries","floor":27,"turns":2},{"damage":22,"enemies":"Hallownest:eliteSoulWarrior","floor":28,"turns":5},{"damage":0,"enemies":"Hallownest:eliteWatcherKnight","floor":31,"turns":6},{"damage":0,"enemies":"Hallownest:BossSoulMaster","floor":33,"turns":2},{"damage":0,"enemies":"Hallownest:3_Siblings","floor":35,"turns":1},{"damage":24,"enemies":"Hallownest:2_Littles","floor":37,"turns":2},{"damage":9,"enemies":"Hallownest:eliteCollector","floor":40,"turns":4},{"damage":9,"enemies":"Hallownest:eliteHiveKnight","floor":41,"turns":4},{"damage":0,"enemies":"Hallownest:monsterPrimalAspid","floor":42,"turns":2},{"damage":1,"enemies":"Hallownest:eliteCollector","floor":47,"turns":5},{"damage":34,"enemies":"Hallownest:BossGreyPrinceZote","floor":50,"turns":5},{"damage":2,"enemies":"Shield and Spear","floor":54,"turns":2},{"damage":15,"enemies":"The Heart","floor":55,"turns":4}],"seed_played":"-6703166101928504880","potions_obtained":[{"floor":1,"key":"Explosive Potion"},{"floor":2,"key":"EntropicBrew"},{"floor":27,"key":"PowerPotion"},{"floor":28,"key":"Weak Potion"},{"floor":41,"key":"SkillPotion"},{"floor":47,"key":"GamblersBrew"},{"floor":54,"key":"CultistPotion"}],"is_trial":true,"path_per_floor":["M","$","?","M","?","$","?","$","T","M","?","M","E","T","R","B",null,"M","?","$","$","M","R","?","?","T","M","E","$","$","E","R","B",null,"M","$","M","?","?","E","E","M","T","?","$","$","E","?","R","B",null,"R","$","E","B",null],"character_chosen":"MARI","items_purchased":["DuplicationPotion","Question Card","StrikeDummy","Cauldron","LiquidBronze","PreservedInsect","Pantograph","TheAbacus","Apotheosis","Flash of Steel","Mercury Hourglass","Pen Nib","MariMod:Mari_Undying_Spark","MariMod:Mari_Research","Mummified Hand","Potion Belt","SkillPotion","Strength Potion","Medical Kit","MariMod:Mari_Withdrawal","Lantern","Ornamental Fan","Ancient Tea Set","Molten Egg 2","OrangePellets","MariMod:Mari_The_HELICOPTER+1","Bronze Scales","Thread and Needle","ClockworkSouvenir","StoneCalendar","Blood Vial","DollysMirror","MariMod:Mari_The_Light_We_Chase","Trip","Turnip","Frozen Eye","MariMod:Mari_Slap+1","DuplicationPotion","Strange Spoon","Sundial","HornCleat","MariMod:Mari_Reckless_Driving+1","AttackPotion","Pear","Centennial Puzzle","Lee\u0027s Waffle","Finesse"],"campfire_rested":0,"item_purchase_floors":[2,2,2,2,2,6,6,6,6,6,8,8,8,8,20,20,20,20,20,20,21,21,29,29,29,29,30,30,30,36,36,36,36,36,45,45,45,45,46,46,46,46,46,53,53,53,53],"current_hp_per_floor":[70,70,70,69,69,69,60,60,60,60,60,45,28,28,40,52,72,71,71,71,71,71,72,72,72,72,72,50,50,50,50,68,72,72,72,72,48,48,48,41,34,36,36,36,36,36,37,37,61,33,67,67,84,82,69],"gold":1916,"neow_bonus":"","is_daily":false,"chose_seed":false,"campfire_upgraded":4,"win_rate":0.0,"timestamp":1608469298,"path_taken":["M","$","?","M","?","$","?","$","T","?","?","M","E","?","R","BOSS","M","?","$","$","?","R","?","?","T","?","E","?","$","E","R","BOSS","M","$","M","?","?","E","E","?","T","?","$","$","E","?","R","BOSS","R","$","E","BOSS"],"items_purchased_type":["Potion","Relic","Relic","Relic","Potion","Relic","Relic","Relic","Card","Card","Relic","Relic","Card","Card","Relic","Relic","Potion","Potion","Relic","Card","Relic","Relic","Relic","Relic","Relic","Card","Relic","Relic","Relic","Relic","Relic","Relic","Card","Card","Relic","Relic","Card","Potion","Relic","Relic","Relic","Card","Potion","Relic","Relic","Relic","Card"],"build_version":"2020-12-13","purchased_purges":4,"victory":true,"max_hp_per_floor":[72,72,72,72,72,72,72,72,72,72,72,72,72,72,72,72,72,72,72,72,72,72,72,72,72,72,72,72,72,72,72,72,72,72,72,72,72,72,72,72,72,72,72,67,67,67,67,67,67,67,67,67,84,84,84],"card_choices":[{"not_picked":["MariMod:Mari_Lets_Go","MariMod:Mari_Fragile_Hope"],"picked":"MariMod:Mari_Hug","floor":1},{"not_picked":["MariMod:Mari_Withdrawal","MariMod:Mari_Mic_Check","MariMod:Mari_Approved"],"picked":"MariMod:Mari_The_HELICOPTER","floor":4},{"not_picked":["MariMod:Mari_Lie_In_Wait","MariMod:Mari_Defiance","MariMod:Mari_Pent_Up_Emotions","MariMod:Mari_Reckless_Spending"],"picked":"SKIP","floor":4},{"not_picked":["MariMod:Mari_Lie_In_Wait","MariMod:Mari_Defiance","MariMod:Mari_Reckless_Spending"],"picked":"MariMod:Mari_Pent_Up_Emotions","floor":4},{"not_picked":["MariMod:Mari_Expenses","MariMod:Mari_Reckless_Driving","MariMod:Mari_Boundless_Energy"],"picked":"MariMod:Mari_Flawless_Form","floor":10},{"not_picked":["MariMod:Mari_Withdrawal","MariMod:Mari_Collect_Thoughts","MariMod:Mari_Practice_Outfit"],"picked":"MariMod:Mari_Tea_Time","floor":12},{"not_picked":["MariMod:Mari_Expenses","MariMod:Mari_zzz","MariMod:Mari_Wishing_Fountain","MariMod:Mari_Its_Joke"],"picked":"SKIP","floor":12},{"not_picked":["MariMod:Mari_Kyu","MariMod:Mari_Wishing_Fountain","MariMod:Mari_The_HELICOPTER","MariMod:Mari_Glimmer"],"picked":"SKIP","floor":13},{"not_picked":["MariMod:Mari_Slap","MariMod:Mari_Withdrawal","MariMod:Mari_Tough_Front","MariMod:Mari_The_GOLDEN_STATUE"],"picked":"SKIP","floor":13},{"not_picked":["MariMod:Mari_Slap","MariMod:Mari_Tough_Front","MariMod:Mari_The_GOLDEN_STATUE"],"picked":"MariMod:Mari_Withdrawal","floor":13},{"not_picked":["MariMod:Mari_Kyu","MariMod:Mari_Wishing_Fountain","MariMod:Mari_The_HELICOPTER","MariMod:Mari_Glimmer"],"picked":"SKIP","floor":13},{"not_picked":["MariMod:Mari_Supervision","MariMod:Mari_From_Zero","MariMod:Mari_Shining_Tornado"],"picked":"MariMod:Mari_Administrator_Privilege","floor":16},{"not_picked":["MariMod:Mari_Fragile_Hope+1","MariMod:Mari_Sparkle+1","MariMod:Mari_Hug"],"picked":"MariMod:Mari_The_Light_We_Chase+1","floor":18},{"not_picked":["MariMod:Mari_Reflection","MariMod:Mari_Flaunt","MariMod:Mari_No_Problem","MariMod:Mari_Pretty_Bomber_Head"],"picked":"SKIP","floor":18},{"not_picked":["MariMod:Mari_Approved","MariMod:Mari_Closure","MariMod:Mari_Expensive_Tastes"],"picked":"MariMod:Mari_Character_Development","floor":22},{"not_picked":["MariMod:Mari_Sparkle","MariMod:Mari_Glow","MariMod:Mari_Golden_Glint","MariMod:Mari_Fire_Strike+1"],"picked":"SKIP","floor":22},{"not_picked":["MariMod:Mari_Self_Care","MariMod:Mari_Its_Joke+1","MariMod:Mari_Awe","MariMod:Mari_Old_Costume"],"picked":"SKIP","floor":27},{"not_picked":["MariMod:Mari_The_Beach_Episode","MariMod:Mari_Pretty_Bomber_Head","MariMod:Mari_Flaunt"],"picked":"MariMod:Mari_The_Light_We_Chase","floor":28},{"not_picked":["MariMod:Mari_Kyu","MariMod:Mari_Boundless_Energy","MariMod:Mari_Second_Season"],"picked":"MariMod:Mari_Tea_Time","floor":28},{"not_picked":["MariMod:Mari_Pent_Up_Emotions","MariMod:Mari_Glimmer","MariMod:Mari_Withdrawal+1"],"picked":"MariMod:Mari_Lock_On","floor":28},{"not_picked":["MariMod:Mari_Flaunt","MariMod:Mari_Character_Development","MariMod:Mari_Overexertion"],"picked":"MariMod:Mari_The_Planisphere+1","floor":31},{"not_picked":["MariMod:Mari_Wishing_Fountain","MariMod:Mari_Pent_Up_Emotions+1","MariMod:Mari_The_Beach_Episode+1"],"picked":"MariMod:Mari_Shut_Up+1","floor":31},{"not_picked":["MariMod:Mari_The_HELICOPTER+1","MariMod:Mari_Awe","MariMod:Mari_Mic_Check+1","MariMod:Mari_Withdrawal"],"picked":"SKIP","floor":31},{"not_picked":["MariMod:Mari_Oh_My_God","MariMod:Mari_Shining_Tornado+1","MariMod:Mari_SHINY"],"picked":"MariMod:Mari_The_GOLDEN_STATUE+1","floor":33},{"not_picked":["MariMod:Mari_Approved+1","MariMod:Mari_The_HELICOPTER+1","MariMod:Mari_Cash_Back"],"picked":"MariMod:Mari_The_Light_We_Chase","floor":35},{"not_picked":["MariMod:Mari_Reckless_Spending+1","MariMod:Mari_Reckless_Driving+1","MariMod:Mari_Administrator_Privilege","MariMod:Mari_Heavy_Price+1"],"picked":"SKIP","floor":35},{"not_picked":["MariMod:Mari_Second_Season","MariMod:Mari_No_Problem","MariMod:Mari_The_Beach_Episode","MariMod:Mari_Approved+1"],"picked":"SKIP","floor":37},{"not_picked":["MariMod:Mari_Flawless_Form","MariMod:Mari_Collect_Thoughts+1","MariMod:Mari_Defiance","MariMod:Mari_Golden_Glint"],"picked":"SKIP","floor":37},{"not_picked":["MariMod:Mari_Expenses+1","MariMod:Mari_Wishing_Fountain","MariMod:Mari_Fire_Strike"],"picked":"MariMod:Mari_Excitement","floor":40},{"not_picked":["MariMod:Mari_Expenses+1","MariMod:Mari_Shine","MariMod:Mari_Emotional_Episode"],"picked":"MariMod:Mari_The_Beach_Episode","floor":40},{"not_picked":["MariMod:Mari_Hug","MariMod:Mari_Wishing_Fountain","MariMod:Mari_Heavy_Price+1"],"picked":"MariMod:Mari_Devilish_Assistant","floor":40},{"not_picked":["MariMod:Mari_Reckless_Spending+1","MariMod:Mari_Old_Costume","MariMod:Mari_Choreography","MariMod:Mari_Administrator_Privilege"],"picked":"SKIP","floor":41},{"not_picked":["MariMod:Mari_Wishing_Fountain","MariMod:Mari_Shut_Up","MariMod:Mari_Choreography","MariMod:Mari_Pretty_Bomber_Head"],"picked":"SKIP","floor":42},{"not_picked":["MariMod:Mari_Withdrawal","MariMod:Mari_Lie_In_Wait","MariMod:Mari_Well_Kept_Secret","MariMod:Mari_Its_Joke+1"],"picked":"SKIP","floor":42},{"not_picked":["MariMod:Mari_Cash_Back","MariMod:Mari_Awe","MariMod:Mari_Hug","MariMod:Mari_Shut_Up"],"picked":"SKIP","floor":47},{"not_picked":["MariMod:Mari_Practice_Outfit","MariMod:Mari_Mic_Check+1","MariMod:Mari_Tough_Front+1","MariMod:Mari_Cash_Back+1"],"picked":"SKIP","floor":47},{"not_picked":["MariMod:Mari_Perfect_Performance+1","MariMod:Mari_Oh_My_God","MariMod:Mari_Grand_Scheme"],"picked":"MariMod:Mari_Devilish_Assistant","floor":50},{"not_picked":["MariMod:Mari_Practice_Outfit+1","MariMod:Mari_Its_Joke+1","MariMod:Mari_Heavy_Price+1"],"picked":"MariMod:Mari_Excitement+1","floor":54}],"player_experience":219282,"relics_obtained":[{"floor":13,"key":"Matryoshka"},{"floor":14,"key":"Eternal Feather"},{"floor":14,"key":"Nunchaku"},{"floor":26,"key":"Vajra"},{"floor":26,"key":"Gremlin Horn"},{"floor":28,"key":"Kunai"},{"floor":31,"key":"Incense Burner"},{"floor":40,"key":"Bottled Flame"},{"floor":41,"key":"Regal Pillow"},{"floor":43,"key":"White Beast Statue"},{"floor":47,"key":"Ginger"},{"floor":54,"key":"Happy Flower"}],"event_choices":[],"is_beta":false,"boss_relics":[{"not_picked":["SacredBark","Empty Cage"],"picked":"MariMod:MariStewshine"},{"not_picked":["Runic Pyramid","MariMod:MariFestivalBadge"],"picked":"Coffee Dripper"}],"items_purged_floors":[2,20,21,45],"is_endless":false,"potions_floor_spawned":[1,4,12,27,28,33,35,41,47,50,54],"ascension_level":0}}