{"host":"6pgtslebjnyv5xmi","time":1608457861,"event":{"mods":["AchievementEnabler","BaseMod","Colored Map","Minty Spire (QoL Compilation)","Rare Cards Sparkle","SuperFastMode","everything is the same but u backflip on backflip"],"gold_per_floor":[116,131,141,30,105,130,130,30,30,30,30],"floor_reached":10,"playtime":266,"items_purged":["Strike_R","Strike_R"],"score":69,"play_id":"070b9f37-d5a0-4798-8b86-44b12a8c8afe","local_time":"20201220185101","is_ascension_mode":true,"campfire_choices":[{"data":"Dark Embrace","floor":7,"key":"SMITH"}],"circlet_count":0,"master_deck":["Strike_R","Strike_R","Strike_R","Defend_R","Defend_R","Defend_R","Defend_R","Bash","Sword Boomerang","Dark Embrace+1","Dark Embrace","Intimidate"],"relics":["Burning Blood","NeowsBlessing","StoneCalendar","Sundial"],"acts_visited":["Exordium"],"potions_floor_usage":[6],"damage_taken":[{"damage":0,"enemies":"Cultist","floor":1,"turns":1},{"damage":0,"enemies":"Jaw Worm","floor":2,"turns":1},{"damage":0,"enemies":"2 Louse","floor":3,"turns":1},{"damage":63,"enemies":"3 Sentries","floor":6,"turns":9},{"damage":14,"enemies":"Gremlin Nob","floor":10,"turns":2}],"seed_played":"-717842839101504334","potions_obtained":[{"floor":2,"key":"LiquidMemories"}],"is_trial":false,"path_per_floor":["M","M","M","$","?","E","R","$","T","E"],"character_chosen":"IRONCLAD","items_purchased":["Dark Embrace"],"campfire_rested":0,"item_purchase_floors":[4],"current_hp_per_floor":[80,80,80,80,69,12,12,12,12,0,0],"gold":30,"neow_bonus":"THREE_ENEMY_KILL","is_daily":false,"chose_seed":false,"campfire_upgraded":1,"win_rate":0.0,"timestamp":1608457861,"path_taken":["M","?","M","$","?","E","R","?","T","E"],"items_purchased_type":["Card"],"build_version":"2020-12-13","purchased_purges":2,"victory":false,"max_hp_per_floor":[80,80,80,80,80,80,80,80,80,80,80],"card_choices":[{"not_picked":["True Grit","Burning Pact"],"picked":"Sword Boomerang","floor":1},{"not_picked":["Pommel Strike","Headbutt"],"picked":"Dark Embrace","floor":2},{"not_picked":["Flex","Dropkick","Body Slam"],"picked":"SKIP","floor":3},{"not_picked":["Headbutt","Perfected Strike"],"picked":"Intimidate","floor":6}],"player_experience":282605,"relics_obtained":[{"floor":6,"key":"StoneCalendar"},{"floor":9,"key":"Sundial"}],"event_choices":[{"damage_healed":0,"gold_gain":75,"player_choice":"Gather Gold","damage_taken":11,"max_hp_gain":0,"max_hp_loss":0,"event_name":"World of Goop","floor":5,"gold_loss":0}],"is_beta":false,"boss_relics":[],"items_purged_floors":[4,8],"is_endless":false,"potions_floor_spawned":[2],"killed_by":"Gremlin Nob","ascension_level":1}}