{"host":"mcmecz6ns48biz64","time":1608453153,"event":{"mods":["2.2 Compatiblity","AchievementEnabler","Act Like it!","AlwaysNeverKeys","Ascension Unlocker","Aspiration","BaseMod","Beaked The Cultist","Bestiary","Better Match","Better Note","Better Skull","Better Third Choice","BetterRewards","Colored Powertips","Conspire","Displayed Cursed Tome","Downfall","Energized Spire","Friendly Minions","GifTheSpireLib","Halation","Hallownest","Hermit","Hubris","Infinite Spire","Marked Mod","Mimic Mod","Minty Spire (QoL Compilation)","Pale of the Ancients","Permanent Neow","Quick Restart","Reorder Act Four","Replay The Spire","Retaliation","Ruin Mod","Shop Mod","Spikes Relics","StSLib","Stuff the Spire","SuperFastMode","The Blue Laboratory","The Construct","The Cursed","The Disciple","The Dragon Tamer","The Exordian Avenger","The Factory","The Forsaken","The Jungle","The Necromancer","The Sage","TheFirefly","TheVacant","Trackpad","Transform Curses","Uncapped","vexMod"],"gold_per_floor":[109,124,136,78,78,78,23,23,93,93,127,127,191,208,208,282,282,298,312,375,425,475,507,507,524,605,605,617,631,656,70,70,147,147,157,231,281,281],"floor_reached":37,"playtime":1476,"items_purged":["Strike_R"],"score":1168,"play_id":"82711a0d-2d1b-460d-acd2-d5bfb8e92527","local_time":"20201220033233","is_ascension_mode":true,"campfire_choices":[{"data":"StuffTheSpire:Resist","floor":6.0,"key":"SMITH"},{"data":"StuffTheSpire:Resist","floor":8.0,"key":"SMITH"},{"data":"DDmod:EasePowerCard","floor":10.0,"key":"SMITH"},{"floor":12.0,"key":"REST"},{"data":"Armaments","floor":15.0,"key":"SMITH"},{"data":"StuffTheSpire:Slingshot","floor":24,"key":"SMITH"},{"data":"Feel No Pain","floor":27,"key":"SMITH"},{"data":"DDmod:BurningFumesPowerCard","floor":32,"key":"SMITH"}],"circlet_count":0,"master_deck":["AscendersBane","Strike_R","Defend_R+1","Defend_R","Defend_R","Defend_R+1","Bash","StuffTheSpire:Resist+1","Reckless Charge","ReplayTheSpireMod:Strike From Hell","StuffTheSpire:Resist+1","Flex","DDmod:SpikedSkill","DDmod:EasePowerCard+1","Thunderclap","Shockwave","Shrug It Off","Havoc","Armaments+1","Feel No Pain+1","Bludgeon","Wild Strike","Metallicize","BarbarianYell","StuffTheSpire:Slingshot+1","DDmod:PlatedThornsSkill","ReplayTheSpireMod:Strike From Hell","Seeing Red","DDmod:SpikeShotSkill","DDmod:SpikeMailSkill","DDmod:BurningFumesPowerCard+1","Replay:SS_hec_4","Impervious","Feed+1","Battle Trance+1","Combust+1","StuffTheSpire:Incineration+1"],"relics":["Burning Blood","StuffTheSpire:DarkSteelAnvil","conspire:InfiniteJournal","DollysMirror","theForsaken:Gavel","Ancient Tea Set","SsserpentHead","StuffTheSpire:EmeraldSignet","halation:SelfBoilingWater","SlaversCollar","aspiration:ChemicalBlood","Blood Vial","Chameleon Ring","halation:AfternoonTea","trackpad:IceCube","War Paint","Astrolabe","trackpad:BottledAnger"],"acts_visited":["Exordium","TheCity","TheBeyond"],"potions_floor_usage":[25,25,25,28,29,29,30,30,33,33,33,33,35,37,37,37,37],"damage_taken":[{"damage":17.0,"enemies":"2 Louse","floor":1.0,"turns":4.0},{"damage":8.0,"enemies":"Cultist","floor":2.0,"turns":4.0},{"damage":22.0,"enemies":"conspire:RoseBush","floor":3.0,"turns":7.0},{"damage":38.0,"enemies":"Replay:BlueRogue","floor":11.0,"turns":12.0},{"damage":5.0,"enemies":"Blue Slaver","floor":13.0,"turns":5.0},{"damage":8.0,"enemies":"Red Slaver","floor":14.0,"turns":5.0},{"damage":4.0,"enemies":"Hexaghost","floor":16.0,"turns":9.0},{"damage":18.0,"enemies":"Shell Parasite","floor":18.0,"turns":7.0},{"damage":44.0,"enemies":"conspire:FuzzyDice","floor":19.0,"turns":10.0},{"damage":22.0,"enemies":"conspire:HollyBat","floor":20.0,"turns":10.0},{"damage":12,"enemies":"conspire:SneckoGhost","floor":23,"turns":17},{"damage":22,"enemies":"Snecko","floor":25,"turns":5},{"damage":18,"enemies":"Centurion and Healer","floor":28,"turns":7},{"damage":19,"enemies":"Chosen and Byrds","floor":29,"turns":5},{"damage":28,"enemies":"conspire:Head Lice","floor":30,"turns":10},{"damage":86,"enemies":"Collector","floor":33,"turns":12},{"damage":67,"enemies":"Orb Walker","floor":35,"turns":5},{"damage":38,"enemies":"conspire:MimicChest","floor":37,"turns":4}],"seed_played":"-697961776583285029","potions_obtained":[{"floor":14.0,"key":"blueLaboratory:IronCompound"},{"floor":18.0,"key":"blueLaboratory:BottleOfRum"},{"floor":23,"key":"AttackPotion"},{"floor":25,"key":"Strength Potion"},{"floor":25,"key":"blueLaboratory:FruitPunch"},{"floor":28,"key":"Languid Potion"},{"floor":35,"key":"Adrenaline Potion"},{"floor":37,"key":"PowerPotion"}],"is_trial":false,"path_per_floor":["M","M","M","$","?","R","$","R","T","R","E","R","M","M","R","B",null,"M","M","M","?","?","E","R","M","T","R","M","M","E","$","R","B",null,"M","T","?"],"character_chosen":"IRONCLAD","items_purchased":["StuffTheSpire:Resist","Reckless Charge","ReplayTheSpireMod:Strike From Hell","DollysMirror","theForsaken:Gavel","Ancient Tea Set","Flex","DDmod:SpikedSkill","Energy Potion","blueLaboratory:PhilterOfMotion","Shrug It Off","Havoc","trackpad:IceCube","War Paint","DDmod:SpikeMailSkill","DDmod:BurningFumesPowerCard","Replay:SS_hec_4"],"campfire_rested":1,"item_purchase_floors":[0,0,0,0,0,0,0,0,0,0,4,7,31,31,31,31,31],"current_hp_per_floor":[57,57,43,43,43,43,43,43,43,43,26,48,57,58,58,64,72,75,53,49,49,49,75,75,61,61,61,70,67,71,71,71,44,70,11,11,0,0],"gold":281,"neow_bonus":"","is_daily":false,"chose_seed":false,"campfire_upgraded":7,"win_rate":0.0,"timestamp":1608453153,"path_taken":["M","M","M","$","?","R","$","R","T","R","E","R","?","M","R","BOSS","M","M","?","?","?","E","R","M","T","R","M","M","E","$","R","BOSS","M","?","?"],"items_purchased_type":["Card","Card","Card","Relic","Relic","Relic","Card","Card","Potion","Potion","Card","Card","Relic","Relic","Card","Card","Card"],"build_version":"2020-12-13","purchased_purges":1,"victory":false,"max_hp_per_floor":[75,75,75,75,75,75,75,75,75,75,75,75,75,75,75,75,75,75,75,75,75,75,75,75,75,75,75,78,78,78,78,78,78,78,78,78,78,78],"card_choices":[{"not_picked":["Warcry","Pommel Strike"],"picked":"DDmod:EasePowerCard","floor":1.0},{"not_picked":["DDmod:EasePowerCard","Body Slam"],"picked":"Thunderclap","floor":2.0},{"not_picked":["Twin Strike","DDmod:EasePowerCard"],"picked":"Shockwave","floor":3.0},{"not_picked":["DDmod:GrandUltimatumAttack","Run Through","DDmod:SpikedSkill"],"picked":"SKIP","floor":11.0},{"not_picked":["Feel No Pain","Heavy Blade"],"picked":"Armaments","floor":13.0},{"not_picked":["Sentinel","Massacre"],"picked":"Feel No Pain","floor":14.0},{"not_picked":["DDmod:SpikeShotSkill","DDmod:PlatedThornsSkill"],"picked":"Bludgeon","floor":16.0},{"not_picked":["Twin Strike","Body Slam"],"picked":"Wild Strike","floor":18.0},{"not_picked":["ReplayTheSpireMod:Strike From Hell+1","Intimidate"],"picked":"Metallicize","floor":19.0},{"not_picked":["DDmod:SpikedSkill","Entrench","Uppercut"],"picked":"SKIP","floor":20.0},{"not_picked":["Battle Trance","ReplayTheSpireMod:LeadingStrike"],"picked":"StuffTheSpire:Slingshot","floor":23},{"not_picked":["True Grit","Clothesline"],"picked":"DDmod:PlatedThornsSkill","floor":25},{"not_picked":["Spot Weakness","Cleave"],"picked":"ReplayTheSpireMod:Strike From Hell","floor":28},{"not_picked":["Headbutt+1","DDmod:SpikedSkill"],"picked":"Seeing Red","floor":29},{"not_picked":["DDmod:ScaleUpSkill","Body Slam"],"picked":"DDmod:SpikeShotSkill","floor":30},{"not_picked":["hubris:StunningStrike","Double Tap"],"picked":"Impervious","floor":33},{"not_picked":["Bloodletting+1","Heavy Blade"],"picked":"StuffTheSpire:Incineration+1","floor":35}],"player_experience":983725,"relics_obtained":[{"floor":9.0,"key":"StuffTheSpire:EmeraldSignet"},{"floor":11.0,"key":"halation:SelfBoilingWater"},{"floor":22.0,"key":"aspiration:ChemicalBlood"},{"floor":23,"key":"Blood Vial"},{"floor":26,"key":"Chameleon Ring"},{"floor":30,"key":"halation:AfternoonTea"},{"floor":36,"key":"trackpad:BottledAnger"}],"event_choices":[{"damage_healed":0.0,"max_hp_gain":0.0,"max_hp_loss":0.0,"gold_gain":0.0,"event_name":"FaceTrader","player_choice":"Trade","floor":5.0,"gold_loss":0.0,"damage_taken":0.0,"relics_obtained":["SsserpentHead"]},{"damage_healed":0.0,"max_hp_gain":0.0,"max_hp_loss":0.0,"gold_gain":0.0,"event_name":"Wheel of Change","player_choice":"Relic","floor":22.0,"gold_loss":0.0,"damage_taken":0.0}],"is_beta":false,"boss_relics":[{"not_picked":["Fusion Hammer","hubris:ScarierMask"],"picked":"SlaversCollar"},{"not_picked":["aspiration:BeakedSkillbook","conspire:RoyalGoblet"],"picked":"Astrolabe"}],"items_purged_floors":[0],"is_endless":false,"potions_floor_spawned":[14,18,23,25,28,35],"killed_by":"conspire:MimicChest","ascension_level":20}}