{"host":"coame8l8goqx0svj","time":1608466940,"event":{"mods":["BaseMod","Downfall","Minty Spire (QoL Compilation)","StSLib"],"gold_per_floor":[99,114,114,18,49,49,49,49,88,13,22,50,44,68,89,195,195,120,137,161,155,155,155,155,155,198,198,208,136,136,236,259,369,369,369,369,319,319,352,19,19,65,105,30,30,64,84,93,118,118,118,160,8,8,8],"floor_reached":56,"playtime":3647,"items_purged":["Regret"],"score":1613,"play_id":"32c04eff-e70d-46cf-a4b8-e9a816719fa3","local_time":"20201220132220","is_ascension_mode":true,"campfire_choices":[{"floor":1,"key":"RECALL"},{"floor":6,"key":"REST"},{"floor":10,"key":"REST"},{"data":"Slimebound:Equalize","floor":18,"key":"SMITH"},{"data":"Slimebound:LeadByExample","floor":23,"key":"SMITH"},{"floor":25,"key":"REST"},{"data":"Slimebound:DisruptingSlam","floor":27,"key":"SMITH"},{"data":"Apotheosis","floor":35,"key":"SMITH"},{"data":"Slimebound:MegaLick","floor":38,"key":"SMITH"},{"data":"Slimebound:LevelUp","floor":44,"key":"SMITH"},{"data":"Slimebound:Darklings","floor":54,"key":"SMITH"}],"circlet_count":0,"master_deck":["Slimebound:Strike_Slimebound","Slimebound:Tackle","Slimebound:Defend_Slimebound","Slimebound:Defend_Slimebound","Slimebound:Defend_Slimebound","Slimebound:Defend_Slimebound+1","Slimebound:Split+1","Slimebound:CorrosiveSpit","Slimebound:SplitAcid","Slimebound:LeadByExample+1","Slimebound:LevelUp+1","Slimebound:FirmFortitude","Slimebound:MinionMaster+1","Slimebound:MegaLick+1","Slimebound:DisruptingSlam+1","Slimebound:Equalize+1","Slimebound:SplitBruiser","Slimebound:MassRepurpose","Slimebound:SplitLeeching+1","Slimebound:SlimeSpikes+1","Slimebound:SplitMire+1","Apotheosis+1","Slimebound:SlimeBrawl+1","Slimebound:Recycling","Slimebound:SplitAcid+1","Slimebound:Gluttony","Slimebound:SlimeBrawl+1","Slimebound:Darklings+1","Slimebound:LeadByExample","Slimebound:ProtectTheBoss+1"],"relics":["Slimebound:AbsorbEndCombat","Smiling Mask","downfall:ShatteredFragment","Slimebound:MaxSlimesRelic","CeramicFish","Bag of Marbles","downfall:HeartBlessingGreen","expansioncontent:StudyCardRelic","downfall:HeartBlessingRed","Pantograph","Ginger","Pear","Pocketwatch","Kunai","Philosopher\u0027s Stone","StrikeDummy","Prayer Wheel","PreservedInsect","downfall:HeartBlessingBlue","Art of War","Toy Ornithopter"],"acts_visited":["Exordium","TheCity","TheBeyond","TheEnding"],"potions_floor_usage":[9,12,28,33,39,46,55,55],"damage_taken":[{"damage":8,"enemies":"Cultist","floor":2,"turns":3},{"damage":11,"enemies":"downfall:FleeingMerchant","floor":4,"turns":4},{"damage":33,"enemies":"Lagavulin","floor":5,"turns":5},{"damage":40,"enemies":"Gremlin Nob","floor":9,"turns":4},{"damage":24,"enemies":"2 Louse","floor":12,"turns":2},{"damage":14,"enemies":"downfall:FleeingMerchant","floor":13,"turns":4},{"damage":20,"enemies":"Small Slimes","floor":14,"turns":2},{"damage":20,"enemies":"Gremlin Gang","floor":15,"turns":3},{"damage":28,"enemies":"downfall:Watcher","floor":16,"turns":7},{"damage":18,"enemies":"3 Byrds","floor":19,"turns":4},{"damage":35,"enemies":"Snecko","floor":20,"turns":4},{"damage":21,"enemies":"downfall:FleeingMerchant","floor":21,"turns":4},{"damage":43,"enemies":"Gremlin Leader","floor":26,"turns":4},{"damage":39,"enemies":"Centurion and Healer","floor":28,"turns":3},{"damage":20,"enemies":"downfall:FleeingMerchant","floor":29,"turns":3},{"damage":17,"enemies":"downfall:Defect","floor":31,"turns":5},{"damage":19,"enemies":"Snake Plant","floor":32,"turns":3},{"damage":50,"enemies":"downfall:Silent","floor":33,"turns":6},{"damage":64,"enemies":"Reptomancer","floor":39,"turns":5},{"damage":47,"enemies":"2 Orb Walkers","floor":42,"turns":3},{"damage":25,"enemies":"Giant Head","floor":43,"turns":6},{"damage":31,"enemies":"3 Darklings","floor":46,"turns":3},{"damage":32,"enemies":"Orb Walker","floor":47,"turns":3},{"damage":33,"enemies":"Maw","floor":49,"turns":6},{"damage":45,"enemies":"downfall:Defect","floor":50,"turns":4},{"damage":83,"enemies":"downfall:CharBossMerchant","floor":52,"turns":4},{"damage":33,"enemies":"downfall:NeowBoss","floor":55,"turns":15}],"seed_played":"-6897519207564305390","potions_obtained":[{"floor":2,"key":"Dexterity Potion"},{"floor":12,"key":"Fruit Juice"},{"floor":16,"key":"Strength Potion"},{"floor":26,"key":"LiquidMemories"},{"floor":28,"key":"FairyPotion"},{"floor":31,"key":"SpeedPotion"},{"floor":33,"key":"BlessingOfTheForge"},{"floor":39,"key":"Slimebound:SpawnSlimePotion"},{"floor":45,"key":"Energy Potion"},{"floor":49,"key":"SkillPotion"}],"is_trial":false,"path_per_floor":["R","M","?","$","E","R","T","?","E","R","?","M","$","M","M","B",null,"R","M","M","$","?","R","T","R","E","R","M","$","?","?","M","B",null,"R","?","$","R","E","?","T","?","E","R","?","M","M","?","M","B",null,"E","$","R","B",null],"character_chosen":"SLIMEBOUND","items_purchased":["Slimebound:LevelUp","Apotheosis","Pear","Toy Ornithopter"],"campfire_rested":3,"item_purchase_floors":[4,29,29,53],"current_hp_per_floor":[54,52,34,37,26,44,44,44,22,40,40,29,37,33,33,41,59,59,65,50,63,44,44,44,63,36,36,17,47,47,75,74,61,72,72,72,72,72,54,84,84,71,84,94,94,73,71,71,90,94,94,51,51,51,94],"gold":8,"neow_bonus":"RANDOM_COMMON_RELIC","is_daily":false,"chose_seed":false,"campfire_upgraded":7,"win_rate":0.0,"timestamp":1608466940,"path_taken":["R","?","?","$","E","R","T","?","E","R","?","M","?","M","M","BOSS","R","?","M","$","?","R","T","R","E","R","?","$","?","?","M","BOSS","R","?","$","R","E","?","T","?","E","R","?","M","?","?","M","BOSS","E","$","R","BOSS"],"items_purchased_type":["Card","Card","Relic","Relic"],"build_version":"2020-12-13","purchased_purges":1,"victory":true,"max_hp_per_floor":[60,60,60,60,60,60,60,60,60,60,60,65,65,65,65,65,65,65,65,65,65,65,65,65,65,65,65,65,75,75,75,75,75,75,75,75,75,75,75,84,84,84,84,94,94,94,94,94,94,94,94,94,94,94,94],"card_choices":[{"not_picked":["Slimebound:ProtectTheBoss","Slimebound:BestDefense"],"picked":"Slimebound:SplitAcid","floor":2},{"not_picked":["Slimebound:SplitMire","Slimebound:SplitAcid"],"picked":"Slimebound:LeadByExample","floor":4},{"not_picked":["Slimebound:ViciousTackle","Slimebound:Schlurp"],"picked":"Slimebound:FirmFortitude","floor":5},{"not_picked":["Slimebound:SplitAcid","Slimebound:Gluttony"],"picked":"Slimebound:MinionMaster","floor":9},{"not_picked":["Slimebound:FinishingTackle","Slimebound:SamplingLick"],"picked":"Slimebound:MegaLick","floor":12},{"not_picked":["Slimebound:LeechingTouch","Slimebound:ComboTackle"],"picked":"Slimebound:DisruptingSlam","floor":13},{"not_picked":["Slimebound:DisruptingSlam","Slimebound:FinishingTackle"],"picked":"Slimebound:Equalize","floor":14},{"not_picked":["Slimebound:Schlurp","Slimebound:Replication"],"picked":"Slimebound:SplitBruiser","floor":15},{"not_picked":["Slimebound:OozeBath","Slimebound:TagTeam"],"picked":"Slimebound:MassRepurpose","floor":16},{"not_picked":["Slimebound:SlimeSpikes","Slimebound:SamplingLick","Slimebound:ComboTackle"],"picked":"SKIP","floor":19},{"not_picked":["Slimebound:SplitSpecialist","Slimebound:LeechEnergy"],"picked":"Slimebound:SplitLeeching+1","floor":20},{"not_picked":["Slimebound:PressTheAttack+1","Slimebound:SelfFormingGoo"],"picked":"Slimebound:SlimeSpikes+1","floor":21},{"not_picked":["Slimebound:ViciousTackle","Slimebound:TagTeam"],"picked":"Slimebound:SplitMire+1","floor":26},{"not_picked":["Slimebound:Schlurp","Slimebound:ComboTackle","Slimebound:SamplingLick"],"picked":"SKIP","floor":28},{"not_picked":["Slimebound:SplitBruiser","Slimebound:GoopSpray","Slimebound:SplitLeeching"],"picked":"SKIP","floor":29},{"not_picked":["Slimebound:SamplingLick+1","Slimebound:SplitMire+1"],"picked":"Slimebound:SlimeBrawl+1","floor":32},{"not_picked":["Slimebound:SelfFormingGoo","Slimebound:MassRepurpose"],"picked":"Slimebound:Recycling","floor":33},{"not_picked":["Slimebound:DivideAndConquer+1","Slimebound:SplitLeeching+1","Slimebound:GrowthPunch"],"picked":"SKIP","floor":39},{"not_picked":["Slimebound:Schlurp+1","Slimebound:Chomp+1"],"picked":"Slimebound:SplitAcid+1","floor":43},{"not_picked":["Slimebound:SplitBruiser+1","Slimebound:PressTheAttack"],"picked":"Slimebound:Gluttony","floor":46},{"not_picked":["Slimebound:DivideAndConquer","Slimebound:DuplicatedForm"],"picked":"Slimebound:SlimeBrawl+1","floor":46},{"not_picked":["Slimebound:Repurpose","Slimebound:MegaLick+1","Slimebound:ComboTackle+1"],"picked":"SKIP","floor":47},{"not_picked":["Slimebound:PressTheAttack","Slimebound:GoopSpray+1","Slimebound:Dissolve+1"],"picked":"SKIP","floor":47},{"not_picked":["Slimebound:FinishingTackle+1","Slimebound:LeechEnergy"],"picked":"Slimebound:LeadByExample","floor":49},{"not_picked":["Slimebound:ForwardTackle","Slimebound:LeechingTouch","Slimebound:FinishingTackle+1"],"picked":"SKIP","floor":49},{"not_picked":["Slimebound:AcidTongue","Slimebound:ForwardTackle"],"picked":"Slimebound:ProtectTheBoss+1","floor":52}],"player_experience":1679929,"relics_obtained":[{"floor":5,"key":"Slimebound:MaxSlimesRelic"},{"floor":7,"key":"CeramicFish"},{"floor":9,"key":"Bag of Marbles"},{"floor":24,"key":"Pantograph"},{"floor":26,"key":"Ginger"},{"floor":31,"key":"Pocketwatch"},{"floor":31,"key":"Kunai"},{"floor":39,"key":"StrikeDummy"},{"floor":42,"key":"Prayer Wheel"},{"floor":43,"key":"PreservedInsect"},{"floor":52,"key":"Art of War"}],"event_choices":[{"cards_removed":["Slimebound:Strike_Slimebound"],"damage_healed":0,"gold_gain":0,"player_choice":"Removed Attack","damage_taken":0,"max_hp_gain":0,"max_hp_loss":0,"event_name":"Falling","floor":36,"gold_loss":0},{"damage_healed":0,"gold_gain":0,"player_choice":"Fight","damage_taken":0,"max_hp_gain":0,"max_hp_loss":0,"event_name":"Mysterious Sphere","floor":42,"gold_loss":0},{"damage_healed":0,"gold_gain":0,"player_choice":"Got Potions","damage_taken":0,"max_hp_gain":0,"max_hp_loss":0,"event_name":"Lab","floor":45,"gold_loss":0}],"is_beta":false,"boss_relics":[{"not_picked":["Tiny House","Empty Cage"],"picked":"expansioncontent:StudyCardRelic"},{"not_picked":["SacredBark","Calling Bell"],"picked":"Philosopher\u0027s Stone"}],"items_purged_floors":[37],"is_endless":false,"potions_floor_spawned":[2,12,16,26,28,31,33,39,49],"ascension_level":8}}