{"host":"rt0td7aa3g170xdl","time":1608439120,"event":{"mods":["2.2 Compatiblity","AchievementEnabler","BaseMod","Colored Map","DeckTracker","Keyboard Shortcuts","Minty Spire (QoL Compilation)","Permanent Neow","Quick Restart","SuperFastMode","everything is the same but u backflip on backflip"],"gold_per_floor":[113,129,140,65,80,80,105,117,117,117,17,49,49,62,62,159,159,171,46,46,56,56,56,70,70,70],"floor_reached":25,"playtime":753,"items_purged":["Strike_R","Strike_R","Strike_R"],"score":298,"play_id":"279db4cb-c19e-4554-bd6a-16ee4ed79f4a","local_time":"20201220133840","is_ascension_mode":true,"campfire_choices":[{"data":"Body Slam","floor":6.0,"key":"SMITH"},{"data":"Bludgeon","floor":10.0,"key":"SMITH"},{"floor":13.0,"key":"REST"},{"data":"Fire Breathing","floor":15.0,"key":"SMITH"},{"data":"Double Tap","floor":23.0,"key":"SMITH"}],"circlet_count":0,"master_deck":["Defend_R","Defend_R","Defend_R","Bash","Body Slam+1","Reckless Charge","Bludgeon+1","Fire Breathing+1","Double Tap+1","Reckless Charge+1","Disarm"],"relics":["Burning Blood","Calipers","Molten Egg 2","Nunchaku","Philosopher\u0027s Stone","CultistMask"],"acts_visited":["Exordium","TheCity"],"potions_floor_usage":[],"damage_taken":[{"damage":1.0,"enemies":"Cultist","floor":1.0,"turns":4.0},{"damage":14.0,"enemies":"Jaw Worm","floor":2.0,"turns":6.0},{"damage":5.0,"enemies":"2 Louse","floor":3.0,"turns":2.0},{"damage":8.0,"enemies":"Gremlin Gang","floor":5.0,"turns":5.0},{"damage":15.0,"enemies":"3 Sentries","floor":7.0,"turns":4.0},{"damage":24.0,"enemies":"Exordium Thugs","floor":8.0,"turns":5.0},{"damage":5.0,"enemies":"Lagavulin","floor":12.0,"turns":4.0},{"damage":15.0,"enemies":"Exordium Wildlife","floor":14.0,"turns":4.0},{"damage":28.0,"enemies":"Hexaghost","floor":16.0,"turns":8.0},{"damage":0.0,"enemies":"Chosen","floor":18.0,"turns":3.0},{"damage":26.0,"enemies":"2 Thieves","floor":21.0,"turns":3.0},{"damage":48.0,"enemies":"Centurion and Healer","floor":24.0,"turns":4.0},{"damage":10,"enemies":"Cultist and Chosen","floor":25,"turns":1}],"seed_played":"1376476738849553034","potions_obtained":[{"floor":5.0,"key":"LiquidMemories"},{"floor":7.0,"key":"Strength Potion"},{"floor":14.0,"key":"SpeedPotion"},{"floor":21.0,"key":"Ancient Potion"}],"is_trial":false,"path_per_floor":["M","M","M","$","M","R","E","M","T","R","$","E","R","M","R","B",null,"M","$","?","M","?","R","M","M"],"character_chosen":"IRONCLAD","items_purchased":[],"campfire_rested":1,"item_purchase_floors":[],"current_hp_per_floor":[56,48,49,49,47,47,38,20,20,20,20,21,45,36,36,14,64,70,70,70,50,50,50,8,0,0],"gold":70,"neow_bonus":"REMOVE_TWO","is_daily":false,"chose_seed":false,"campfire_upgraded":4,"win_rate":0.0,"timestamp":1608439120,"path_taken":["M","M","M","$","M","R","E","M","T","R","$","E","R","M","R","BOSS","M","$","?","M","?","R","M","M"],"items_purchased_type":[],"build_version":"2020-12-13","purchased_purges":3,"victory":false,"max_hp_per_floor":[80,80,80,80,80,80,80,80,80,80,80,80,80,80,80,80,80,80,80,80,80,80,80,80,80,80],"card_choices":[{"not_picked":["Shrug It Off","Havoc"],"picked":"Body Slam","floor":1.0},{"not_picked":["Thunderclap","Whirlwind"],"picked":"Reckless Charge","floor":2.0},{"not_picked":["Spot Weakness","Perfected Strike"],"picked":"Bludgeon","floor":3.0},{"not_picked":["Disarm","Thunderclap"],"picked":"Fire Breathing","floor":5.0},{"not_picked":["Cleave","Armaments","Perfected Strike"],"picked":"SKIP","floor":7.0},{"not_picked":["Iron Wave","Pommel Strike","Sword Boomerang"],"picked":"SKIP","floor":8.0},{"not_picked":["Entrench","Warcry","Sword Boomerang+1"],"picked":"SKIP","floor":12.0},{"not_picked":["Armaments","Havoc","Perfected Strike+1"],"picked":"SKIP","floor":14.0},{"not_picked":["Barricade","Feed+1"],"picked":"Double Tap","floor":16.0},{"not_picked":["Iron Wave+1","Rage","Thunderclap+1"],"picked":"SKIP","floor":18.0},{"not_picked":["Headbutt+1","Sever Soul+1"],"picked":"Reckless Charge+1","floor":21.0},{"not_picked":["True Grit+1","Thunderclap+1"],"picked":"Disarm","floor":24.0}],"player_experience":288271,"relics_obtained":[{"floor":7.0,"key":"Calipers"},{"floor":9.0,"key":"Molten Egg 2"},{"floor":12.0,"key":"Nunchaku"}],"event_choices":[{"cards_removed":["Defend_R"],"damage_healed":0.0,"max_hp_gain":0.0,"max_hp_loss":0.0,"gold_gain":0.0,"event_name":"Back to Basics","player_choice":"Elegance","floor":20.0,"gold_loss":0.0,"damage_taken":0.0},{"damage_healed":0.0,"max_hp_gain":0.0,"max_hp_loss":0.0,"gold_gain":0.0,"event_name":"FaceTrader","player_choice":"Trade","floor":22.0,"gold_loss":0.0,"damage_taken":0.0,"relics_obtained":["CultistMask"]}],"is_beta":false,"boss_relics":[{"not_picked":["Runic Cube","Black Star"],"picked":"Philosopher\u0027s Stone"}],"items_purged_floors":[4,11,19],"is_endless":false,"potions_floor_spawned":[5,7,14,21],"killed_by":"Cultist and Chosen","ascension_level":8}}