{"host":"0azimyi6n3ugndj4","time":1608478959,"event":{"mods":["BaseMod","Bestiary","Conspire","Curses Come First","Defuse TimeMaze Blight","Hyrulean Relics","Infinite Spire","Minty Spire (QoL Compilation)","Relic Sorter","Relic Stats","Replay The Spire","StSLib","SuperFastMode","Uncapped","¡¼?Úª?ø«¡½REMEMod"],"gold_per_floor":[138,180,216,216,43,43,43],"floor_reached":6,"playtime":68,"items_purged":[],"score":122,"play_id":"83ccf162-b8b2-40e2-a0db-c5f76981856d","local_time":"20201221004239","daily_mods":["Insanity","Chimera","Specialized","Vintage","ControlledChaos","Allstar","Diverse","Colorless Cards","Heirloom","Time Dilation","Binary","Elite Swarm","Lethality","Midas","Uncertain Future"],"is_ascension_mode":true,"campfire_choices":[],"circlet_count":0,"master_deck":["Demon Form","Wraith Form v2","Echo Form","DevaForm","AscendersBane","Bash","Survivor","Zap","Strike_R","Strike_G","Strike_B","Defend_R","Defend_G","Defend_P","Warcry","Slice","Pommel Strike","Twin Strike","Run Through","Replay:Bootleg Shield Generator","Heavy Blade","Masterful Stab","Evaluate","Leap","REME_FirmDetermination","Crippling Poison","ClearTheMind","REME_DataAnalysis","Chaos","conspire:PoisonWeapons","Sword Boomerang","True Grit","Entrench","Twin Strike","FollowUp","CrushJoints","Draining Mist","Leap","Cloak And Dagger","REME_MusicOfDeath","Defragment","conspire:DoublingDagger","Fusion","Go for the Eyes","Gash","Acrobatics","Protect","Doom and Gloom","Quick Slash","Choke","Consecrate","Ball Lightning","Pommel Strike","Ball Lightning","BasicCrystalCard","Replay:BasicMightCard","Gash","Sunder","Headbutt","Heatsinks","Panacea","Hidden Blade","ReplayTheSpireMod:Strike From Hell","Steam Power","Berserk"],"relics":["Ring of the Snake","Frozen Eye","REME_ComplimentaryCards","Torii","Potion Belt","InkBottle","Oddly Smooth Stone","Strawberry"],"acts_visited":["Exordium"],"potions_floor_usage":[],"damage_taken":[{"damage":6,"enemies":"Jaw Worm","floor":1,"turns":2},{"damage":0,"enemies":"Cultist","floor":2,"turns":2},{"damage":30,"enemies":"2 Louse","floor":3,"turns":3},{"damage":35,"enemies":"Gremlin Nob","floor":6,"turns":3}],"seed_played":"3804191961743418634","potions_obtained":[],"is_trial":true,"path_per_floor":["M","M","M","?","$","E"],"character_chosen":"THE_SILENT","items_purchased":["Strawberry"],"campfire_rested":0,"item_purchase_floors":[5],"current_hp_per_floor":[53,53,23,16,23,0,0],"gold":43,"neow_bonus":"","is_daily":false,"chose_seed":false,"campfire_upgraded":0,"win_rate":0.0,"timestamp":1608478959,"path_taken":["M","M","M","?","$","E"],"items_purchased_type":["Relic"],"build_version":"2020-12-13","purchased_purges":0,"victory":false,"max_hp_per_floor":[66,66,66,66,73,73,73],"relic_stats":{"Torii":7,"counters":[4,10],"obtain_stats":[{"Potion Belt":1,"Frozen Eye":0,"Torii":0,"Strawberry":5,"Oddly Smooth Stone":3,"InkBottle":2,"Ring of the Snake":0,"REME_ComplimentaryCards":0},{"Potion Belt":1,"Frozen Eye":0,"Torii":0,"Strawberry":3,"Oddly Smooth Stone":3,"InkBottle":2,"Ring of the Snake":0,"REME_ComplimentaryCards":0},{"Potion Belt":2,"Frozen Eye":0,"Torii":0,"Strawberry":7,"Oddly Smooth Stone":7,"InkBottle":4,"Ring of the Snake":0,"REME_ComplimentaryCards":0}],"InkBottle":[1],"Ring of the Snake":[8]},"card_choices":[],"player_experience":1488252,"relics_obtained":[{"floor":1,"key":"Potion Belt"},{"floor":2,"key":"InkBottle"},{"floor":3,"key":"Oddly Smooth Stone"}],"event_choices":[{"cards_removed":["Eruption"],"damage_healed":0,"gold_gain":0,"player_choice":"Card Removal","damage_taken":7,"max_hp_gain":0,"max_hp_loss":0,"event_name":"Golden Wing","floor":4,"gold_loss":0}],"is_beta":false,"boss_relics":[],"items_purged_floors":[],"is_endless":false,"potions_floor_spawned":[],"killed_by":"Gremlin Nob","ascension_level":20}}