{"host":"qwie84gwfccqh4mc","time":1608443167,"event":{"mods":["Alarm Clock","Aspiration","BaseMod","Challenge The Spire","Colored Map","Colored Powertips","Conspire","DeckTracker","Downfall","Highlight Path","Hubris","Infinite Spire","Marisa£®ÏF”Í°°ƒß¿Ì…≥£©","Minty Spire (QoL Compilation)","Quick Restart","Random Character Button","Relic Sorter","Relic Stats","Replay The Spire","RumiaBox-¬∂√◊Ê´µƒ…Ò√ÿ∫–◊”","StSLib","Synergy Search","UnlockEverythingMod","[IsaacMod]“‘»ˆº‚À˛","vexMod","¿œ“¡¿Ú—≈"],"gold_per_floor":[112,162,175,175,185,185,220,236,311,311,311,331,342,342,342,342,342,342,342],"floor_reached":18,"playtime":819,"items_purged":[],"score":118,"play_id":"8b64caf6-18ea-495c-b8ad-a285aa742fb9","local_time":"20201220134607","is_ascension_mode":true,"campfire_choices":[{"data":"PrismaMod:IllyaUberChannel","floor":6.0,"key":"SMITH"},{"floor":15,"key":"RECALL"},{"floor":17,"key":"DIG"}],"circlet_count":0,"master_deck":["PrismaMod:IllyaCommonAttack","PrismaMod:IllyaCommonDefend","PrismaMod:IllyaCommonAttack","PrismaMod:IllyaCommonDefend","PrismaMod:IllyaCommonAttack","PrismaMod:IllyaCommonDefend","PrismaMod:IllyaCommonAttack","PrismaMod:IllyaCommonDefend","PrismaMod:IllyaCommonAttack","PrismaMod:IllyaCommonDefend","PrismaMod:IllyaUncommonAttack","PrismaMod:IllyaUncommonDefend","PrismaMod:IllyaUberChannel+1","PrismaMod:IllyaAOECommonAttack","PrismaMod:IllyaAlice","PrismaMod:IllyaCommandSeal","PrismaMod:IllyaBerserCAR","PrismaMod:IllyaFriendMaker","PrismaMod:IllyaRubysPotion","PrismaMod:IllyaStunPoison"],"relics":["PrismaMod:PrismaRuby","BelialBook","HushsDoor","GuppysTail","NeowsBlessing","Letter Opener","infinitespire:FocusingShard","GodSword1","SSSystem"],"acts_visited":["Exordium"],"potions_floor_usage":[],"damage_taken":[{"damage":0.0,"enemies":"2 Louse","floor":1.0,"turns":1.0},{"damage":24.0,"enemies":"Hiden Room Battle","floor":2.0,"turns":2.0},{"damage":0.0,"enemies":"Cultist","floor":3.0,"turns":1.0},{"damage":0.0,"enemies":"Small Slimes","floor":5.0,"turns":2.0},{"damage":3.0,"enemies":"Lagavulin","floor":7.0,"turns":7.0},{"damage":6.0,"enemies":"Red Slaver","floor":8.0,"turns":5.0},{"damage":8.0,"enemies":"Exordium Wildlife","floor":12.0,"turns":3.0},{"damage":9,"enemies":"2 Fungi Beasts","floor":13,"turns":2},{"damage":87,"enemies":"Slime Boss","floor":18,"turns":10}],"seed_played":"-7760746594283453787","potions_obtained":[{"floor":1.0,"key":"Fruit Juice"},{"floor":5.0,"key":"Adrenaline Potion"},{"floor":8.0,"key":"LiquidMemories"},{"floor":14,"key":"Cursed Concoction"}],"is_trial":false,"path_per_floor":["M","?","M","$","M","R","E","M","T","PTL","PTL","M","M","?","R","?","R_BF","B"],"character_chosen":"ILLYA","items_purchased":[],"campfire_rested":0,"item_purchase_floors":[],"current_hp_per_floor":[75,56,56,56,61,61,61,63,63,63,63,60,59,59,59,59,59,0,0],"gold":342,"neow_bonus":"THREE_ENEMY_KILL","is_daily":false,"chose_seed":false,"campfire_upgraded":1,"win_rate":0.0,"timestamp":1608443167,"path_taken":["M","?","?","?","M","R","E","M","T","PTL","PTL","?","M","?","R","?","R_BF","BOSS"],"items_purchased_type":[],"build_version":"2020-12-13","purchased_purges":0,"victory":false,"max_hp_per_floor":[75,80,80,80,80,80,80,80,80,80,80,80,80,80,80,80,80,80,80],"relic_stats":{"counters":[9,33],"Letter Opener":[20],"obtain_stats":[{"KeepersGift":0,"PrismaMod:PrismaRuby":0,"GuppysTail":0,"NeowsBlessing":0,"BelialBook":2,"SSSystem":17,"infinitespire:FocusingShard":7,"Letter Opener":2,"HushsDoor":0,"GodSword1":9},{"KeepersGift":0,"PrismaMod:PrismaRuby":0,"GuppysTail":0,"NeowsBlessing":0,"BelialBook":2,"SSSystem":8,"infinitespire:FocusingShard":5,"Letter Opener":2,"HushsDoor":0,"GodSword1":6},{"KeepersGift":0,"PrismaMod:PrismaRuby":0,"GuppysTail":0,"NeowsBlessing":0,"BelialBook":3,"SSSystem":23,"infinitespire:FocusingShard":13,"Letter Opener":3,"HushsDoor":0,"GodSword1":18}]},"card_choices":[{"not_picked":[],"picked":"Bomb","floor":0.0},{"not_picked":["PrismaMod:IllyaRubysPotion","PrismaMod:IllyaDualEvoke"],"picked":"PrismaMod:IllyaUberChannel","floor":1.0},{"not_picked":["PrismaMod:IllyaBoysLove","PrismaMod:IllyaPartialInstallAssassin"],"picked":"PrismaMod:IllyaAOECommonAttack","floor":2.0},{"not_picked":["PrismaMod:IllyaCommonEvoke","PrismaMod:IllyaUpgradeOrbs"],"picked":"PrismaMod:IllyaAlice","floor":3.0},{"not_picked":["PrismaMod:IllyaCheapAttack","PrismaMod:IllyaUncommonDefend"],"picked":"PrismaMod:IllyaCommandSeal","floor":5.0},{"not_picked":["PrismaMod:IllyaUberChannel","PrismaMod:IllyaUncommonAOEAttack"],"picked":"PrismaMod:IllyaBerserCAR","floor":7.0},{"not_picked":["PrismaMod:IllyaGun","PrismaMod:IllyaFeed"],"picked":"PrismaMod:IllyaFriendMaker","floor":8.0},{"not_picked":["PrismaMod:IllyaRussianRoulette","PrismaMod:IllyaUncommonEvoke"],"picked":"PrismaMod:IllyaRubysPotion","floor":12.0},{"not_picked":["PrismaMod:IllyaFriendMaker","PrismaMod:IllyaCommonEvoke"],"picked":"PrismaMod:IllyaStunPoison","floor":13}],"player_experience":173593,"relics_obtained":[{"floor":2.0,"key":"Letter Opener"},{"floor":2.0,"key":"BelialBook"},{"floor":7.0,"key":"infinitespire:FocusingShard"},{"floor":9.0,"key":"GodSword1"},{"floor":17,"key":"SSSystem"}],"event_choices":[{"damage_healed":0.0,"max_hp_gain":0.0,"max_hp_loss":0.0,"gold_gain":0.0,"event_name":"HidenRoomEvent","player_choice":"Fight","floor":2.0,"gold_loss":0.0,"damage_taken":0.0},{"damage_healed":0,"gold_gain":0,"player_choice":"Disagree","damage_taken":0,"max_hp_gain":0,"max_hp_loss":0,"event_name":"conspire:LoneGhost","floor":16,"gold_loss":0}],"is_beta":false,"boss_relics":[],"items_purged_floors":[],"is_endless":false,"potions_floor_spawned":[1,5,8],"killed_by":"Slime Boss","ascension_level":1}}