{"host":"xb2tau8pgi8aflss","time":1608455349,"event":{"mods":["AchievementEnabler","BaseMod","Hermit","Minty Spire (QoL Compilation)","StSLib","SuperFastMode"],"gold_per_floor":[10,10,10,21,21,55,55,55,55,86,86,104,29,47,47,47,47],"floor_reached":16,"playtime":373,"items_purged":["Defend_B"],"score":135,"play_id":"035abf4d-777a-48d5-9069-34cd239d5079","local_time":"20201220180909","is_ascension_mode":true,"campfire_choices":[{"data":"Fusion","floor":8,"key":"SMITH"},{"data":"Rebound","floor":11,"key":"SMITH"},{"floor":15,"key":"REST"}],"circlet_count":0,"master_deck":["Strike_B","Strike_B+1","Strike_B","Defend_B","Defend_B","Defend_B","Zap","Dualcast","Rebound+1","Core Surge+1","Conserve Battery","Fusion+1","FTL","Self Repair","Compile Driver"],"relics":["Cracked Core","Prayer Wheel","Toy Ornithopter","Whetstone","Eternal Feather","Omamori"],"acts_visited":["Exordium"],"potions_floor_usage":[6,10,16],"damage_taken":[{"damage":0,"enemies":"2 Louse","floor":1,"turns":2},{"damage":0,"enemies":"Cultist","floor":4,"turns":2},{"damage":43,"enemies":"Lagavulin","floor":6,"turns":8},{"damage":18,"enemies":"Gremlin Nob","floor":10,"turns":3},{"damage":0,"enemies":"Small Slimes","floor":12,"turns":3},{"damage":15,"enemies":"Gremlin Gang","floor":14,"turns":4},{"damage":50,"enemies":"Slime Boss","floor":16,"turns":5}],"seed_played":"6346304217599774362","potions_obtained":[{"floor":4,"key":"Energy Potion"},{"floor":5,"key":"Ancient Potion"},{"floor":5,"key":"Explosive Potion"},{"floor":14,"key":"GamblersBrew"}],"is_trial":false,"path_per_floor":["M","?","?","M","?","E","$","R","T","E","R","M","$","M","R","B"],"character_chosen":"DEFECT","items_purchased":[],"campfire_rested":1,"item_purchase_floors":[],"current_hp_per_floor":[75,75,72,72,72,32,32,32,32,19,25,25,25,10,41,0,0],"gold":47,"neow_bonus":"ONE_RARE_RELIC","is_daily":false,"chose_seed":false,"campfire_upgraded":2,"win_rate":0.0,"timestamp":1608455349,"path_taken":["M","?","?","M","?","E","$","R","T","E","R","?","$","M","R","BOSS"],"items_purchased_type":[],"build_version":"2020-12-13","purchased_purges":1,"victory":false,"max_hp_per_floor":[75,75,75,75,75,75,75,75,75,75,75,75,75,75,75,75,75],"card_choices":[{"not_picked":["Barrage","Ball Lightning"],"picked":"Rebound","floor":1},{"not_picked":["Go for the Eyes","Heatsinks","Cold Snap"],"picked":"SKIP","floor":1},{"not_picked":["Chill","Cold Snap"],"picked":"Conserve Battery","floor":4},{"not_picked":["Ball Lightning","White Noise"],"picked":"Fusion","floor":4},{"not_picked":["Force Field","Thunder Strike","Stack"],"picked":"SKIP","floor":6},{"not_picked":["Sweeping Beam","Coolheaded","Core Surge"],"picked":"SKIP","floor":10},{"not_picked":["Beam Cell","Rebound"],"picked":"FTL","floor":12},{"not_picked":["Sweeping Beam","Undo","Hologram"],"picked":"SKIP","floor":12},{"not_picked":["Defragment","Steam Power"],"picked":"Self Repair","floor":14},{"not_picked":["Undo","Auto Shields"],"picked":"Compile Driver","floor":14}],"player_experience":750097,"relics_obtained":[{"floor":6,"key":"Whetstone"},{"floor":9,"key":"Eternal Feather"},{"floor":10,"key":"Omamori"}],"event_choices":[{"damage_healed":0,"gold_gain":0,"cards_transformed":["Strike_B"],"player_choice":"Change","damage_taken":0,"max_hp_gain":0,"max_hp_loss":0,"event_name":"Living Wall","floor":2,"gold_loss":0,"cards_obtained":["Core Surge"]},{"damage_healed":0,"gold_gain":0,"player_choice":"Success","damage_taken":3,"relics_obtained":["Toy Ornithopter"],"max_hp_gain":0,"max_hp_loss":0,"event_name":"Scrap Ooze","floor":3,"gold_loss":0},{"damage_healed":0,"gold_gain":0,"player_choice":"Got Potions","damage_taken":0,"max_hp_gain":0,"max_hp_loss":0,"event_name":"Lab","floor":5,"gold_loss":0}],"is_beta":false,"boss_relics":[],"items_purged_floors":[13],"is_endless":false,"potions_floor_spawned":[4,14],"killed_by":"Slime Boss","ascension_level":5}}