{"host":"5gc11emcm5chfr5t","time":1608427730,"event":{"mods":["2.2 Compatiblity","AchievementEnabler","BaseMod","Bestiary","Better Note","Colored Map","Colored Powertips","Downfall","Googly Eyes","Minty Spire (QoL Compilation)","Rare Cards Sparkle","StSLib"],"gold_per_floor":[99,125,125,157,157,190,214,314,164,192,210,9,20,5,22,22,22],"floor_reached":16,"playtime":545,"items_purged":[],"score":317,"play_id":"8b4cd2d1-f56d-4d75-a873-0427078bc21a","local_time":"20201219202850","is_ascension_mode":true,"campfire_choices":[{"floor":1,"key":"RECALL"},{"floor":9,"key":"REST"}],"circlet_count":0,"master_deck":["AscendersBane","sneckomod:Strike","sneckomod:Strike","sneckomod:Strike","sneckomod:Defend","sneckomod:Defend","sneckomod:Defend","sneckomod:TailWhip","sneckomod:SnekBite","sneckomod:Unknown","sneckomod:Unknown","sneckomod:SlitherStrike","sneckomod:SoulRoll","sneckomod:UnknownVulnerable","sneckomod:WideSting","sneckomod:UnknownRareSkill","sneckomod:Unknown0Cost","sneckomod:UnknownEthereal","expansioncontent:LastStand","sneckomod:SnakeSap","sneckomod:Unknown0Cost","sneckomod:SoulCleanse","sneckomod:UnknownBlock"],"relics":["sneckomod:SneckoSoul","downfall:HeartsMalice","Omamori","InkBottle","Toy Ornithopter","Anchor","downfall:HeartBlessingRed","downfall:HeartBlessingBlue","Sundial"],"acts_visited":["Exordium"],"potions_floor_usage":[10,12,12],"damage_taken":[{"damage":0,"enemies":"Lagavulin","floor":2,"turns":1},{"damage":0,"enemies":"2 Louse","floor":3,"turns":1},{"damage":0,"enemies":"Gremlin Nob","floor":4,"turns":1},{"damage":40,"enemies":"3 Sentries","floor":6,"turns":8},{"damage":4,"enemies":"Gremlin Nob","floor":10,"turns":3},{"damage":0,"enemies":"Small Slimes","floor":11,"turns":2},{"damage":10,"enemies":"downfall:FleeingMerchant","floor":12,"turns":4},{"damage":0,"enemies":"Jaw Worm","floor":13,"turns":1},{"damage":15,"enemies":"downfall:FleeingMerchant","floor":14,"turns":4},{"damage":21,"enemies":"Exordium Thugs","floor":15,"turns":4},{"damage":48,"enemies":"downfall:Defect","floor":16,"turns":4}],"seed_played":"1724475834664281861","potions_obtained":[{"floor":2,"key":"FearPotion"},{"floor":6,"key":"LiquidMemories"},{"floor":11,"key":"ColorlessPotion"}],"is_trial":false,"path_per_floor":["R","E","M","E","?","E","T","?","R","E","M","$","M","$","M","B"],"character_chosen":"THE_SNECKO","items_purchased":["expansioncontent:LastStand","sneckomod:SnakeSap"],"campfire_rested":1,"item_purchase_floors":[12,12],"current_hp_per_floor":[75,75,75,76,71,31,31,31,69,71,72,73,74,59,39,0,0],"gold":22,"neow_bonus":"THREE_ENEMY_KILL","is_daily":false,"chose_seed":false,"campfire_upgraded":0,"win_rate":0.0,"timestamp":1608427730,"path_taken":["R","E","M","E","?","E","T","?","R","E","M","$","M","$","M","BOSS"],"items_purchased_type":["Card","Card"],"build_version":"2020-12-13","purchased_purges":0,"victory":false,"max_hp_per_floor":[83,83,83,84,84,84,84,84,94,95,96,97,98,98,99,99,99],"card_choices":[{"not_picked":["sneckomod:UnknownUncommonSkill","sneckomod:UnknownStrength"],"picked":"sneckomod:SlitherStrike","floor":2},{"not_picked":["sneckomod:UnknownCommonAttack","sneckomod:DiceBlock"],"picked":"sneckomod:SoulRoll","floor":3},{"not_picked":["sneckomod:UnknownClassGUARDIAN","sneckomod:Unknown1Cost"],"picked":"sneckomod:UnknownVulnerable","floor":4},{"not_picked":["sneckomod:UnknownWeak","sneckomod:DiceBlock"],"picked":"sneckomod:WideSting","floor":6},{"not_picked":["sneckomod:UnknownCommonAttack","sneckomod:DiceCrush"],"picked":"sneckomod:UnknownRareSkill","floor":10},{"not_picked":["sneckomod:UnknownWeak","sneckomod:UnknownCommonSkill"],"picked":"sneckomod:Unknown0Cost","floor":11},{"not_picked":["sneckomod:UnknownClassTHE_CHAMP_GRAY","sneckomod:UnknownCommonSkill"],"picked":"sneckomod:UnknownEthereal","floor":12},{"not_picked":["sneckomod:SoulDraw","sneckomod:WideSting"],"picked":"sneckomod:Unknown0Cost","floor":13},{"not_picked":["sneckomod:UnknownStrike","sneckomod:UnknownClassTHE_CHAMP_GRAY"],"picked":"sneckomod:SoulCleanse","floor":14},{"not_picked":["sneckomod:DiceBlock","sneckomod:WideSting"],"picked":"sneckomod:UnknownBlock","floor":15}],"player_experience":439867,"relics_obtained":[{"floor":2,"key":"Omamori"},{"floor":4,"key":"InkBottle"},{"floor":6,"key":"Anchor"},{"floor":10,"key":"Sundial"}],"event_choices":[{"damage_healed":0,"gold_gain":0,"player_choice":"Success","damage_taken":5,"relics_obtained":["Toy Ornithopter"],"max_hp_gain":0,"max_hp_loss":0,"event_name":"Scrap Ooze","floor":5,"gold_loss":0}],"is_beta":false,"boss_relics":[],"items_purged_floors":[],"is_endless":false,"potions_floor_spawned":[2,6,11],"killed_by":"downfall:Defect","ascension_level":16}}