{"host":"9iosvng142x134hb","time":1608426156,"event":{"mods":["AchievementEnabler","Act Like it!","BaseMod","Colored Powertips","Force Act Four","Googly Eyes","Hero for Fun","Minty Spire (QoL Compilation)","Relic Stats","StSLib"],"gold_per_floor":[19,19,37,56,68,68,103,115,115,115,150,150,165,184,184,280,280,292,292,310,320,137,171,183,209,232,246,246,274,293,303,303,400,400,419,436,455,475,488,488,498,498,525,550,550,585,600,618,618,618,618,618,9,38,38],"floor_reached":56,"playtime":940,"items_purged":["Defend_Y"],"score":1814,"play_id":"6238adda-0989-4ac3-9fe1-a591cc3ba13b","local_time":"20201219200236","is_ascension_mode":false,"campfire_choices":[{"floor":6.0,"key":"RECALL"},{"data":"Get_Hopes_Up","floor":12.0,"key":"SMITH"},{"data":"Ignore","floor":15.0,"key":"SMITH"},{"data":"Serious_Punch","floor":32.0,"key":"SMITH"},{"data":"Consecutive_Normal_Punch","floor":40,"key":"SMITH"},{"data":"Bite","floor":45,"key":"SMITH"},{"data":"Bite","floor":49,"key":"SMITH"},{"data":"Dramatic Entrance","floor":52,"key":"SMITH"}],"circlet_count":0,"master_deck":["Defend_Y","Do_Nothing","Wear_Disguise+1","Ignore+1","Toss_Stone","Consecutive_Normal_Punch","Slap","Get_Hopes_Up+1","Slap","Slap","Serious_Punch","Terrifying_Presence+1","Normal_Punch+1","Do_Nothing+1","Toss_Stone+1","Bite+1","Bite","Bite","Bite","Bite+1","Side_Hop+1","Hop","Yawn","Serious_Punch+1","Oh","Consecutive_Normal_Punch+1","Normal_Punch","Get_Hopes_Up","Consecutive_Normal_Punch+1","Normal_Punch+1","Flash of Steel","Dramatic Entrance+1","Side_Hop+1","Consecutive_Normal_Punch","Slap+1","Normal_Punch+1","Consecutive_Normal_Punch","Normal_Punch","Side_Hop","Wear_Disguise","Hop","Violence","Swift Strike","Normal_Punch"],"relics":["Cape","Lizard Tail","Strawberry","Astrolabe","CaptainsWheel","Toy Ornithopter","Happy Flower","Enchiridion","Pen Nib","Runic Dome","Oddly Smooth Stone","Letter Opener","Centennial Puzzle","Gremlin Horn"],"acts_visited":["Exordium","TheCity","TheBeyond","TheEnding"],"potions_floor_usage":[],"damage_taken":[{"damage":0.0,"enemies":"Small Slimes","floor":1.0,"turns":1.0},{"damage":0.0,"enemies":"Cultist","floor":3.0,"turns":1.0},{"damage":0.0,"enemies":"2 Louse","floor":4.0,"turns":1.0},{"damage":0.0,"enemies":"Exordium Wildlife","floor":5.0,"turns":1.0},{"damage":0.0,"enemies":"Gremlin Nob","floor":7.0,"turns":1.0},{"damage":0.0,"enemies":"Blue Slaver","floor":8.0,"turns":1.0},{"damage":0.0,"enemies":"3 Sentries","floor":11.0,"turns":2.0},{"damage":0.0,"enemies":"Exordium Thugs","floor":13.0,"turns":2.0},{"damage":0.0,"enemies":"Looter","floor":14.0,"turns":1.0},{"damage":0.0,"enemies":"The Guardian","floor":16.0,"turns":1.0},{"damage":0.0,"enemies":"Spheric Guardian","floor":18.0,"turns":1.0},{"damage":0.0,"enemies":"2 Thieves","floor":20.0,"turns":1.0},{"damage":0.0,"enemies":"Chosen and Byrds","floor":21.0,"turns":1.0},{"damage":0.0,"enemies":"Book of Stabbing","floor":23.0,"turns":1.0},{"damage":0.0,"enemies":"Sentry and Sphere","floor":24.0,"turns":1.0},{"damage":0.0,"enemies":"Slavers","floor":25.0,"turns":2.0},{"damage":0.0,"enemies":"Snecko","floor":27.0,"turns":1.0},{"damage":0.0,"enemies":"Book of Stabbing","floor":29.0,"turns":1.0},{"damage":0.0,"enemies":"Chosen and Byrds","floor":30.0,"turns":1.0},{"damage":0.0,"enemies":"Snake Plant","floor":31.0,"turns":1.0},{"damage":0.0,"enemies":"Automaton","floor":33.0,"turns":1.0},{"damage":0.0,"enemies":"Orb Walker","floor":35.0,"turns":1.0},{"damage":0.0,"enemies":"3 Shapes","floor":36.0,"turns":1.0},{"damage":0.0,"enemies":"3 Darklings","floor":37.0,"turns":1.0},{"damage":0.0,"enemies":"Spire Growth","floor":38.0,"turns":1.0},{"damage":0.0,"enemies":"Transient","floor":39.0,"turns":1.0},{"damage":0,"enemies":"Sphere and 2 Shapes","floor":41,"turns":1},{"damage":0,"enemies":"Reptomancer","floor":44,"turns":1},{"damage":0,"enemies":"Nemesis","floor":46,"turns":1},{"damage":0,"enemies":"Spire Growth","floor":47,"turns":1},{"damage":0,"enemies":"4 Shapes","floor":48,"turns":1},{"damage":0,"enemies":"Time Eater","floor":50,"turns":1},{"damage":0,"enemies":"Shield and Spear","floor":54,"turns":1},{"damage":0,"enemies":"The Heart","floor":55,"turns":17}],"seed_played":"2676569438728772676","potions_obtained":[{"floor":1.0,"key":"Regen Potion"},{"floor":2.0,"key":"Explosive Potion"},{"floor":2.0,"key":"EssenceOfSteel"},{"floor":14.0,"key":"Block Potion"},{"floor":16.0,"key":"SkillPotion"},{"floor":20.0,"key":"BlessingOfTheForge"},{"floor":30.0,"key":"PowerPotion"}],"is_trial":false,"path_per_floor":["M","?","M","M","M","R","E","M","T","?","E","R","M","M","R","B",null,"M","?","M","M","$","E","M","E","T","M","?","E","M","M","R","B",null,"M","M","M","M","M","R","M","?","T","E","R","E","M","M","R","B",null,"R","$","E","B",null],"character_chosen":"OPM","items_purchased":["Yawn","Serious_Punch","Consecutive_Normal_Punch","Normal_Punch","Side_Hop","Wear_Disguise","Hop","Violence","Swift Strike"],"campfire_rested":0,"item_purchase_floors":[22,22,53,53,53,53,53,53,53],"current_hp_per_floor":[1098,1098,1098,1098,1098,1098,1098,1098,1098,1098,1105,1105,1105,1105,1105,1105,1105,1105,773,773,773,773,773,773,773,773,773,773,773,773,773,773,773,773,773,773,773,773,773,773,773,773,773,773,773,773,773,773,773,773,773,773,773,773,773],"gold":38,"neow_bonus":"TEN_PERCENT_HP_BONUS","is_daily":false,"chose_seed":false,"campfire_upgraded":7,"win_rate":0.0,"timestamp":1608426156,"path_taken":["M","?","M","M","M","R","E","?","T","?","E","R","M","M","R","BOSS","M","?","M","M","$","E","M","E","T","M","?","E","M","M","R","BOSS","M","M","M","M","M","R","M","?","T","E","R","E","M","M","R","BOSS","R","$","E","BOSS"],"items_purchased_type":["Card","Card","Card","Card","Card","Card","Card","Card","Card"],"build_version":"2020-12-13","purchased_purges":1,"victory":true,"max_hp_per_floor":[1098,1098,1098,1098,1098,1098,1098,1098,1098,1098,1105,1105,1105,1105,1105,1105,1105,1105,773,773,773,773,773,773,773,773,773,773,773,773,773,773,773,773,773,773,773,773,773,773,773,773,773,773,773,773,773,773,773,773,773,773,773,773,773],"relic_stats":{"Lizard Tail":0,"Centennial Puzzle":[0],"Happy Flower":[11],"Gremlin Horn":[0,0],"counters":[34,53],"Astrolabe":["Terrifying_Presence","Normal_Punch","Do_Nothing"],"Pen Nib":[2],"Letter Opener":[0],"obtain_stats":[{"Happy Flower":26,"Gremlin Horn":54,"Astrolabe":17,"Enchiridion":28,"Oddly Smooth Stone":43,"Pen Nib":29,"Letter Opener":44,"Cape":0,"Runic Dome":34,"Lizard Tail":7,"CaptainsWheel":23,"Centennial Puzzle":46,"Strawberry":11,"Toy Ornithopter":25},{"Happy Flower":16,"Gremlin Horn":33,"Astrolabe":10,"Enchiridion":17,"Oddly Smooth Stone":27,"Pen Nib":18,"Letter Opener":28,"Cape":0,"Runic Dome":21,"Lizard Tail":5,"CaptainsWheel":14,"Centennial Puzzle":29,"Strawberry":7,"Toy Ornithopter":16},{"Happy Flower":19,"Gremlin Horn":36,"Astrolabe":12,"Enchiridion":20,"Oddly Smooth Stone":30,"Pen Nib":21,"Letter Opener":31,"Cape":0,"Runic Dome":24,"Lizard Tail":5,"CaptainsWheel":16,"Centennial Puzzle":32,"Strawberry":8,"Toy Ornithopter":19}],"Toy Ornithopter":0},"card_choices":[{"not_picked":["Side_Hop","Hop"],"picked":"Do_Nothing","floor":1.0},{"not_picked":["Consecutive_Normal_Punch","Slap"],"picked":"Wear_Disguise","floor":3.0},{"not_picked":["Consecutive_Normal_Punch","Slap"],"picked":"Ignore","floor":4.0},{"not_picked":["Wear_Disguise","Do_Nothing"],"picked":"Toss_Stone","floor":5.0},{"not_picked":["Side_Hop","Wear_Disguise"],"picked":"Consecutive_Normal_Punch","floor":7.0},{"not_picked":["Ignore","Side_Hop"],"picked":"Slap","floor":8.0},{"not_picked":["Do_Nothing","Side_Hop"],"picked":"Get_Hopes_Up","floor":11.0},{"not_picked":["Hop","Toss_Stone"],"picked":"Slap","floor":13.0},{"not_picked":["Yawn","Toss_Stone"],"picked":"Slap","floor":14.0},{"not_picked":["Oh","Get_Hopes_Up"],"picked":"Serious_Punch","floor":16.0},{"not_picked":["Slap","Side_Hop"],"picked":"Toss_Stone+1","floor":18.0},{"not_picked":["Slap","Ignore"],"picked":"Side_Hop+1","floor":20.0},{"not_picked":["Consecutive_Normal_Punch","Toss_Stone"],"picked":"Hop","floor":21.0},{"not_picked":["Yawn","Side_Hop"],"picked":"Oh","floor":23.0},{"not_picked":["Yawn","Toss_Stone","Slap"],"picked":"SKIP","floor":24.0},{"not_picked":["Toss_Stone","Ignore"],"picked":"Consecutive_Normal_Punch","floor":25.0},{"not_picked":["Do_Nothing+1","Wear_Disguise","Normal_Punch"],"picked":"SKIP","floor":27.0},{"not_picked":["Slap","Hop"],"picked":"Normal_Punch","floor":29.0},{"not_picked":["Toss_Stone","Slap+1","Do_Nothing+1"],"picked":"SKIP","floor":30.0},{"not_picked":["Wear_Disguise","Side_Hop+1","Hop+1"],"picked":"SKIP","floor":31.0},{"not_picked":["Serious_Side_Hops","Oh"],"picked":"Get_Hopes_Up","floor":33.0},{"not_picked":["Normal_Punch","Ignore+1","Hop+1"],"picked":"SKIP","floor":35.0},{"not_picked":["Ignore","Yawn+1","Hop"],"picked":"SKIP","floor":36.0},{"not_picked":["Slap","Yawn","Ignore+1"],"picked":"SKIP","floor":37.0},{"not_picked":["Hop","Yawn+1"],"picked":"Consecutive_Normal_Punch+1","floor":38.0},{"not_picked":["Ignore","Oh","Hop"],"picked":"SKIP","floor":39.0},{"not_picked":["Consecutive_Normal_Punch","Hop"],"picked":"Normal_Punch+1","floor":41},{"not_picked":["Dark Shackles","Metamorphosis"],"picked":"Flash of Steel","floor":42},{"not_picked":["Magnetism","Flash of Steel"],"picked":"Dramatic Entrance","floor":42},{"not_picked":["Slap+1","Yawn"],"picked":"Side_Hop+1","floor":44},{"not_picked":["Oh","Slap"],"picked":"Consecutive_Normal_Punch","floor":46},{"not_picked":["Consecutive_Normal_Punch","Yawn+1"],"picked":"Slap+1","floor":47},{"not_picked":["Yawn+1","Do_Nothing+1"],"picked":"Normal_Punch+1","floor":48},{"not_picked":["Toss_Stone+1","Do_Nothing"],"picked":"Normal_Punch","floor":54}],"player_experience":428962,"relics_obtained":[{"floor":7.0,"key":"Lizard Tail"},{"floor":11.0,"key":"Strawberry"},{"floor":23.0,"key":"CaptainsWheel"},{"floor":25.0,"key":"Toy Ornithopter"},{"floor":26.0,"key":"Happy Flower"},{"floor":28.0,"key":"Enchiridion"},{"floor":29.0,"key":"Pen Nib"},{"floor":43,"key":"Oddly Smooth Stone"},{"floor":44,"key":"Letter Opener"},{"floor":46,"key":"Centennial Puzzle"},{"floor":54,"key":"Gremlin Horn"}],"event_choices":[{"damage_healed":0.0,"max_hp_gain":0.0,"max_hp_loss":0.0,"gold_gain":0.0,"event_name":"Lab","player_choice":"Got Potions","floor":2.0,"gold_loss":0.0,"damage_taken":0.0},{"damage_healed":0.0,"max_hp_gain":0.0,"max_hp_loss":0.0,"gold_gain":0.0,"event_name":"Shining Light","player_choice":"Entered Light","floor":10.0,"gold_loss":0.0,"damage_taken":220.0,"cards_upgraded":["Wear_Disguise","Strike_Y"]},{"damage_healed":0.0,"max_hp_gain":0.0,"max_hp_loss":332.0,"gold_gain":0.0,"event_name":"Vampires","player_choice":"Became a vampire","floor":19.0,"gold_loss":0.0,"damage_taken":0.0,"cards_obtained":["Bite","Bite","Bite","Bite","Bite"]},{"damage_healed":0.0,"max_hp_gain":0.0,"max_hp_loss":0.0,"gold_gain":0.0,"event_name":"Cursed Tome","player_choice":"Obtained Book","floor":28.0,"gold_loss":0.0,"damage_taken":16.0},{"damage_healed":0,"gold_gain":0,"player_choice":"Memory 3","damage_taken":10,"max_hp_gain":0,"max_hp_loss":0,"event_name":"SensoryStone","floor":42,"gold_loss":0}],"is_beta":false,"boss_relics":[{"not_picked":["Runic Pyramid","Cursed Key"],"picked":"Astrolabe"},{"not_picked":["Empty Cage","Coffee Dripper"],"picked":"Runic Dome"}],"items_purged_floors":[53],"is_endless":false,"potions_floor_spawned":[1,4,8,14,16,20,23,30,31,37,38,47,48,54],"ascension_level":0}}