{"host":"xd92u7alcwi518yp","time":1608449175,"event":{"mods":["BaseMod","BetterRewards","Colored Map","Colored Powertips","Minty Spire (QoL Compilation)","Quick Restart","StSLib","The Dragon Tamer"],"gold_per_floor":[112,127,143,160,171,171,200,200,200,230,246,274,449,449,449,554,554,572,591,603,114,114,114,114,124,150,100,126,153,153,173,173,279,351,453,587,587,681,322,322,438,537,537,537,632,632,632,32,32,32,32,32],"floor_reached":50,"playtime":5300,"items_purged":["Doubt"],"score":719,"play_id":"8abfed83-7d6f-48ce-af2b-0d7118fe896f","local_time":"20201219232615","is_ascension_mode":false,"metric_token":531,"campfire_choices":[{"data":"DTMod:SwitchingTactic","floor":6,"key":"SMITH"},{"data":"DTMod:BlueScale","floor":8,"key":"SMITH"},{"floor":15,"key":"REST"},{"data":"DTMod:SealedStrike","floor":23,"key":"SMITH"},{"data":"DTMod:SealedStrike+1","floor":30,"key":"SMITH"},{"data":"DTMod:SealedStrike+2","floor":32,"key":"SMITH"},{"floor":40,"key":"RECALL"},{"data":"DTMod:SealedStrike+3","floor":44,"key":"SMITH"},{"floor":46,"key":"REST"},{"data":"DTMod:SealedStrike+4","floor":49,"key":"SMITH"}],"dtmod_dragon_data":[0,50,1,4,12,5],"circlet_count":0,"master_deck":["DTMod:DoubleHit+1","DTMod:SwitchingTactic+1","Enlightenment+1","DTMod:HeatWave+1","DTMod:ComboAttack+1","DTMod:Weaken+1","DTMod:TauntingStrike+1","DTMod:BlueScale+1","DTMod:PurifyingFlame+1","DTMod:SneakAttack+1","DTMod:ComboAttack+1","DTMod:OpeningTactic+1","DTMod:SealedStrike+5","DTMod:Punisher+1","DTMod:DragonDance+1","J.A.X.+1","DTMod:EchoTactic+1","DTMod:BizarreTactic+1","DTMod:CrossStep+1","DTMod:DarkBreath+1","DTMod:HeadStart+1","DTMod:RunningTactic+1","DTMod:BurningForce+1","DTMod:RepeatStrike+1","DTMod:LowKick+1","DTMod:Haste+1","DTMod:HeadStart+1","DTMod:BuildUp+1","DTMod:EchoTactic+1","DTMod:ForkedFire+1","DTMod:MasterPlan+1","DTMod:CalculatedDefense+1","DTMod:EchoTactic+1","DTMod:Weaken+1","DTMod:CleansingStrike+1","DTMod:GearUp+1","DTMod:DragonDance+1","DTMod:HeadStart+1"],"relics":["DTMod:MagicStone","Calipers","Matryoshka","Anchor","Singing Bowl","DTMod:DragonFood","Pen Nib","Bag of Preparation","Frozen Egg 2","Omamori","Smiling Mask","CeramicFish","Happy Flower","Pandora\u0027s Box","WingedGreaves","Incense Burner","Toxic Egg 2","HornCleat","Bird Faced Urn","DTMod:TacticalNote","Strange Spoon"],"acts_visited":["Exordium","TheCity","TheBeyond"],"potions_floor_usage":[7,7,10,16,19,25,25,29,42,50],"damage_taken":[{"damage":0,"enemies":"Jaw Worm","floor":1,"turns":3},{"damage":0,"enemies":"2 Louse","floor":2,"turns":3},{"damage":0,"enemies":"Small Slimes","floor":3,"turns":3},{"damage":0,"enemies":"Exordium Wildlife","floor":4,"turns":5},{"damage":0,"enemies":"Large Slime","floor":5,"turns":5},{"damage":0,"enemies":"3 Sentries","floor":7,"turns":11},{"damage":3,"enemies":"Lagavulin","floor":10,"turns":8},{"damage":7,"enemies":"Exordium Thugs","floor":11,"turns":5},{"damage":1,"enemies":"Gremlin Nob","floor":12,"turns":4},{"damage":15,"enemies":"Slime Boss","floor":16,"turns":10},{"damage":0,"enemies":"Chosen","floor":18,"turns":5},{"damage":0,"enemies":"Shell Parasite","floor":19,"turns":7},{"damage":6,"enemies":"Centurion and Healer","floor":20,"turns":7},{"damage":14,"enemies":"Snake Plant","floor":25,"turns":4},{"damage":0,"enemies":"Cultist and Chosen","floor":28,"turns":6},{"damage":5,"enemies":"Centurion and Healer","floor":29,"turns":5},{"damage":7,"enemies":"Snecko","floor":31,"turns":4},{"damage":33,"enemies":"Champ","floor":33,"turns":10},{"damage":2,"enemies":"3 Darklings","floor":35,"turns":6},{"damage":0,"enemies":"Mind Bloom Boss Battle","floor":36,"turns":5},{"damage":5,"enemies":"3 Shapes","floor":38,"turns":3},{"damage":10,"enemies":"Giant Head","floor":41,"turns":6},{"damage":23,"enemies":"Sphere and 2 Shapes","floor":42,"turns":4},{"damage":0,"enemies":"Writhing Mass","floor":45,"turns":5},{"damage":80,"enemies":"Time Eater","floor":50,"turns":7}],"seed_played":"4897289952376058187","potions_obtained":[{"floor":1,"key":"Regen Potion"},{"floor":7,"key":"Block Potion"},{"floor":11,"key":"Explosive Potion"},{"floor":12,"key":"SkillPotion"},{"floor":16,"key":"Strength Potion"},{"floor":19,"key":"SneckoOil"},{"floor":25,"key":"PowerPotion"},{"floor":31,"key":"FairyPotion"},{"floor":33,"key":"SpeedPotion"},{"floor":38,"key":"GamblersBrew"},{"floor":45,"key":"SkillPotion"}],"is_trial":false,"path_per_floor":["M","M","M","M","M","R","E","R","T","E","M","E","?","?","R","B",null,"M","M","M","$","?","R","?","M","T","?","M","M","R","M","R","B",null,"M","?","?","M","$","R","E","M","T","R","M","R","T","$","R","B"],"character_chosen":"THE_DT","items_purchased":["Matryoshka","BlessingOfTheForge","Frozen Egg 2","Omamori","DTMod:EchoTactic","Incense Burner","DTMod:DragonDance+1","DTMod:TacticalNote","Strange Spoon","DTMod:HeadStart+1"],"campfire_rested":2,"item_purchase_floors":[0,0,21,21,39,39,48,48,48,48],"current_hp_per_floor":[27,27,27,27,27,27,40,40,40,37,30,29,29,17,29,14,40,42,42,36,36,36,36,36,28,28,28,35,37,37,35,35,9,42,40,42,42,37,37,37,32,16,16,16,23,35,35,35,35,0,0,0],"gold":32,"neow_bonus":"","is_daily":false,"chose_seed":false,"campfire_upgraded":7,"win_rate":0.0,"timestamp":1608449175,"path_taken":["M","M","M","M","M","R","E","R","T","E","M","E","?","?","R","BOSS","M","M","M","$","?","R","?","M","T","?","?","M","R","M","R","BOSS","M","?","?","?","?","R","E","M","T","R","M","R","?","$","R","BOSS"],"items_purchased_type":["Relic","Potion","Relic","Relic","Card","Relic","Card","Relic","Relic","Card"],"build_version":"2020-12-13","purchased_purges":1,"victory":false,"max_hp_per_floor":[40,40,40,40,40,40,40,40,40,40,40,40,40,40,40,40,40,42,42,42,42,42,42,42,42,42,42,42,42,42,42,42,42,42,42,42,42,42,42,42,42,42,42,42,42,42,42,42,42,42,42,42],"card_choices":[{"not_picked":["DTMod:QuickFly","DTMod:Weaken"],"picked":"DTMod:HeatWave","floor":1},{"not_picked":["DTMod:Coolant","DTMod:BlazingStrike"],"picked":"DTMod:ComboAttack","floor":2},{"not_picked":["DTMod:Threaten","DTMod:BurningEnergy"],"picked":"DTMod:Weaken","floor":3},{"not_picked":["DTMod:BlazingStrike","DTMod:Multitask"],"picked":"DTMod:TauntingStrike","floor":4},{"not_picked":["DTMod:Astonish","DTMod:ForkedFire"],"picked":"DTMod:BlueScale","floor":5},{"not_picked":["DTMod:BurningForce","DTMod:FlameSlash"],"picked":"DTMod:PurifyingFlame","floor":7},{"not_picked":["DTMod:HeatWave","DTMod:BreakAttack"],"picked":"DTMod:SneakAttack","floor":10},{"not_picked":["DTMod:GhostSkin","DTMod:TauntingStrike"],"picked":"DTMod:ComboAttack","floor":11},{"not_picked":["DTMod:Feint","DTMod:Hide"],"picked":"DTMod:OpeningTactic","floor":12},{"not_picked":["DTMod:Harmonize","DTMod:OpeningTactic"],"picked":"DTMod:SealedStrike","floor":16},{"not_picked":["DTMod:Threaten","DTMod:Punisher","DTMod:MasterPlan"],"picked":"Singing Bowl","floor":18},{"not_picked":["DTMod:HeatWave","DTMod:BuildUp"],"picked":"DTMod:Punisher+1","floor":19},{"not_picked":["DTMod:LastStand+1","DTMod:PurifyingFlame"],"picked":"DTMod:DragonDance","floor":20},{"not_picked":["DTMod:Punisher","DTMod:InvisibleFlame+1"],"picked":"DTMod:EchoTactic","floor":25},{"not_picked":["DTMod:HeatWave","DTMod:Hide"],"picked":"DTMod:BizarreTactic+1","floor":28},{"not_picked":["DTMod:BlazingStrike+1","DTMod:BurningEnergy+1"],"picked":"DTMod:CrossStep+1","floor":29},{"not_picked":["DTMod:BlazingStrike+1","DTMod:Observe"],"picked":"DTMod:DarkBreath+1","floor":31},{"not_picked":["DTMod:Inferno","DTMod:StunTrap"],"picked":"DTMod:HeadStart","floor":33},{"not_picked":["DTMod:Hide","DTMod:Punisher"],"picked":"DTMod:ForkedFire+1","floor":35},{"not_picked":["DTMod:BuildUp","DTMod:Feint"],"picked":"DTMod:MasterPlan+1","floor":36},{"not_picked":["DTMod:MasterPlan+1","DTMod:BuildUp"],"picked":"DTMod:CalculatedDefense+1","floor":38},{"not_picked":["DTMod:DarkBreath","DTMod:Cover+1"],"picked":"DTMod:Weaken+1","floor":41},{"not_picked":["DTMod:WarmUp+1","DTMod:TauntingStrike"],"picked":"DTMod:CleansingStrike","floor":42},{"not_picked":["DTMod:BurningEnergy+1","DTMod:PurifyingFlame"],"picked":"DTMod:GearUp+1","floor":45}],"player_experience":348565,"relics_obtained":[{"floor":7,"key":"Anchor"},{"floor":9,"key":"Singing Bowl"},{"floor":10,"key":"DTMod:DragonFood"},{"floor":12,"key":"Pen Nib"},{"floor":26,"key":"CeramicFish"},{"floor":26,"key":"Happy Flower"},{"floor":36,"key":"WingedGreaves"},{"floor":41,"key":"Toxic Egg 2"},{"floor":43,"key":"HornCleat"},{"floor":47,"key":"Bird Faced Urn"}],"event_choices":[{"damage_healed":0,"gold_gain":175,"player_choice":"AGREE","damage_taken":0,"max_hp_gain":0,"max_hp_loss":0,"event_name":"Liars Game","floor":13,"gold_loss":0,"cards_obtained":["Doubt"]},{"damage_healed":0,"gold_gain":0,"player_choice":"Success","damage_taken":12,"relics_obtained":["Bag of Preparation"],"max_hp_gain":0,"max_hp_loss":0,"event_name":"Scrap Ooze","floor":14,"gold_loss":0},{"damage_healed":0,"gold_gain":0,"player_choice":"Opened","damage_taken":0,"relics_obtained":["Smiling Mask"],"max_hp_gain":0,"max_hp_loss":0,"event_name":"The Mausoleum","floor":22,"gold_loss":0},{"damage_healed":0,"gold_gain":0,"player_choice":"Obtain J.A.X.","damage_taken":0,"max_hp_gain":0,"max_hp_loss":0,"event_name":"Drug Dealer","floor":24,"gold_loss":0,"cards_obtained":["J.A.X."]},{"damage_healed":0,"gold_gain":0,"player_choice":"Bet on Murderer","damage_taken":0,"max_hp_gain":0,"max_hp_loss":0,"event_name":"The Joust","floor":27,"gold_loss":50},{"damage_healed":0,"gold_gain":0,"player_choice":"Fight","damage_taken":0,"max_hp_gain":0,"max_hp_loss":0,"event_name":"MindBloom","floor":36,"gold_loss":0},{"damage_healed":0,"gold_gain":0,"player_choice":"Ignored","damage_taken":0,"max_hp_gain":0,"max_hp_loss":0,"event_name":"Tomb of Lord Red Mask","floor":37,"gold_loss":0}],"is_beta":false,"boss_relics":[{"not_picked":["Tiny House","Philosopher\u0027s Stone"],"picked":"DTMod:MagicStone"},{"not_picked":["Runic Dome","Black Star"],"picked":"Pandora\u0027s Box"}],"items_purged_floors":[21],"is_endless":false,"potions_floor_spawned":[1,7,11,12,16,19,25,31,33,38,45],"killed_by":"Time Eater","ascension_level":0}}