{"host":"27cnk69rbdk9vsnt","time":1608491185,"event":{"mods":["BaseMod","CatGirl Mod","Ekko","Energized Spire","JesterMod","Mimic Mod","Minty Spire (QoL Compilation)","Shade Mod","Shop Mod","StSLib","The Spell Scribe","Thieving Mod"],"gold_per_floor":[110,110,126,137,153,185,201,20,43,62,80,80,107,107,107,204,204,223,236,236,263,263,263],"floor_reached":22,"playtime":2858,"items_purged":[],"score":248,"play_id":"0b665975-0396-46fa-bce2-5a4cb840efb2","local_time":"20201220200625","is_ascension_mode":false,"campfire_choices":[{"data":"theScribe:Insight","floor":12.0,"key":"SMITH"},{"data":"theScribe:ScrollOfScrying","floor":15.0,"key":"SMITH"}],"circlet_count":0,"master_deck":["theScribe:StarterAttack","theScribe:StarterAttack","theScribe:LightningStrike","theScribe:LightningStrike","theScribe:StarterDefend","theScribe:StarterDefend","theScribe:StarterDefend+1","theScribe:IcyDefend","theScribe:IcyDefend","theScribe:StarterModifier","theScribe:PiercingBolts","theScribe:CripplingCharge","theScribe:BluntWeapons+1","theScribe:LiquidumScroll","theScribe:StaticSeries","theScribe:EnchantedStrike","theScribe:WeirdShield","theScribe:FalseLife","theScribe:Insight+1","theScribe:ScrollOfScrying+1","theScribe:AbsoluteZero","theScribe:WeirdBlast+1","theScribe:InvigoratingStrike+1","theScribe:ForkedBolt","theScribe:SacrificeRitual+1"],"relics":["theScribe:StarterRelic1","Bird Faced Urn","Mango","Juzu Bracelet","War Paint","Regal Pillow","energizedSpire:OgreHead","Red Mask"],"acts_visited":["Exordium","TheCity"],"potions_floor_usage":[18,19,22],"damage_taken":[{"damage":1.0,"enemies":"Cultist","floor":1.0,"turns":4.0},{"damage":1.0,"enemies":"Jaw Worm","floor":3.0,"turns":5.0},{"damage":1.0,"enemies":"2 Louse","floor":4.0,"turns":5.0},{"damage":32.0,"enemies":"Red Slaver","floor":5.0,"turns":8.0},{"damage":16.0,"enemies":"Lagavulin","floor":6.0,"turns":7.0},{"damage":9.0,"enemies":"3 Louse","floor":7.0,"turns":6.0},{"damage":8.0,"enemies":"Exordium Thugs","floor":10.0,"turns":3.0},{"damage":28.0,"enemies":"Gremlin Gang","floor":11.0,"turns":9.0},{"damage":16.0,"enemies":"3 Sentries","floor":13.0,"turns":14.0},{"damage":92,"enemies":"The Guardian","floor":16,"turns":15},{"damage":19,"enemies":"2 Thieves","floor":18,"turns":4},{"damage":19,"enemies":"Chosen","floor":19,"turns":6},{"damage":62,"enemies":"Masked Bandits","floor":21,"turns":8},{"damage":14,"enemies":"Centurion and Healer","floor":22,"turns":4}],"seed_played":"-8155405425691915018","potions_obtained":[{"floor":1.0,"key":"DistilledChaos"},{"floor":4.0,"key":"FairyPotion"},{"floor":5.0,"key":"Block Potion"},{"floor":11.0,"key":"Swift Potion"},{"floor":13.0,"key":"Explosive Potion"},{"floor":21,"key":"Block Potion"}],"is_trial":false,"path_per_floor":["M","T","M","M","M","E","M","$","T","M","M","R","E","?","R","B",null,"M","M","?","?","M"],"character_chosen":"THE_SCRIBE","items_purchased":["Juzu Bracelet","theScribe:WeirdShield"],"campfire_rested":0,"item_purchase_floors":[8,8],"current_hp_per_floor":[81,81,80,79,49,51,44,44,44,38,12,12,28,96,96,6,96,77,62,62,4,0,0],"gold":263,"neow_bonus":"TEN_PERCENT_HP_BONUS","is_daily":false,"chose_seed":false,"campfire_upgraded":2,"win_rate":0.0,"timestamp":1608491185,"path_taken":["M","?","M","M","M","E","M","?","T","M","M","R","E","?","R","BOSS","M","M","?","?","M"],"items_purchased_type":["Relic","Card"],"build_version":"2020-12-13","purchased_purges":0,"victory":false,"max_hp_per_floor":[82,82,82,82,82,96,96,96,96,96,96,96,96,96,96,96,96,96,96,96,96,96,96],"card_choices":[{"not_picked":["theScribe:AmplifyingSpellstone","theScribe:Thwack"],"picked":"theScribe:PiercingBolts","floor":1.0},{"not_picked":["theScribe:InvigoratingStrike","theScribe:TelumSpellstone"],"picked":"theScribe:CripplingCharge","floor":3.0},{"not_picked":["theScribe:RecklessResponse","theScribe:Focused"],"picked":"theScribe:BluntWeapons","floor":4.0},{"not_picked":["theScribe:BluntWeapons","theScribe:CripplingCharge"],"picked":"theScribe:LiquidumScroll","floor":5.0},{"not_picked":["theScribe:AbsoluteZero","theScribe:GatherComponents"],"picked":"theScribe:StaticSeries","floor":6.0},{"not_picked":["theScribe:ArcaneBarrier","theScribe:FocusingBlow"],"picked":"theScribe:EnchantedStrike","floor":7.0},{"not_picked":["theScribe:MirrorImage","theScribe:InvigoratingStrike"],"picked":"theScribe:FalseLife","floor":10.0},{"not_picked":["theScribe:Meditate","theScribe:Overcharge"],"picked":"theScribe:Insight","floor":11.0},{"not_picked":["theScribe:LightningBlade","theScribe:Thwack"],"picked":"theScribe:ScrollOfScrying","floor":13.0},{"not_picked":["theScribe:BloodMagicks","theScribe:ForkedBolt"],"picked":"theScribe:AbsoluteZero","floor":16},{"not_picked":["theScribe:BlankScroll","theScribe:Frost"],"picked":"theScribe:WeirdBlast+1","floor":18},{"not_picked":["theScribe:BluntWeapons+1","theScribe:ScindoSpellstone"],"picked":"theScribe:InvigoratingStrike+1","floor":19},{"not_picked":["theScribe:FocusingBlow","theScribe:Frost"],"picked":"theScribe:SacrificeRitual+1","floor":21}],"player_experience":467168,"relics_obtained":[{"floor":2.0,"key":"Bird Faced Urn"},{"floor":6.0,"key":"Mango"},{"floor":9.0,"key":"War Paint"},{"floor":13.0,"key":"Regal Pillow"},{"floor":21,"key":"Red Mask"}],"event_choices":[{"damage_healed":68.0,"max_hp_gain":0.0,"max_hp_loss":0.0,"gold_gain":0.0,"event_name":"Wheel of Change","player_choice":"Full Heal","floor":14.0,"gold_loss":0.0,"damage_taken":0.0},{"damage_healed":0,"gold_gain":0,"player_choice":"Read","damage_taken":0,"max_hp_gain":0,"max_hp_loss":0,"event_name":"The Library","floor":20,"gold_loss":0,"cards_obtained":["theScribe:ForkedBolt"]},{"damage_healed":0,"gold_gain":0,"player_choice":"Fought Bandits","damage_taken":0,"max_hp_gain":0,"max_hp_loss":0,"event_name":"Masked Bandits","floor":21,"gold_loss":0}],"is_beta":false,"boss_relics":[{"not_picked":["energizedSpire:SpiderWeb","Pandora\u0027s Box"],"picked":"energizedSpire:OgreHead"}],"items_purged_floors":[],"is_endless":false,"potions_floor_spawned":[1,4,5,11,13,21],"killed_by":"Centurion and Healer","ascension_level":0}}