{"host":"swphzoo6hmc78epl","time":1608442177,"event":{"mods":["BaseMod","Highlight Path","Minty Spire (QoL Compilation)","Quick Restart"],"gold_per_floor":[115,115,66,77,92,92,116,132,132,149,162,182,192,208,208,310,310,324,342,342,342,358,358,358],"floor_reached":23,"playtime":1151,"items_purged":[],"score":217,"play_id":"17a54239-b4dd-4ebd-a1ba-e918f653dbac","local_time":"20201220002937","is_ascension_mode":true,"campfire_choices":[{"data":"Poisoned Stab","floor":6,"key":"SMITH"},{"data":"Choke","floor":15,"key":"SMITH"}],"circlet_count":0,"master_deck":["Strike_G","Strike_G","Strike_G","Defend_G","Defend_G","Defend_G","Defend_G","Defend_G","Survivor","Neutralize","Heel Hook","Dagger Spray","Flying Knee","Poisoned Stab+1","Choke+1","Poisoned Stab","Well Laid Plans","Slice","Cloak And Dagger","Leg Sweep","Wraith Form v2","CurseOfTheBell","Riddle With Holes+1","Outmaneuver","Noxious Fumes","Slice+1","Bane+1"],"relics":["Ring of the Snake","NeowsBlessing","Odd Mushroom","Ice Cream","Calling Bell","Bag of Preparation","Molten Egg 2","Incense Burner","Nilry\u0027s Codex"],"acts_visited":["Exordium","TheCity"],"potions_floor_usage":[7,11,16,19,22,22],"damage_taken":[{"damage":0,"enemies":"Jaw Worm","floor":1,"turns":1},{"damage":0,"enemies":"Cultist","floor":4,"turns":1},{"damage":0,"enemies":"2 Louse","floor":5,"turns":1},{"damage":10,"enemies":"The Mushroom Lair","floor":7,"turns":3},{"damage":0,"enemies":"2 Fungi Beasts","floor":8,"turns":3},{"damage":0,"enemies":"Large Slime","floor":10,"turns":4},{"damage":6,"enemies":"Exordium Thugs","floor":11,"turns":4},{"damage":7,"enemies":"3 Louse","floor":12,"turns":3},{"damage":2,"enemies":"Lots of Slimes","floor":13,"turns":2},{"damage":1,"enemies":"2 Fungi Beasts","floor":14,"turns":3},{"damage":28,"enemies":"Slime Boss","floor":16,"turns":12},{"damage":12,"enemies":"Chosen","floor":18,"turns":5},{"damage":28,"enemies":"Spheric Guardian","floor":19,"turns":7},{"damage":0,"enemies":"Snecko","floor":22,"turns":5},{"damage":32,"enemies":"Slavers","floor":23,"turns":2}],"seed_played":"5415925116463044473","potions_obtained":[{"floor":1,"key":"Energy Potion"},{"floor":7,"key":"Energy Potion"},{"floor":8,"key":"Poison Potion"},{"floor":10,"key":"CunningPotion"},{"floor":18,"key":"Energy Potion"},{"floor":19,"key":"Regen Potion"}],"is_trial":false,"path_per_floor":["M","?","$","M","M","R","?","M","T","M","M","M","M","M","R","B",null,"M","M","?","?","M","E"],"character_chosen":"THE_SILENT","items_purchased":["Dagger Spray"],"campfire_rested":0,"item_purchase_floors":[3],"current_hp_per_floor":[70,70,70,70,70,70,60,60,60,60,54,47,45,44,44,16,70,58,30,30,14,28,0,0],"gold":358,"neow_bonus":"THREE_ENEMY_KILL","is_daily":false,"chose_seed":false,"campfire_upgraded":2,"win_rate":0.0,"timestamp":1608442177,"path_taken":["M","?","?","M","M","R","?","M","T","M","M","M","?","M","R","BOSS","M","M","?","?","M","E"],"items_purchased_type":["Card"],"build_version":"2020-12-13","purchased_purges":0,"victory":false,"max_hp_per_floor":[70,70,70,70,70,70,70,70,70,70,70,70,70,70,70,70,70,70,70,70,70,70,70,70],"card_choices":[{"not_picked":["Backstab","Dagger Throw"],"picked":"Heel Hook","floor":1},{"not_picked":["Dagger Spray","Dodge and Roll"],"picked":"Flying Knee","floor":4},{"not_picked":["Cloak And Dagger","Quick Slash"],"picked":"Poisoned Stab","floor":5},{"not_picked":["Noxious Fumes","Cloak And Dagger"],"picked":"Choke","floor":7},{"not_picked":["Finisher","Backflip"],"picked":"Poisoned Stab","floor":8},{"not_picked":["Blade Dance","Underhanded Strike"],"picked":"Well Laid Plans","floor":10},{"not_picked":["Catalyst","Heel Hook"],"picked":"Slice","floor":11},{"not_picked":["Storm of Steel","Eviscerate"],"picked":"Cloak And Dagger","floor":12},{"not_picked":["Calculated Gamble","Poisoned Stab"],"picked":"Leg Sweep","floor":13},{"not_picked":["Dagger Throw","Deflect","Cloak And Dagger"],"picked":"SKIP","floor":14},{"not_picked":["Storm of Steel","Phantasmal Killer"],"picked":"Wraith Form v2","floor":16},{"not_picked":["Dagger Spray+1","Sucker Punch+1"],"picked":"Riddle With Holes+1","floor":18},{"not_picked":["Catalyst","Riddle With Holes+1"],"picked":"Outmaneuver","floor":19},{"not_picked":["Cloak And Dagger","Prepared+1"],"picked":"Bane+1","floor":22}],"player_experience":753401,"relics_obtained":[{"floor":7,"key":"Odd Mushroom"},{"floor":9,"key":"Ice Cream"},{"floor":17,"key":"Bag of Preparation"},{"floor":17,"key":"Molten Egg 2"},{"floor":17,"key":"Incense Burner"},{"floor":21,"key":"Nilry\u0027s Codex"}],"event_choices":[{"damage_healed":0,"gold_gain":0,"player_choice":"Bought 0 Potions","damage_taken":0,"max_hp_gain":0,"max_hp_loss":0,"event_name":"The Woman in Blue","floor":2,"gold_loss":0},{"damage_healed":0,"gold_gain":0,"player_choice":"Fought Mushrooms","damage_taken":0,"max_hp_gain":0,"max_hp_loss":0,"event_name":"Mushrooms","floor":7,"gold_loss":0},{"damage_healed":0,"gold_gain":0,"cards_transformed":["Strike_G","Strike_G"],"player_choice":"Became Test Subject","damage_taken":0,"max_hp_gain":0,"max_hp_loss":0,"event_name":"Drug Dealer","floor":20,"gold_loss":0,"cards_obtained":["Noxious Fumes","Slice"]},{"damage_healed":0,"gold_gain":0,"player_choice":"Obtained Book","damage_taken":16,"max_hp_gain":0,"max_hp_loss":0,"event_name":"Cursed Tome","floor":21,"gold_loss":0}],"is_beta":false,"boss_relics":[{"not_picked":["Ectoplasm","Astrolabe"],"picked":"Calling Bell"}],"items_purged_floors":[],"is_endless":false,"potions_floor_spawned":[1,7,8,10,18,19],"killed_by":"Slavers","ascension_level":3}}