{"host":"ljavmhyz2e552xgo","time":1608507171,"event":{"mods":["BaseMod","Better Third Choice","Friendly Minions","GungeonMod","Minty Spire (QoL Compilation)","Permanent Neow","Spicy Shops","StSLib"],"gold_per_floor":[113,169,21,35,35,35,51,51,51,82,82,99,129,141,141,245,245,262,262,6,6,25,25,40,74,150,161,171,187,187,204,204,308,308,339,339,359,374,424,458,458,474,520,20,49,49,49,85,85,90],"floor_reached":51,"playtime":3175,"items_purged":["DemoMod:Strike_Huntress"],"score":942,"play_id":"02826dcf-4df4-47d4-9702-939b888d2987","local_time":"20201220173251","is_ascension_mode":false,"campfire_choices":[{"data":"DemoMod:ManualReload","floor":6,"key":"SMITH"},{"data":"DemoMod:FastSwitch","floor":8,"key":"SMITH"},{"data":"DemoMod:LifeOrb","floor":11,"key":"SMITH"},{"data":"DemoMod:Unity","floor":15,"key":"SMITH"},{"data":"DemoMod:Elimentaler","floor":23,"key":"SMITH"},{"data":"DemoMod:TableSutra","floor":30,"key":"SMITH"},{"data":"DemoMod:ConditionalReflex","floor":32,"key":"SMITH"},{"data":"DemoMod:HungryBullets","floor":41,"key":"SMITH"},{"data":"DemoMod:ChanceBullets","floor":47,"key":"SMITH"},{"data":"DemoMod:SkilledReload","floor":49,"key":"SMITH"}],"circlet_count":0,"master_deck":["DemoMod:Defend_Huntress","DemoMod:Defend_Huntress","DemoMod:Defend_Huntress","DemoMod:Defend_Huntress","DemoMod:Roll","DemoMod:ManualReload+1","DemoMod:RustySidearm","DemoMod:CrossBow","DemoMod:FastSwitch+1","DemoMod:Unity+1","DemoMod:LifeOrb+1","DemoMod:MegaHand","DemoMod:SAA","DemoMod:CombinedRifle","DemoMod:SkilledReload+1","DemoMod:Elimentaler+1","DemoMod:ConditionalReflex+1","DemoMod:HardPowerCard","DemoMod:HighKaliber","DemoMod:HungryBullets+1","DemoMod:TripleGun+1","DemoMod:HardPowerCard+1","DemoMod:TableSutra+1","DemoMod:BulletBore","DemoMod:DoubleVision","DemoMod:ChanceBullets+1","Madness","Madness","DemoMod:PotionOfGunFriendShip+1","DemoMod:Unity+1","DemoMod:DarkMarker"],"relics":["DemoMod:Dog","DemoMod:WhiteGuonStone","Regal Pillow","Eternal Feather","DemoMod:NanoMachines","DemoMod:ClearGuonStone","Orichalcum","DemoMod:Wolf","Boot","DemoMod:SerJunkan","FossilizedHelix","Gremlin Horn","Busted Crown","DemoMod:Junk","DemoMod:GlassGuonStoneRelic","DemoMod:GundromedaStrain","Darkstone Periapt","Vajra","Mango"],"acts_visited":["Exordium","TheCity","TheBeyond"],"potions_floor_usage":[29,33,37,38,43,50,50,50],"damage_taken":[{"damage":1,"enemies":"Jaw Worm","floor":1,"turns":3},{"damage":0,"enemies":"Cultist","floor":4,"turns":3},{"damage":0,"enemies":"2 Louse","floor":7,"turns":3},{"damage":7,"enemies":"3 Sentries","floor":10,"turns":2},{"damage":0,"enemies":"Exordium Wildlife","floor":12,"turns":3},{"damage":0,"enemies":"Lagavulin","floor":13,"turns":4},{"damage":7,"enemies":"Blue Slaver","floor":14,"turns":2},{"damage":18,"enemies":"The Guardian","floor":16,"turns":10},{"damage":0,"enemies":"3 Byrds","floor":18,"turns":4},{"damage":0,"enemies":"2 Thieves","floor":22,"turns":2},{"damage":0,"enemies":"Sentry and Sphere","floor":24,"turns":5},{"damage":1,"enemies":"Book of Stabbing","floor":25,"turns":5},{"damage":0,"enemies":"Snake Plant","floor":27,"turns":2},{"damage":0,"enemies":"Chosen and Byrds","floor":28,"turns":2},{"damage":0,"enemies":"Centurion and Healer","floor":29,"turns":4},{"damage":0,"enemies":"Shelled Parasite and Fungi","floor":31,"turns":4},{"damage":0,"enemies":"Champ","floor":33,"turns":8},{"damage":0,"enemies":"Orb Walker","floor":35,"turns":3},{"damage":0,"enemies":"3 Darklings","floor":37,"turns":4},{"damage":0,"enemies":"Writhing Mass","floor":38,"turns":5},{"damage":15,"enemies":"Mind Bloom Boss Battle","floor":39,"turns":5},{"damage":0,"enemies":"Reptomancer","floor":40,"turns":5},{"damage":0,"enemies":"Jaw Worm Horde","floor":42,"turns":4},{"damage":0,"enemies":"Maw","floor":43,"turns":4},{"damage":0,"enemies":"Nemesis","floor":45,"turns":5},{"damage":0,"enemies":"Giant Head","floor":48,"turns":5},{"damage":0,"enemies":"Time Eater","floor":50,"turns":8}],"seed_played":"285862215112586223","potions_obtained":[{"floor":4,"key":"Dexterity Potion"},{"floor":12,"key":"GamblersBrew"},{"floor":13,"key":"Fire Potion"},{"floor":16,"key":"Strength Potion"},{"floor":29,"key":"LiquidMemories"},{"floor":37,"key":"DemoMod:LeadSkinPotion"},{"floor":39,"key":"CultistPotion"}],"is_trial":false,"path_per_floor":["M","?","$","M","?","R","M","R","T","E","R","M","E","M","R","B",null,"M","?","$","?","M","R","M","E","T","M","M","M","R","M","R","B",null,"M","?","M","M","?","E","R","M","T","$","E","$","R","E","R","B",null],"character_chosen":"HUNTRESS","items_purchased":["DemoMod:WhiteGuonStone","DemoMod:SerJunkan","Darkstone Periapt","Vajra","DemoMod:DarkMarker","PowerPotion"],"campfire_rested":0,"item_purchase_floors":[3,20,44,44,44,44],"current_hp_per_floor":[69,65,65,65,65,65,65,65,65,58,65,65,65,58,65,47,65,65,65,65,65,65,65,65,64,64,64,64,64,65,65,65,65,65,65,57,57,57,42,42,60,60,60,60,74,74,79,79,79,79],"gold":90,"neow_bonus":"THREE_CARDS","is_daily":false,"chose_seed":false,"campfire_upgraded":10,"win_rate":0.0,"timestamp":1608507171,"path_taken":["M","?","$","M","?","R","M","R","T","E","R","M","E","M","R","BOSS","M","?","$","?","M","R","M","E","T","M","M","M","R","M","R","BOSS","M","?","M","M","?","E","R","M","T","$","E","$","R","E","R","BOSS"],"items_purchased_type":["Relic","Relic","Relic","Relic","Card","Potion"],"build_version":"2020-12-13","purchased_purges":1,"victory":true,"max_hp_per_floor":[70,65,65,65,65,65,65,65,65,65,65,65,65,65,65,65,65,65,65,65,65,65,65,65,65,65,65,65,65,65,65,65,65,65,65,65,65,65,65,65,65,65,65,65,79,79,79,79,79,79],"card_choices":[{"not_picked":["DemoMod:JK47","DemoMod:BattleInHaste"],"picked":"DemoMod:FastSwitch","floor":0},{"not_picked":["DemoMod:StickyCrossBow","DemoMod:FastSwitch"],"picked":"DemoMod:Unity","floor":1},{"not_picked":["DemoMod:Unmoved","DemoMod:DirectionalPad"],"picked":"DemoMod:LifeOrb","floor":4},{"not_picked":["DemoMod:SniperShot","DemoMod:SAA"],"picked":"DemoMod:MegaHand","floor":7},{"not_picked":["DemoMod:HuntsMan","DemoMod:Unmoved"],"picked":"DemoMod:SAA","floor":10},{"not_picked":["DemoMod:SAA","DemoMod:StickyCrossBow"],"picked":"DemoMod:CombinedRifle","floor":12},{"not_picked":["DemoMod:SAA","DemoMod:MachoBrace"],"picked":"DemoMod:SkilledReload","floor":14},{"not_picked":["DemoMod:BalloonGun","DemoMod:BSG"],"picked":"DemoMod:Elimentaler","floor":16},{"not_picked":["DemoMod:PotionOfGunFriendShip","DemoMod:Ejector"],"picked":"DemoMod:ConditionalReflex","floor":18},{"not_picked":["DemoMod:RadGun+1","DemoMod:GunstockTap"],"picked":"DemoMod:HungryBullets","floor":22},{"not_picked":["DemoMod:GunstockTap","DemoMod:AC15"],"picked":"DemoMod:TripleGun+1","floor":22},{"not_picked":["DemoMod:BattleInHaste","DemoMod:BalloonGun"],"picked":"DemoMod:HardPowerCard+1","floor":24},{"not_picked":["DemoMod:MegaHand","DemoMod:ZorGun","DemoMod:CursedBullets"],"picked":"SKIP","floor":27},{"not_picked":["DemoMod:ProbeStrike","DemoMod:BattleInHaste"],"picked":"DemoMod:TableSutra","floor":29},{"not_picked":["DemoMod:SAA","DemoMod:MegaHand"],"picked":"DemoMod:BulletBore","floor":31},{"not_picked":["DemoMod:ThirdPartyController","DemoMod:BalloonGun"],"picked":"DemoMod:DoubleVision","floor":33},{"not_picked":[],"picked":"DemoMod:ChanceBullets","floor":35},{"not_picked":["DemoMod:Ejector"],"picked":"SKIP","floor":37},{"not_picked":[],"picked":"DemoMod:PotionOfGunFriendShip+1","floor":40},{"not_picked":[],"picked":"DemoMod:Unity+1","floor":42},{"not_picked":["DemoMod:ChanceBullets+1"],"picked":"SKIP","floor":43},{"not_picked":["DemoMod:FeignSurrender+1"],"picked":"SKIP","floor":45}],"player_experience":1372009,"relics_obtained":[{"floor":9,"key":"Eternal Feather"},{"floor":10,"key":"DemoMod:NanoMachines"},{"floor":13,"key":"DemoMod:ClearGuonStone"},{"floor":16,"key":"Orichalcum"},{"floor":25,"key":"FossilizedHelix"},{"floor":26,"key":"Gremlin Horn"},{"floor":39,"key":"DemoMod:Junk"},{"floor":40,"key":"DemoMod:Junk"},{"floor":43,"key":"DemoMod:GundromedaStrain"},{"floor":45,"key":"Mango"},{"floor":48,"key":"DemoMod:Junk"}],"event_choices":[{"damage_healed":0,"gold_gain":0,"player_choice":"Gave Potion","damage_taken":0,"relics_obtained":["Regal Pillow"],"max_hp_gain":0,"max_hp_loss":0,"event_name":"WeMeetAgain","floor":5,"gold_loss":0},{"damage_healed":0,"gold_gain":0,"player_choice":"Opened","damage_taken":0,"relics_obtained":["Boot"],"max_hp_gain":0,"max_hp_loss":0,"event_name":"The Mausoleum","floor":19,"gold_loss":0},{"damage_healed":0,"gold_gain":0,"cards_transformed":["DemoMod:Strike_Huntress","DemoMod:Strike_Huntress"],"player_choice":"Became Test Subject","damage_taken":0,"max_hp_gain":0,"max_hp_loss":0,"event_name":"Drug Dealer","floor":21,"gold_loss":0,"cards_obtained":["DemoMod:HardPowerCard","DemoMod:HighKaliber"]},{"damage_healed":0,"gold_gain":0,"player_choice":"Embrace Madness","damage_taken":8,"max_hp_gain":0,"max_hp_loss":0,"event_name":"Winding Halls","floor":36,"gold_loss":0,"cards_obtained":["Madness","Madness"]},{"damage_healed":0,"gold_gain":0,"player_choice":"Fight","damage_taken":0,"max_hp_gain":0,"max_hp_loss":0,"event_name":"MindBloom","floor":39,"gold_loss":0}],"is_beta":false,"boss_relics":[{"not_picked":["Black Star","Cursed Key"],"picked":"DemoMod:Wolf"},{"not_picked":["Sozu","Philosopher\u0027s Stone"],"picked":"Busted Crown"}],"items_purged_floors":[44],"is_endless":false,"potions_floor_spawned":[4,12,13,16,27,29,31,37,39,40],"ascension_level":0}}