{"host":"nvwxkcurnqq848ao","time":1608430969,"event":{"mods":["BaseMod","Block Reminder","Downfall","Infinite Spire","Minty Spire (QoL Compilation)","Relic Sorter","Replay The Spire","StSLib"],"gold_per_floor":[99,130,140,140,156,183,183,201,201,126,141,241,41,26,42,146,146,71,106,125,136,151,76,76,111,111,141,161,161,177,177,197,298,298,298,298,298,333,345,345,345,345,345],"floor_reached":42,"playtime":2615,"items_purged":["Regret"],"score":712,"play_id":"1111e2ca-70e0-42f3-80fc-b24f430869c8","local_time":"20201219202249","is_ascension_mode":true,"campfire_choices":[{"data":"hexamod:Sear","floor":1,"key":"SMITH"},{"data":"hexamod:PhantomCloak","floor":4,"key":"SMITH"},{"data":"hexamod:SearingWound","floor":10,"key":"SMITH"},{"floor":18,"key":"RECALL"},{"data":"hexamod:EtherealExpedition","floor":23,"key":"SMITH"},{"data":"infinitespire:Fortify","floor":40,"key":"SMITH"}],"circlet_count":0,"master_deck":["hexamod:Sear+1","hexamod:Firestarter+1","hexamod:PhantomCloak+1","hexamod:HeatCrush","hexamod:SearingWound+1","hexamod:Hexaguard+1","hexamod:Toasty","hexamod:RainOfEmbers","hexamod:FirstSeal","hexamod:FirstSeal","hexamod:Hexaguard","hexamod:Hexaguard","hexamod:SuperheatedStrike","hexamod:GiftsFromTheDead","hexamod:BurningTouch+1","hexamod:ExtraCrispy","hexamod:EtherealExpedition+1","hexamod:FlamesFromBeyond","hexamod:BurningTouch","infinitespire:Fortify+1","hexamod:SoulSteal+1","hexamod:ParanormalForm","hexamod:SixthSeal","hexamod:PhantomCloak","hexamod:TimeOfNeed","hexamod:PhantomCloak","hexamod:Incineration+1","CommonCold","Hallucinations","hexamod:FlamesFromBeyond","hexamod:ThermalTransfer+1","Pot Of Greed","Pot Of Greed","Pot Of Greed"],"relics":["infinitespire:Cupcake","War Paint","Kunai","downfall:HeartBlessingGreen","hexamod:IceCube","downfall:HeartBlessingBlue","Replay:Baseball","downfall:HeartBlessingRed","Iron Hammer","Blue Doll","Molten Egg 2","FossilizedHelix","Replay:Grab Bag","ReplayTheSpireMod:Onyx Gauntlets","Coffee Dripper","Pandora\u0027s Box","Kintsugi","Letter Opener","Grinning Jar"],"acts_visited":["Exordium","TheCity","TheBeyond"],"potions_floor_usage":[13,13,16,19,25,30,32,33,33],"damage_taken":[{"damage":12,"enemies":"Gremlin Nob","floor":2,"turns":3},{"damage":0,"enemies":"2 Louse","floor":3,"turns":4},{"damage":3,"enemies":"Small Slimes","floor":5,"turns":4},{"damage":0,"enemies":"Replay:BlueRogue","floor":6,"turns":5},{"damage":4,"enemies":"Jaw Worm","floor":8,"turns":3},{"damage":19,"enemies":"Exordium Thugs","floor":11,"turns":4},{"damage":13,"enemies":"downfall:FleeingMerchant","floor":13,"turns":4},{"damage":7,"enemies":"downfall:FleeingMerchant","floor":14,"turns":4},{"damage":3,"enemies":"Large Slime","floor":15,"turns":5},{"damage":11,"enemies":"downfall:Ironclad","floor":16,"turns":8},{"damage":18,"enemies":"Book of Stabbing","floor":19,"turns":5},{"damage":13,"enemies":"Chosen","floor":20,"turns":5},{"damage":22,"enemies":"3 Byrds","floor":21,"turns":6},{"damage":23,"enemies":"3 Cultists","floor":22,"turns":5},{"damage":17,"enemies":"Replay:Snechameleon","floor":25,"turns":4},{"damage":10,"enemies":"Book of Stabbing","floor":27,"turns":4},{"damage":30,"enemies":"Snake Plant","floor":28,"turns":4},{"damage":16,"enemies":"Centurion and Healer","floor":30,"turns":6},{"damage":0,"enemies":"Snecko","floor":32,"turns":3},{"damage":0,"enemies":"downfall:Defect","floor":33,"turns":6},{"damage":0,"enemies":"R_Hoarder","floor":38,"turns":4},{"damage":77,"enemies":"3 Darklings","floor":39,"turns":5},{"damage":24,"enemies":"Nightmare","floor":42,"turns":4}],"seed_played":"-8832758819530189975","potions_obtained":[{"floor":5,"key":"Death Potion"},{"floor":8,"key":"Block Potion"},{"floor":15,"key":"sneckomod:MuddlingPotion"},{"floor":16,"key":"hexamod:InfernoChargePotion"},{"floor":21,"key":"SteroidPotion"},{"floor":22,"key":"AttackPotion"},{"floor":25,"key":"Ancient Potion"},{"floor":30,"key":"Dexterity Potion"},{"floor":32,"key":"SkillPotion"},{"floor":39,"key":"SpeedPotion"}],"is_trial":false,"path_per_floor":["R","E","M","R","M","E","T","M","?","R","M","?","$","$","M","B",null,"R","E","M","M","M","R","T","E","?","E","M","?","M","T","M","B",null,"R","?","?","E","M","R","T","NM"],"character_chosen":"THE_SPIRIT","items_purchased":["hexamod:FirstSeal","hexamod:Hexaguard"],"campfire_rested":0,"item_purchase_floors":[13,13],"current_hp_per_floor":[70,58,58,58,55,55,55,51,51,51,32,32,19,26,37,33,70,80,76,77,69,60,60,60,57,57,61,38,18,16,16,16,30,80,80,80,80,80,17,17,17,0,0],"gold":345,"neow_bonus":"BOSS_RELIC","is_daily":false,"chose_seed":false,"campfire_upgraded":5,"win_rate":0.0,"timestamp":1608430969,"path_taken":["R","E","M","R","M","E","T","M","?","R","M","?","$","$","M","BOSS","R","E","M","M","M","R","T","E","?","E","?","?","M","?","M","BOSS","R","?","?","E","M","R","T","NM"],"items_purchased_type":["Card","Card"],"build_version":"2020-12-13","purchased_purges":1,"victory":false,"max_hp_per_floor":[70,70,70,70,70,70,70,70,70,70,70,70,70,70,70,70,70,80,80,80,80,80,80,80,80,80,80,80,80,80,80,80,80,80,80,80,80,80,80,80,80,80,80],"card_choices":[{"not_picked":["hexamod:FastForward","hexamod:BacktrackSmack"],"picked":"hexamod:Firestarter","floor":2},{"not_picked":["hexamod:ShieldOfDarkness","hexamod:Haunt"],"picked":"hexamod:PhantomCloak","floor":3},{"not_picked":["hexamod:BacktrackSmack","hexamod:CatchUp"],"picked":"hexamod:HeatCrush","floor":5},{"not_picked":["hexamod:HauntingEcho","hexamod:GhostShield"],"picked":"hexamod:SearingWound","floor":6},{"not_picked":["hexamod:SpectersWail","hexamod:ShieldOfDarkness"],"picked":"hexamod:Hexaguard","floor":8},{"not_picked":["hexamod:RainOfEmbers","hexamod:GhostOfSpirePresent"],"picked":"hexamod:Toasty","floor":11},{"not_picked":["hexamod:SwordOfDarkness","hexamod:NightmareStrike"],"picked":"hexamod:RainOfEmbers","floor":13},{"not_picked":["hexamod:SecondSeal","hexamod:SpectersWail"],"picked":"hexamod:Hexaguard","floor":14},{"not_picked":["hexamod:Firestarter","hexamod:GhostOfSpirePast"],"picked":"hexamod:SuperheatedStrike","floor":15},{"not_picked":["hexamod:TimeOfNeed","hexamod:HexaLevel"],"picked":"hexamod:GiftsFromTheDead","floor":16},{"not_picked":["hexamod:SecondSeal","hexamod:BacktrackSmack+1"],"picked":"hexamod:BurningTouch+1","floor":19},{"not_picked":["hexamod:RadiantFlame","hexamod:GhostShield"],"picked":"hexamod:ExtraCrispy","floor":20},{"not_picked":["hexamod:GhostShield","hexamod:HauntingEcho+1","hexamod:InspiringFlames"],"picked":"SKIP","floor":21},{"not_picked":["hexamod:RecurringNightmare","hexamod:SecondSeal"],"picked":"hexamod:EtherealExpedition","floor":22},{"not_picked":["hexamod:PowerFromBeyond","hexamod:Hexaguard"],"picked":"hexamod:FlamesFromBeyond","floor":25},{"not_picked":["hexamod:PowerFromBeyond","hexamod:SpectersWail+1"],"picked":"hexamod:BurningTouch","floor":27},{"not_picked":["hexamod:GhostShield","hexamod:RetreatToShadows"],"picked":"hexamod:RecurringNightmare","floor":28},{"not_picked":["infinitespire:Menacing","ReplayTheSpireMod:Black Plague"],"picked":"infinitespire:Fortify","floor":29},{"not_picked":["hexamod:FifthSeal","hexamod:RainOfEmbers+1"],"picked":"hexamod:SoulSteal+1","floor":30},{"not_picked":["hexamod:CatchUp+1","hexamod:Firestarter+1","hexamod:SwordOfDarkness+1"],"picked":"SKIP","floor":32},{"not_picked":["hexamod:CrushingStance+1","hexamod:FifthSeal"],"picked":"hexamod:ParanormalForm","floor":33},{"not_picked":["hexamod:BacktrackSmack+1","hexamod:Firestarter+1"],"picked":"hexamod:FlamesFromBeyond","floor":38},{"not_picked":["hexamod:FastForward+1","hexamod:Firestarter+1"],"picked":"hexamod:ThermalTransfer+1","floor":39}],"player_experience":535574,"relics_obtained":[{"floor":2,"key":"War Paint"},{"floor":6,"key":"Kunai"},{"floor":19,"key":"Replay:Baseball"},{"floor":24,"key":"Iron Hammer"},{"floor":25,"key":"Blue Doll"},{"floor":27,"key":"Molten Egg 2"},{"floor":31,"key":"FossilizedHelix"},{"floor":38,"key":"Letter Opener"},{"floor":41,"key":"Grinning Jar"}],"event_choices":[],"is_beta":false,"boss_relics":[{"not_picked":["Astrolabe","Snecko Heart"],"picked":"hexamod:IceCube"},{"not_picked":["Empty Cage","Replay:Bronze Core"],"picked":"Replay:Grab Bag"},{"not_picked":["Fusion Hammer","ReplayTheSpireMod:DimensionalGlitch"],"picked":"ReplayTheSpireMod:Onyx Gauntlets"},{"not_picked":["Runic Dome","Cursed Key"],"picked":"Coffee Dripper"},{"not_picked":["Ring of Chaos","Snecko Eye"],"picked":"Pandora\u0027s Box"},{"not_picked":["SacredBark","Replay:Drink Me"],"picked":"Kintsugi"}],"items_purged_floors":[13],"is_endless":false,"potions_floor_spawned":[5,8,15,16,21,22,25,30,32,39],"killed_by":"Nightmare","ascension_level":3}}