{"host":"nnt34ungdh9fkcmy","time":1608433481,"event":{"mods":["BaseMod","Downfall","Minty Spire (QoL Compilation)","StSLib","SuperFastMode"],"gold_per_floor":[99,99,99,127,127,142,169,169,169,194,214,206,7,8,35,139,139,139,176,195,195,395,395,447,372,397,114,114,142,161,182,209,209,209],"floor_reached":33,"playtime":2387,"items_purged":["hexamod:Strike","hexamod:Strike"],"score":323,"play_id":"75c3c652-82ab-406c-8ced-aed8b60bf4ed","local_time":"20201219200441","is_ascension_mode":false,"campfire_choices":[{"data":"hexamod:Float","floor":1,"key":"SMITH"},{"data":"hexamod:PhantomCloak","floor":8,"key":"SMITH"},{"data":"hexamod:EmpoweringStance","floor":18,"key":"SMITH"},{"floor":21,"key":"REST"},{"data":"hexamod:GhostOfSpirePresent","floor":25,"key":"SMITH"}],"circlet_count":0,"master_deck":["hexamod:Defend+1","hexamod:Defend","hexamod:Defend","hexamod:Defend+1","hexamod:Sear+1","hexamod:Float+1","hexamod:FirstSeal","hexamod:PhantomCloak+1","hexamod:ThermalTransfer+1","hexamod:SpectersWail+1","hexamod:WildfireWeapon","hexamod:SecondSeal","hexamod:ThirdSeal","hexamod:GhostOfSpirePresent+1","hexamod:InspiringFlames","hexamod:Again","hexamod:ChargedBarrage+1","hexamod:HauntingEcho+1","hexamod:SixthSeal","hexamod:EmpoweringStance+1","hexamod:ThermalTransfer+1","hexamod:GhostflameBarrier","hexamod:ShieldOfDarkness+1"],"relics":["hexamod:SpiritBrand","downfall:HeartsMalice","Strawberry","Oddly Smooth Stone","Dream Catcher","Busted Crown","Bottled Lightning","downfall:HeartBlessingBlue","Bronze Scales"],"acts_visited":["Exordium","TheCity"],"potions_floor_usage":[19,19,20,26,30,32],"damage_taken":[{"damage":0,"enemies":"2 Louse","floor":2,"turns":1},{"damage":0,"enemies":"Jaw Worm","floor":3,"turns":1},{"damage":0,"enemies":"Gremlin Nob","floor":4,"turns":1},{"damage":7,"enemies":"Small Slimes","floor":6,"turns":5},{"damage":3,"enemies":"Lagavulin","floor":10,"turns":9},{"damage":0,"enemies":"Blue Slaver","floor":11,"turns":5},{"damage":4,"enemies":"downfall:FleeingMerchant","floor":13,"turns":4},{"damage":0,"enemies":"downfall:FleeingMerchant","floor":14,"turns":4},{"damage":9,"enemies":"2 Fungi Beasts","floor":15,"turns":7},{"damage":30,"enemies":"downfall:Watcher","floor":16,"turns":14},{"damage":70,"enemies":"Slavers","floor":19,"turns":9},{"damage":4,"enemies":"Shell Parasite","floor":20,"turns":9},{"damage":0,"enemies":"Shell Parasite","floor":22,"turns":8},{"damage":27,"enemies":"3 Byrds","floor":26,"turns":7},{"damage":8,"enemies":"downfall:FleeingMerchant","floor":27,"turns":4},{"damage":10,"enemies":"Centurion and Healer","floor":29,"turns":10},{"damage":9,"enemies":"3 Cultists","floor":30,"turns":7},{"damage":15,"enemies":"Snake Plant","floor":31,"turns":4},{"damage":0,"enemies":"Sentry and Sphere","floor":32,"turns":8},{"damage":22,"enemies":"downfall:Defect","floor":33,"turns":10}],"seed_played":"-6847899555878961788","potions_obtained":[{"floor":4,"key":"Strength Potion"},{"floor":6,"key":"Fire Potion"},{"floor":10,"key":"Weak Potion"},{"floor":11,"key":"DuplicationPotion"},{"floor":15,"key":"EssenceOfSteel"},{"floor":20,"key":"champ:CounterPotion"},{"floor":26,"key":"Dexterity Potion"},{"floor":29,"key":"Fire Potion"},{"floor":31,"key":"ColorlessPotion"}],"is_trial":false,"path_per_floor":["R","M","M","E","?","M","T","R","?","E","M","?","$","$","M","B",null,"R","E","M","R","?","?","T","R","M","$","?","M","M","M","M","B"],"character_chosen":"THE_SPIRIT","items_purchased":["hexamod:GhostOfSpirePresent","hexamod:InspiringFlames","Bronze Scales","hexamod:ThermalTransfer"],"campfire_rested":1,"item_purchase_floors":[13,13,27,27],"current_hp_per_floor":[70,70,70,77,77,70,70,70,70,74,77,77,73,73,71,48,77,77,7,10,33,40,40,40,50,30,29,29,26,24,9,16,0,0],"gold":209,"neow_bonus":"THREE_ENEMY_KILL","is_daily":false,"chose_seed":false,"campfire_upgraded":4,"win_rate":0.0,"timestamp":1608433481,"path_taken":["R","M","M","E","?","M","T","R","?","E","M","?","?","$","M","BOSS","R","E","M","R","?","?","T","R","M","$","?","?","M","?","M","BOSS"],"items_purchased_type":["Card","Card","Relic","Card"],"build_version":"2020-12-13","purchased_purges":2,"victory":false,"max_hp_per_floor":[70,70,70,77,77,77,77,77,77,77,77,77,77,77,77,77,77,77,77,77,77,77,77,77,87,87,87,87,87,87,87,87,87,87],"card_choices":[{"not_picked":["hexamod:SwordOfDarkness","hexamod:BacktrackSmack"],"picked":"hexamod:FirstSeal","floor":2},{"not_picked":["hexamod:NightmareStrike","hexamod:RecurringNightmare","hexamod:PowerFromBeyond"],"picked":"SKIP","floor":3},{"not_picked":["hexamod:Hexaguard","hexamod:RetreatToShadows"],"picked":"hexamod:PhantomCloak","floor":4},{"not_picked":["hexamod:AdvancingGuard","hexamod:GhostflameBarrier"],"picked":"hexamod:ThermalTransfer","floor":6},{"not_picked":["hexamod:AdvancingGuard","hexamod:ExtraCrispy"],"picked":"hexamod:SpectersWail","floor":10},{"not_picked":["hexamod:SwordOfDarkness","hexamod:GhostflameBarrier"],"picked":"hexamod:WildfireWeapon","floor":11},{"not_picked":["hexamod:NightmareStrike","hexamod:RadiantFlame"],"picked":"hexamod:ThirdSeal","floor":13},{"not_picked":["hexamod:PhantomFireball","hexamod:SpectersWail"],"picked":"hexamod:Again","floor":14},{"not_picked":["hexamod:PhantomCloak","hexamod:RainOfEmbers"],"picked":"hexamod:ChargedBarrage","floor":14},{"not_picked":["hexamod:SwordOfDarkness","hexamod:FlamesFromBeyond"],"picked":"hexamod:HauntingEcho","floor":15},{"not_picked":["hexamod:AdvancingGuard","hexamod:RetreatToShadows","hexamod:Hexaguard"],"picked":"SKIP","floor":15},{"not_picked":["hexamod:HexaLevel","hexamod:TurnItUp"],"picked":"hexamod:SixthSeal","floor":16},{"not_picked":["hexamod:VolcanoVisage","hexamod:TimeWarp"],"picked":"hexamod:EmpoweringStance","floor":16},{"not_picked":["hexamod:GhostOfSpirePast"],"picked":"SKIP","floor":19},{"not_picked":["hexamod:Firestarter"],"picked":"SKIP","floor":19},{"not_picked":["hexamod:RainOfEmbers"],"picked":"SKIP","floor":20},{"not_picked":["hexamod:Firestarter"],"picked":"SKIP","floor":20},{"not_picked":["hexamod:Again"],"picked":"SKIP","floor":26},{"not_picked":["hexamod:PowerFromBeyond"],"picked":"SKIP","floor":26},{"not_picked":["hexamod:PhantomFireball"],"picked":"SKIP","floor":27},{"not_picked":["hexamod:RetreatToShadows"],"picked":"SKIP","floor":27},{"not_picked":["hexamod:SwordOfDarkness"],"picked":"SKIP","floor":29},{"not_picked":[],"picked":"hexamod:ShieldOfDarkness+1","floor":30},{"not_picked":["hexamod:AdvancingGuard"],"picked":"SKIP","floor":30},{"not_picked":["hexamod:NightmareStrike"],"picked":"SKIP","floor":31},{"not_picked":["hexamod:Again"],"picked":"SKIP","floor":31},{"not_picked":["hexamod:RainOfEmbers"],"picked":"SKIP","floor":32},{"not_picked":["hexamod:ThirdSeal"],"picked":"SKIP","floor":32}],"player_experience":191495,"relics_obtained":[{"floor":4,"key":"Strawberry"},{"floor":7,"key":"Oddly Smooth Stone"},{"floor":10,"key":"Dream Catcher"},{"floor":19,"key":"Bottled Lightning"}],"event_choices":[{"cards_removed":["hexamod:Strike"],"damage_healed":0,"gold_gain":0,"player_choice":"Card Removal","damage_taken":0,"max_hp_gain":0,"max_hp_loss":0,"event_name":"The Cleric","floor":5,"gold_loss":0},{"damage_healed":0,"gold_gain":0,"cards_transformed":["hexamod:Strike"],"player_choice":"Transformed","damage_taken":0,"max_hp_gain":0,"max_hp_loss":0,"event_name":"Transmorgrifier","floor":28,"gold_loss":0,"cards_obtained":["hexamod:GhostflameBarrier"]}],"is_beta":false,"boss_relics":[{"not_picked":["Snecko Eye","Runic Pyramid"],"picked":"Busted Crown"}],"items_purged_floors":[13,27],"is_endless":false,"potions_floor_spawned":[4,6,10,11,15,16,20,26,29,31],"killed_by":"downfall:Defect","ascension_level":0}}