{"host":"3jpwrwmmgyabjceh","time":1608483796,"event":{"mods":["AchievementEnabler","BaseMod","Colored Map","Colored Powertips","Highlight Path","Minty Spire (QoL Compilation)","StSLib"],"gold_per_floor":[115,115,115,135,135,135,166,166,246,258,274,274,294,305,305,400,400,418,438,438,2,2,2,16,36,36,36,66,81,97,97,97,97,97],"floor_reached":33,"playtime":1332,"items_purged":["Strike_R"],"score":348,"play_id":"c03bdcc1-9f15-4864-9be7-4f3e3fff65eb","local_time":"20201220200316","is_ascension_mode":true,"campfire_choices":[{"data":"Bash","floor":6,"key":"SMITH"},{"floor":15,"key":"REST"},{"data":"Inflame","floor":23,"key":"SMITH"},{"data":"Armaments","floor":27,"key":"SMITH"},{"floor":32,"key":"REST"}],"circlet_count":0,"master_deck":["Strike_R","Defend_R","Defend_R","Bash+1","Armaments+1","Cleave","Thunderclap","Inflame+1","Iron Wave","Heavy Blade","Impervious+1","Twin Strike","Armaments+1","Apotheosis+1","Whirlwind","True Grit+1","Double Tap+1","Intimidate+1"],"relics":["Burning Blood","TungstenRod","Toxic Egg 2","Pocketwatch","Sundial","CultistMask","Empty Cage","Art of War","Lantern","Pear","MealTicket"],"acts_visited":["Exordium","TheCity"],"potions_floor_usage":[7,16,28,28,28,30,30],"damage_taken":[{"damage":1,"enemies":"2 Louse","floor":1,"turns":3},{"damage":6,"enemies":"Small Slimes","floor":4,"turns":4},{"damage":41,"enemies":"Lagavulin","floor":7,"turns":11},{"damage":1,"enemies":"Jaw Worm","floor":10,"turns":4},{"damage":0,"enemies":"Large Slime","floor":11,"turns":4},{"damage":0,"enemies":"Gremlin Gang","floor":13,"turns":1},{"damage":8,"enemies":"Red Slaver","floor":14,"turns":3},{"damage":30,"enemies":"Hexaghost","floor":16,"turns":7},{"damage":11,"enemies":"Shell Parasite","floor":18,"turns":8},{"damage":10,"enemies":"Chosen","floor":19,"turns":3},{"damage":0,"enemies":"Snecko","floor":24,"turns":3},{"damage":10,"enemies":"Chosen and Byrds","floor":25,"turns":3},{"damage":53,"enemies":"Book of Stabbing","floor":28,"turns":8},{"damage":11,"enemies":"Snake Plant","floor":29,"turns":5},{"damage":14,"enemies":"Shelled Parasite and Fungi","floor":30,"turns":5},{"damage":68,"enemies":"Champ","floor":33,"turns":10}],"seed_played":"-7774231370915517494","potions_obtained":[{"floor":1,"key":"LiquidBronze"},{"floor":10,"key":"Weak Potion"},{"floor":13,"key":"SteroidPotion"},{"floor":24,"key":"Weak Potion"},{"floor":25,"key":"DuplicationPotion"},{"floor":29,"key":"Weak Potion"},{"floor":30,"key":"Fruit Juice"}],"is_trial":false,"path_per_floor":["M","?","?","M","T","R","E","?","T","M","M","?","M","M","R","B",null,"M","M","?","$","?","R","M","M","T","R","E","M","M","?","R","B"],"character_chosen":"IRONCLAD","items_purchased":["Lantern","Apotheosis+1","Whirlwind"],"campfire_rested":2,"item_purchase_floors":[21,21,21],"current_hp_per_floor":[61,61,61,61,61,61,26,26,26,31,37,37,43,41,65,41,80,75,71,71,71,71,71,77,73,83,83,36,31,28,28,56,0,0],"gold":97,"neow_bonus":"ONE_RARE_RELIC","is_daily":false,"chose_seed":false,"campfire_upgraded":3,"win_rate":0.0,"timestamp":1608483796,"path_taken":["M","?","?","M","?","R","E","?","T","M","?","?","?","M","R","BOSS","M","M","?","$","?","R","M","M","T","R","E","M","M","?","R","BOSS"],"items_purchased_type":["Relic","Card","Card"],"build_version":"2020-12-13","purchased_purges":1,"victory":false,"max_hp_per_floor":[80,80,80,80,80,80,80,80,80,80,80,80,80,80,80,80,80,80,80,80,80,80,80,80,80,90,90,90,90,95,95,95,95,95],"card_choices":[{"not_picked":["Blood for Blood","Sword Boomerang"],"picked":"Armaments","floor":1},{"not_picked":["Feel No Pain","Armaments","Wild Strike"],"picked":"SKIP","floor":4},{"not_picked":["Perfected Strike","Clash"],"picked":"Cleave","floor":7},{"not_picked":["Havoc+1","Feed"],"picked":"Thunderclap","floor":10},{"not_picked":["Feel No Pain","Thunderclap"],"picked":"Inflame","floor":11},{"not_picked":["Anger","True Grit+1"],"picked":"Iron Wave","floor":13},{"not_picked":["Entrench+1","Clash"],"picked":"Heavy Blade","floor":14},{"not_picked":["Exhume+1","Brutality"],"picked":"Impervious+1","floor":16},{"not_picked":["Havoc+1","Entrench+1"],"picked":"Twin Strike","floor":18},{"not_picked":["Cleave","Warcry+1"],"picked":"Armaments+1","floor":19},{"not_picked":["Cleave+1","Uppercut"],"picked":"True Grit+1","floor":24},{"not_picked":["Perfected Strike","Anger","Clothesline"],"picked":"SKIP","floor":25},{"not_picked":["Headbutt","Feed"],"picked":"Double Tap+1","floor":28},{"not_picked":["Armaments+1","Blood for Blood"],"picked":"Intimidate+1","floor":29},{"not_picked":["Iron Wave","Fire Breathing","Havoc+1"],"picked":"SKIP","floor":30}],"player_experience":234325,"relics_obtained":[{"floor":5,"key":"Toxic Egg 2"},{"floor":7,"key":"Pocketwatch"},{"floor":9,"key":"Sundial"},{"floor":26,"key":"Pear"},{"floor":28,"key":"MealTicket"}],"event_choices":[{"damage_healed":0,"gold_gain":0,"player_choice":"Ignored","damage_taken":0,"max_hp_gain":0,"max_hp_loss":0,"event_name":"Liars Game","floor":2,"gold_loss":0},{"cards_removed":["Strike_R"],"damage_healed":0,"gold_gain":0,"player_choice":"Forget","damage_taken":0,"max_hp_gain":0,"max_hp_loss":0,"event_name":"Living Wall","floor":3,"gold_loss":0},{"cards_removed":["Defend_R"],"damage_healed":0,"gold_gain":0,"player_choice":"Purged","damage_taken":0,"max_hp_gain":0,"max_hp_loss":0,"event_name":"Purifier","floor":8,"gold_loss":0},{"damage_healed":0,"gold_gain":0,"player_choice":"Trade","damage_taken":0,"relics_obtained":["CultistMask"],"max_hp_gain":0,"max_hp_loss":0,"event_name":"FaceTrader","floor":12,"gold_loss":0},{"damage_healed":0,"gold_gain":0,"player_choice":"Opened","damage_taken":0,"relics_obtained":["Art of War"],"max_hp_gain":0,"max_hp_loss":0,"event_name":"The Mausoleum","floor":20,"gold_loss":0},{"damage_healed":0,"gold_gain":0,"player_choice":"Ignored","damage_taken":0,"max_hp_gain":0,"max_hp_loss":0,"event_name":"Ghosts","floor":22,"gold_loss":0},{"cards_removed":["Strike_R"],"damage_healed":0,"gold_gain":0,"player_choice":"Elegance","damage_taken":0,"max_hp_gain":0,"max_hp_loss":0,"event_name":"Back to Basics","floor":31,"gold_loss":0}],"is_beta":false,"boss_relics":[{"not_picked":["SacredBark","Runic Pyramid"],"picked":"Empty Cage"}],"items_purged_floors":[21],"is_endless":false,"potions_floor_spawned":[1,10,13,24,25,29,30],"killed_by":"Champ","ascension_level":4}}