{"host":"oy4pyvr762z5n0bb","time":1608423610,"event":{"mods":["AchievementEnabler","BaseMod","Colored Map","Colored Powertips","Googly Eyes","Key Reminder","Minty Spire (QoL Compilation)","Quick Restart","Relic Sorter","StSLib","SuperFastMode","Unceasing Turn Reminder","slay the spire mod where everything is the same but ironclad has a cowboy hat"],"gold_per_floor":[109,30,30,30,42,42,67,79,131,131,13,39,58,68,68,68,68],"floor_reached":16,"playtime":406,"items_purged":["Strike_R"],"score":132,"play_id":"310b18fd-aea9-46e2-816c-2243e4a19e9d","local_time":"20201219162010","is_ascension_mode":true,"campfire_choices":[{"data":"Berserk","floor":6,"key":"SMITH"},{"floor":10,"key":"DIG"},{"floor":15,"key":"REST"}],"circlet_count":0,"master_deck":["Strike_R","Strike_R","Strike_R","Defend_R","Defend_R","Defend_R","Defend_R","Bash+1","Twin Strike","Rampage","Berserk+1","Seeing Red","Armaments","Seeing Red","Inflame","Carnage","Cleave","True Grit+1"],"relics":["Burning Blood","Smiling Mask","Shovel","Boot","Question Card","Toxic Egg 2"],"acts_visited":["Exordium"],"potions_floor_usage":[13,13,16],"damage_taken":[{"damage":15,"enemies":"Small Slimes","floor":1,"turns":4},{"damage":1,"enemies":"2 Louse","floor":5,"turns":2},{"damage":35,"enemies":"3 Sentries","floor":7,"turns":9},{"damage":0,"enemies":"Cultist","floor":8,"turns":3},{"damage":37,"enemies":"Gremlin Nob","floor":12,"turns":4},{"damage":14,"enemies":"Blue Slaver","floor":13,"turns":3},{"damage":9,"enemies":"Red Slaver","floor":14,"turns":2},{"damage":38,"enemies":"Slime Boss","floor":16,"turns":6}],"seed_played":"2148606106092085136","potions_obtained":[{"floor":7,"key":"AttackPotion"},{"floor":8,"key":"Fruit Juice"},{"floor":14,"key":"Dexterity Potion"}],"is_trial":false,"path_per_floor":["M","$","?","?","M","R","E","M","T","R","$","E","M","M","R","B"],"character_chosen":"IRONCLAD","items_purchased":["Rampage","Inflame"],"campfire_rested":1,"item_purchase_floors":[2,11],"current_hp_per_floor":[71,71,64,64,69,69,40,46,46,46,46,15,12,9,34,0,0],"gold":68,"neow_bonus":"UPGRADE_CARD","is_daily":false,"chose_seed":false,"campfire_upgraded":1,"win_rate":0.0,"timestamp":1608423610,"path_taken":["M","$","?","?","M","R","E","?","T","R","$","E","M","M","R","BOSS"],"items_purchased_type":["Card","Card"],"build_version":"2020-12-13","purchased_purges":1,"victory":false,"max_hp_per_floor":[80,80,80,80,80,80,80,80,80,80,80,80,85,85,85,85,85],"card_choices":[{"not_picked":["Warcry","Flex"],"picked":"Twin Strike","floor":1},{"not_picked":["Rage","Armaments"],"picked":"Seeing Red","floor":5},{"not_picked":["Blood for Blood","Thunderclap"],"picked":"Armaments","floor":7},{"not_picked":["Sentinel","Iron Wave"],"picked":"Seeing Red","floor":8},{"not_picked":["Sentinel+1","True Grit+1","Twin Strike"],"picked":"Carnage","floor":12},{"not_picked":["Armaments+1","Power Through+1","Demon Form"],"picked":"Cleave","floor":13},{"not_picked":["Clash","Uppercut","Clothesline"],"picked":"True Grit+1","floor":14}],"player_experience":548146,"relics_obtained":[{"floor":7,"key":"Shovel"},{"floor":9,"key":"Boot"},{"floor":10,"key":"Question Card"},{"floor":12,"key":"Toxic Egg 2"}],"event_choices":[{"damage_healed":0,"gold_gain":0,"player_choice":"Success","damage_taken":7,"relics_obtained":["Smiling Mask"],"max_hp_gain":0,"max_hp_loss":0,"event_name":"Scrap Ooze","floor":3,"gold_loss":0},{"damage_healed":0,"gold_gain":0,"cards_transformed":["Strike_R"],"player_choice":"Transformed","damage_taken":0,"max_hp_gain":0,"max_hp_loss":0,"event_name":"Transmorgrifier","floor":4,"gold_loss":0,"cards_obtained":["Berserk"]}],"is_beta":false,"boss_relics":[],"items_purged_floors":[11],"is_endless":false,"potions_floor_spawned":[7,8,14],"killed_by":"Slime Boss","ascension_level":4}}