{"host":"lctcqud4f9t1q6q5","time":1608458980,"event":{"mods":["BaseMod","Better Vampires","Block Reminder","Colored Map","Colored Powertips","Downfall","Highlight Path","KinomotoSakuraMod(木之本樱)","Lobotomy","LobotomyExtend","Marisa（F雨　魔理沙）","Minty Spire (QoL Compilation)","Quick Restart","Reimu（博丽灵梦）","Relic Stats","Replay The Spire","RumiaBox-露米娅的神秘盒子","Shop Mod","Spicy Shops","StSLib","TestMod","The Bug Knight","Thieving Mod","WarShipGirlsR/战舰少女R mod","vexMod","【功能Mod】混沌之环修复补丁","篝火指南"],"gold_per_floor":[217,217,217,232,632,663,663,683,756,781,781,816,836,836,836],"floor_reached":14,"playtime":610,"items_purged":[],"score":146,"play_id":"efcec868-d990-4d3b-9e84-6f07037dfc3f","local_time":"20201220180940","is_ascension_mode":true,"campfire_choices":[{"floor":7.0,"key":"REST"},{"floor":11,"key":"REST"}],"circlet_count":0,"master_deck":["rmod:strick","rmod:strick","rmod:strick","rmod:strick","rmod:defend","rmod:defend","rmod:defend","rmod:defend","rmod:basicallowance","rmod:maingunfire","rmod:steelsupply","Delirium","rmod:aluminumsupply","rmod:unsinkable+1","rmod:maintain+1","rmod:fuelsupply+1"],"relics":["rmod:firstchargereward","testmod-Justice","LetterFromLob","ReplayTheSpireMod:Ring of Exchange","Toxic Egg 2","GodSword7","testmod-OneHitWonder"],"acts_visited":["Exordium"],"potions_floor_usage":[10,12,13,14],"damage_taken":[{"damage":0.0,"enemies":"Jaw Worm","floor":1.0,"turns":3.0},{"damage":8.0,"enemies":"2 Louse","floor":4.0,"turns":4.0},{"damage":30.0,"enemies":"3 Sentries","floor":6.0,"turns":10.0},{"damage":2.0,"enemies":"Small Slimes","floor":8.0,"turns":3.0},{"damage":40,"enemies":"Lagavulin","floor":10,"turns":6},{"damage":27,"enemies":"Gremlin Nob","floor":12,"turns":5},{"damage":0,"enemies":"Red Slaver","floor":13,"turns":3},{"damage":24,"enemies":"3 Sentries","floor":14,"turns":2}],"seed_played":"6866069201116333832","potions_obtained":[{"floor":4.0,"key":"Fire Potion"},{"floor":8.0,"key":"DuplicationPotion"},{"floor":12,"key":"Reflective Coating"},{"floor":13,"key":"BlessingOfTheForge"}],"is_trial":false,"path_per_floor":["M","?","?","M","?","E","R","M","T","E","R","E","M","E"],"character_chosen":"PRAEFECT","items_purchased":[],"campfire_rested":2,"item_purchase_floors":[],"current_hp_per_floor":[68,68,68,60,60,30,52,50,50,10,32,5,5,0,0],"gold":836,"neow_bonus":"HUNDRED_GOLD","is_daily":false,"chose_seed":false,"campfire_upgraded":0,"win_rate":0.0,"timestamp":1608458980,"path_taken":["M","?","?","M","?","E","R","M","T","E","R","E","M","E"],"items_purchased_type":[],"build_version":"2020-12-13","purchased_purges":0,"victory":false,"max_hp_per_floor":[75,75,75,75,75,75,75,75,75,75,75,75,75,75,75],"relic_stats":{"counters":[8,36],"obtain_stats":[{"ReplayTheSpireMod:Ring of Exchange":2,"testmod-TestBox":0,"GodSword7":10,"rmod:firstchargereward":0,"LetterFromLob":1,"testmod-Justice":0,"Toxic Egg 2":6,"testmod-OneHitWonder":12},{"ReplayTheSpireMod:Ring of Exchange":1,"testmod-TestBox":0,"GodSword7":5,"rmod:firstchargereward":0,"LetterFromLob":1,"testmod-Justice":0,"Toxic Egg 2":3,"testmod-OneHitWonder":6},{"ReplayTheSpireMod:Ring of Exchange":3,"testmod-TestBox":0,"GodSword7":26,"rmod:firstchargereward":0,"LetterFromLob":3,"testmod-Justice":0,"Toxic Egg 2":17,"testmod-OneHitWonder":31}]},"card_choices":[{"not_picked":["rmod:guardianhero","rmod:circuitoustactics"],"picked":"rmod:steelsupply","floor":1.0},{"not_picked":["rmod:tearstotiara","rmod:secretscript"],"picked":"rmod:aluminumsupply","floor":4.0},{"not_picked":["rmod:expedition","rmod:aluminumsupply+1"],"picked":"rmod:unsinkable+1","floor":6.0},{"not_picked":["rmod:slowdown+1","rmod:fletcherpendant"],"picked":"rmod:maintain+1","floor":8.0},{"not_picked":["rmod:victimresponsibility+1","rmod:goodfighter"],"picked":"rmod:fuelsupply+1","floor":10},{"not_picked":["rmod:fletcherpendant","rmod:fuelsupply+1","rmod:luckystar"],"picked":"SKIP","floor":12},{"not_picked":["rmod:aviationdawn+1","rmod:circuitoustactics+1","rmod:garrisonisland"],"picked":"SKIP","floor":13}],"player_experience":344763,"relics_obtained":[{"floor":1.0,"key":"LetterFromLob"},{"floor":2.0,"key":"ReplayTheSpireMod:Ring of Exchange"},{"floor":6.0,"key":"Toxic Egg 2"},{"floor":10,"key":"GodSword7"},{"floor":12,"key":"testmod-OneHitWonder"}],"event_choices":[{"damage_healed":0.0,"max_hp_gain":0.0,"max_hp_loss":0.0,"gold_gain":400.0,"event_name":"恩洛斯的盘子","player_choice":"Sell","floor":5.0,"relics_lost":["testmod-TestBox"],"gold_loss":0.0,"damage_taken":0.0}],"is_beta":false,"boss_relics":[],"items_purged_floors":[],"is_endless":false,"potions_floor_spawned":[4,8,12,13],"killed_by":"3 Sentries","ascension_level":7}}