{"host":"msepye59htvs4aw4","time":1608494859,"event":{"mods":["BaseMod","Colored Map","DeckTracker","Highlight Path","Minty Spire (QoL Compilation)","Shop Mod","StSLib","SuperFastMode"],"gold_per_floor":[112,112,112,132,149,179,179,179,251,251,6,81,91,34,34,107,107,121,121,147,147,158,158,158,168,216,64,64,64,64,34,34,34,34],"floor_reached":33,"playtime":850,"items_purged":["Strike_G"],"score":453,"play_id":"f94cb48b-c053-46b6-9df1-f563ee853a5b","local_time":"20201220210739","is_ascension_mode":true,"campfire_choices":[{"floor":7,"key":"REST"},{"floor":10,"key":"REST"},{"data":"Catalyst","floor":15,"key":"SMITH"},{"floor":23,"key":"REST"},{"floor":28,"key":"REST"},{"floor":32,"key":"REST"}],"circlet_count":0,"master_deck":["AscendersBane","Strike_G","Strike_G","Strike_G","Defend_G","Defend_G","Defend_G","Defend_G","Survivor","Neutralize","Venomology","Backflip","Deadly Poison","Noxious Fumes","Catalyst","Noxious Fumes","Catalyst+1","Footwork","Glass Knife","Bouncing Flask","PiercingWail+1","Predator+1","Backstab","Noxious Fumes"],"relics":["Ring of the Snake","Mummified Hand","HornCleat","TungstenRod","The Courier","MerchantsRug","MutagenicStrength","Red Mask","Orichalcum","Bottled Lightning","Lantern","TwistedFunnel"],"acts_visited":["Exordium","TheCity"],"potions_floor_usage":[1,6,13,16,20,29,29,33,33],"damage_taken":[{"damage":10,"enemies":"Cultist","floor":1,"turns":4},{"damage":0,"enemies":"2 Louse","floor":4,"turns":4},{"damage":0,"enemies":"Jaw Worm","floor":5,"turns":5},{"damage":21,"enemies":"Lagavulin","floor":6,"turns":7},{"damage":1,"enemies":"3 Louse","floor":13,"turns":4},{"damage":50,"enemies":"Slime Boss","floor":16,"turns":10},{"damage":18,"enemies":"Chosen","floor":18,"turns":6},{"damage":11,"enemies":"Masked Bandits","floor":20,"turns":5},{"damage":12,"enemies":"2 Thieves","floor":22,"turns":4},{"damage":26,"enemies":"Centurion and Healer","floor":25,"turns":6},{"damage":40,"enemies":"Gremlin Leader","floor":29,"turns":3},{"damage":52,"enemies":"Automaton","floor":33,"turns":6}],"seed_played":"-898139148056996735","potions_obtained":[{"floor":6,"key":"Regen Potion"},{"floor":16,"key":"SmokeBomb"}],"is_trial":false,"path_per_floor":["M","T","?","M","M","E","R","?","T","R","$","?","M","$","R","B",null,"M","?","?","?","M","R","T","M","T","$","R","E","?","$","R","B"],"character_chosen":"THE_SILENT","items_purchased":["Catalyst","Noxious Fumes","MerchantsRug","Footwork","TwistedFunnel","Noxious Fumes"],"campfire_rested":5,"item_purchase_floors":[11,11,11,14,27,31],"current_hp_per_floor":[49,49,49,49,49,28,47,29,29,48,48,38,51,51,51,1,50,32,32,21,21,9,28,28,2,2,2,21,7,7,7,26,0,0],"gold":34,"neow_bonus":"ONE_RANDOM_RARE_CARD","is_daily":false,"chose_seed":false,"campfire_upgraded":1,"win_rate":0.0,"timestamp":1608494859,"path_taken":["M","?","?","M","M","E","R","?","T","R","$","?","M","$","R","BOSS","M","?","?","?","?","R","?","M","T","$","R","E","?","?","R","BOSS"],"items_purchased_type":["Card","Card","Relic","Card","Relic","Card"],"build_version":"2020-12-13","purchased_purges":1,"victory":false,"max_hp_per_floor":[66,66,66,66,66,66,66,66,66,66,66,66,66,66,66,66,66,66,66,66,66,66,66,66,66,66,66,66,66,66,66,66,66,66],"card_choices":[{"not_picked":["Terror","Flying Knee"],"picked":"Backflip","floor":1},{"not_picked":["Well Laid Plans","Backflip"],"picked":"Deadly Poison","floor":4},{"not_picked":["Dagger Throw","Poisoned Stab"],"picked":"Noxious Fumes","floor":5},{"not_picked":["Sucker Punch","Deflect","Cloak And Dagger"],"picked":"SKIP","floor":6},{"not_picked":["Backflip","Acrobatics"],"picked":"Catalyst","floor":13},{"not_picked":["Grand Finale","Tools of the Trade"],"picked":"Glass Knife","floor":16},{"not_picked":["Quick Slash","Underhanded Strike"],"picked":"Bouncing Flask","floor":18},{"not_picked":["Cloak And Dagger","Sucker Punch"],"picked":"PiercingWail+1","floor":20},{"not_picked":["Prepared","Dodge and Roll"],"picked":"Predator+1","floor":22},{"not_picked":["Predator","Sucker Punch"],"picked":"Backstab","floor":25}],"player_experience":1609851,"relics_obtained":[{"floor":2,"key":"Mummified Hand"},{"floor":6,"key":"HornCleat"},{"floor":9,"key":"The Courier"},{"floor":20,"key":"Red Mask"},{"floor":24,"key":"Bottled Lightning"},{"floor":26,"key":"Lantern"}],"event_choices":[{"damage_healed":0,"gold_gain":0,"player_choice":"Ignored","damage_taken":0,"max_hp_gain":0,"max_hp_loss":0,"event_name":"Golden Wing","floor":3,"gold_loss":0},{"damage_healed":0,"gold_gain":0,"player_choice":"Success","damage_taken":18,"relics_obtained":["TungstenRod"],"max_hp_gain":0,"max_hp_loss":0,"event_name":"Scrap Ooze","floor":8,"gold_loss":0},{"damage_healed":0,"gold_gain":75,"player_choice":"Gather Gold","damage_taken":11,"max_hp_gain":0,"max_hp_loss":0,"event_name":"World of Goop","floor":12,"gold_loss":0},{"damage_healed":0,"gold_gain":0,"player_choice":"Inject Mutagens","damage_taken":0,"relics_obtained":["MutagenicStrength"],"max_hp_gain":0,"max_hp_loss":0,"event_name":"Drug Dealer","floor":19,"gold_loss":0},{"damage_healed":0,"gold_gain":0,"player_choice":"Fought Bandits","damage_taken":0,"max_hp_gain":0,"max_hp_loss":0,"event_name":"Masked Bandits","floor":20,"gold_loss":0},{"damage_healed":0,"gold_gain":0,"player_choice":"Gave Potion","damage_taken":0,"relics_obtained":["Orichalcum"],"max_hp_gain":0,"max_hp_loss":0,"event_name":"WeMeetAgain","floor":21,"gold_loss":0},{"damage_healed":0,"gold_gain":0,"player_choice":"Ignored","damage_taken":0,"max_hp_gain":0,"max_hp_loss":0,"event_name":"Cursed Tome","floor":30,"gold_loss":0}],"is_beta":false,"boss_relics":[{"not_picked":["Black Star","Runic Dome"],"picked":"Empty Cage"}],"items_purged_floors":[27],"is_endless":false,"potions_floor_spawned":[6,16,18,25,29],"killed_by":"Automaton","ascension_level":15}}