{"host":"4a0aa7b2d8dxohwr","time":1608455254,"event":{"mods":["Act Like it!","BaseMod","Dota2Spire","Gensokyo","GifTheSpireLib","GungeonMod","Lobotomy","LobotomyExtend","Marisa£®ÏF”Í°°ƒß¿Ì…≥£©","Minty Spire (QoL Compilation)","Reimu£®≤©¿ˆ¡È√Œ£©","Remilia£®¿Ÿ√◊¿Ú—«£©","Replay The Spire","Shop Mod","StSLib","The Senshi","Youmu£®ªÍ∆«—˝√Œ£©"],"gold_per_floor":[118,134,147,147,157,185,196,196,220,220,232,232,261,261,261,261,261],"floor_reached":16,"playtime":514,"items_purged":[],"score":185,"play_id":"dc88c746-e453-412d-ba54-ab0d987231ee","local_time":"20201220170734","is_ascension_mode":true,"campfire_choices":[{"data":"ScarletImprint","floor":10,"key":"SMITH"},{"data":"Stigmanizer","floor":12,"key":"SMITH"},{"data":"DemonKingCradle","floor":15,"key":"SMITH"}],"circlet_count":0,"master_deck":["AscendersBane","Strike_RM","Strike_RM","Strike_RM","Strike_RM","Defend_RM","Defend_RM","Defend_RM","Defend_RM","RedMoon","ScarletShoot","Scorched","StarOfDavid+1","Dazed","Stigmanizer+1","VampireKiss","ScarletImprint+1","MastersStateliness","DemonKingCradle+1"],"relics":["ScarletHat","CogitoBucket","LetterFromLob","DemoMod:PoisonVial","HellTrain","Vajra","StrikeDummy"],"acts_visited":["Exordium"],"potions_floor_usage":[],"damage_taken":[{"damage":0,"enemies":"Jaw Worm","floor":1,"turns":3},{"damage":0,"enemies":"Small Slimes","floor":2,"turns":1},{"damage":0,"enemies":"2 Louse","floor":3,"turns":3},{"damage":1,"enemies":"2 Fungi Beasts","floor":5,"turns":3},{"damage":10,"enemies":"Replay:BlueRogue","floor":6,"turns":4},{"damage":0,"enemies":"Large Slime","floor":7,"turns":1},{"damage":0,"enemies":"Looter","floor":11,"turns":3},{"damage":11,"enemies":"Lagavulin","floor":13,"turns":5},{"damage":71,"enemies":"Hexaghost","floor":16,"turns":5}],"seed_played":"-7871558678158722819","potions_obtained":[{"floor":2,"key":"GamblersBrew"},{"floor":3,"key":"GrandPatriotsElixir:ReiMu"}],"is_trial":false,"path_per_floor":["M","M","M","?","M","E","M","E","T","R","M","R","E","?","R","B"],"character_chosen":"REMILIA","items_purchased":[],"campfire_rested":0,"item_purchase_floors":[],"current_hp_per_floor":[68,68,70,70,69,60,60,60,60,60,61,61,63,63,63,0,0],"gold":261,"neow_bonus":"","is_daily":false,"chose_seed":false,"campfire_upgraded":3,"win_rate":0.0,"timestamp":1608455254,"path_taken":["M","M","M","?","M","E","M","E","T","R","M","R","E","?","R","BOSS"],"items_purchased_type":[],"build_version":"2020-12-13","purchased_purges":0,"victory":false,"max_hp_per_floor":[75,75,75,75,75,75,75,75,75,75,75,75,75,75,75,75,75],"card_choices":[{"not_picked":["WallGazer","Variant"],"picked":"Scorched","floor":1},{"not_picked":["DevilSight","AfternoonTea"],"picked":"StarOfDavid","floor":1},{"not_picked":["RedRainbow","BlasphemousPunishment","BadLadyScramble"],"picked":"SKIP","floor":2},{"not_picked":["CurseOfVladTepes","BlasphemousPunishment"],"picked":"VampireClaw","floor":3},{"not_picked":["VampireKiss","ScarletDevilSign"],"picked":"Stigmanizer","floor":5},{"not_picked":["FavorOfDestiny","ChaoticDestiny"],"picked":"VampireKiss","floor":6},{"not_picked":["UnstableMagic","BombardNight"],"picked":"ScarletImprint","floor":7},{"not_picked":["ScarletGensokyo","EndlessAdversity"],"picked":"MastersStateliness","floor":11},{"not_picked":["AfternoonTea","ScarletImprint"],"picked":"DemonKingCradle","floor":13}],"player_experience":443777,"relics_obtained":[{"floor":1,"key":"LetterFromLob"},{"floor":6,"key":"DemoMod:PoisonVial"},{"floor":9,"key":"Vajra"},{"floor":13,"key":"StrikeDummy"}],"event_choices":[{"damage_healed":0,"gold_gain":0,"player_choice":"Ignored","damage_taken":0,"max_hp_gain":0,"max_hp_loss":0,"event_name":"Liars Game","floor":14,"gold_loss":0}],"is_beta":false,"boss_relics":[],"items_purged_floors":[],"is_endless":false,"potions_floor_spawned":[2,3,6],"killed_by":"Hexaghost","ascension_level":13}}