{"host":"6pgtslebjnyv5xmi","time":1608450739,"event":{"mods":["AchievementEnabler","BaseMod","Colored Map","Minty Spire (QoL Compilation)","Rare Cards Sparkle","SuperFastMode","everything is the same but u backflip on backflip"],"gold_per_floor":[116,191,191,30,30,30,63,87,114,132,155,155,155,105,105,228,228,247,260,278,294,65,65,96,96,96,109,129,152,165,180,180,180,180],"floor_reached":33,"playtime":1927,"items_purged":["Defend_B"],"score":311,"play_id":"de44eaff-6536-4038-95f7-6d1c05eeb2e7","local_time":"20201220165219","is_ascension_mode":true,"campfire_choices":[{"data":"Multi-Cast","floor":6,"key":"SMITH"},{"data":"Zap","floor":12,"key":"SMITH"},{"data":"Dualcast","floor":15,"key":"SMITH"},{"data":"Consume","floor":23,"key":"SMITH"},{"data":"Core Surge","floor":25,"key":"SMITH"},{"data":"Electrodynamics","floor":32,"key":"SMITH"}],"circlet_count":0,"master_deck":["Strike_B","Strike_B","Strike_B","Defend_B","Defend_B","Defend_B","Zap+1","Dualcast+1","Beam Cell","Multi-Cast+1","Rebound","Glacier","Self Repair","Core Surge+1","Consume+1","Redo+1","Cold Snap+1","Zap+1","Reinforced Body","Turbo","Tempest+1","Electrodynamics+1"],"relics":["Cracked Core","NeowsBlessing","Golden Idol","Orichalcum","Akabeko","Runic Pyramid","DollysMirror","Bottled Flame","HornCleat"],"acts_visited":["Exordium","TheCity"],"potions_floor_usage":[16,21,28,33,33],"damage_taken":[{"damage":0,"enemies":"Jaw Worm","floor":1,"turns":1},{"damage":0,"enemies":"Gremlin Nob","floor":7,"turns":1},{"damage":0,"enemies":"2 Louse","floor":8,"turns":1},{"damage":0,"enemies":"Small Slimes","floor":10,"turns":2},{"damage":2,"enemies":"Red Slaver","floor":11,"turns":2},{"damage":44,"enemies":"Slime Boss","floor":16,"turns":18},{"damage":40,"enemies":"2 Thieves","floor":18,"turns":4},{"damage":0,"enemies":"Chosen","floor":19,"turns":4},{"damage":22,"enemies":"3 Cultists","floor":20,"turns":7},{"damage":23,"enemies":"Centurion and Healer","floor":21,"turns":5},{"damage":35,"enemies":"Slavers","floor":24,"turns":7},{"damage":15,"enemies":"Shelled Parasite and Fungi","floor":27,"turns":4},{"damage":18,"enemies":"Snake Plant","floor":28,"turns":3},{"damage":0,"enemies":"Centurion and Healer","floor":29,"turns":7},{"damage":11,"enemies":"Shelled Parasite and Fungi","floor":30,"turns":5},{"damage":10,"enemies":"Snake Plant","floor":31,"turns":3},{"damage":21,"enemies":"Champ","floor":33,"turns":7}],"seed_played":"-7885535708022750511","potions_obtained":[{"floor":10,"key":"FairyPotion"},{"floor":16,"key":"Fruit Juice"},{"floor":20,"key":"Regen Potion"},{"floor":27,"key":"FearPotion"},{"floor":28,"key":"Swift Potion"},{"floor":30,"key":"EssenceOfSteel"}],"is_trial":false,"path_per_floor":["M","?","?","$","?","R","E","M","T","M","M","R","?","?","R","B",null,"M","M","M","M","$","R","E","R","T","M","M","M","M","M","R","B"],"character_chosen":"DEFECT","items_purchased":["Multi-Cast","DollysMirror"],"campfire_rested":0,"item_purchase_floors":[4,22],"current_hp_per_floor":[75,64,46,46,46,46,46,46,46,46,44,44,69,69,69,37,80,47,54,39,37,37,37,9,9,9,28,10,17,13,10,10,0,0],"gold":180,"neow_bonus":"THREE_ENEMY_KILL","is_daily":false,"chose_seed":false,"campfire_upgraded":6,"win_rate":0.0,"timestamp":1608450739,"path_taken":["M","?","?","?","?","R","E","?","T","M","M","R","?","?","R","BOSS","M","M","M","M","$","R","E","R","T","M","M","M","M","M","R","BOSS"],"items_purchased_type":["Card","Relic"],"build_version":"2020-12-13","purchased_purges":1,"victory":false,"max_hp_per_floor":[75,75,75,75,75,75,75,75,75,75,75,75,75,75,75,80,80,80,80,80,80,80,80,80,80,80,80,80,80,80,80,80,80,80],"card_choices":[{"not_picked":["Leap","Static Discharge"],"picked":"Beam Cell","floor":1},{"not_picked":["Conserve Battery","Gash"],"picked":"Rebound","floor":7},{"not_picked":["Sweeping Beam","Go for the Eyes"],"picked":"Glacier","floor":8},{"not_picked":["Streamline","Hello World"],"picked":"Self Repair","floor":10},{"not_picked":["Hello World","Static Discharge","Recycle"],"picked":"SKIP","floor":11},{"not_picked":["Multi-Cast","Machine Learning"],"picked":"Core Surge","floor":16},{"not_picked":["Turbo","Hologram"],"picked":"Consume","floor":18},{"not_picked":["Fusion","Conserve Battery+1"],"picked":"Redo+1","floor":19},{"not_picked":["Static Discharge","Conserve Battery","Doom and Gloom"],"picked":"SKIP","floor":20},{"not_picked":["Gash","Stack"],"picked":"Cold Snap+1","floor":21},{"not_picked":["Stack+1","Skim","Gash"],"picked":"SKIP","floor":24},{"not_picked":["Rebound","Barrage"],"picked":"Reinforced Body","floor":27},{"not_picked":["Hologram","Conserve Battery+1"],"picked":"Turbo","floor":28},{"not_picked":["Gash","Aggregate"],"picked":"Tempest+1","floor":29},{"not_picked":["FTL+1","White Noise+1","Chill"],"picked":"SKIP","floor":30},{"not_picked":["Cold Snap","Steam"],"picked":"Electrodynamics","floor":31}],"player_experience":274822,"relics_obtained":[{"floor":7,"key":"Orichalcum"},{"floor":9,"key":"Akabeko"},{"floor":24,"key":"Bottled Flame"},{"floor":26,"key":"HornCleat"}],"event_choices":[{"damage_healed":0,"gold_gain":75,"player_choice":"Gather Gold","damage_taken":11,"max_hp_gain":0,"max_hp_loss":0,"event_name":"World of Goop","floor":2,"gold_loss":0},{"damage_healed":0,"gold_gain":0,"player_choice":"Take Damage","damage_taken":18,"relics_obtained":["Golden Idol"],"max_hp_gain":0,"max_hp_loss":0,"event_name":"Golden Idol","floor":3,"gold_loss":0},{"damage_healed":0,"gold_gain":0,"player_choice":"Ignored","damage_taken":0,"max_hp_gain":0,"max_hp_loss":0,"event_name":"WeMeetAgain","floor":5,"gold_loss":0},{"damage_healed":25,"gold_gain":0,"player_choice":"Banana","damage_taken":0,"max_hp_gain":0,"max_hp_loss":0,"event_name":"Big Fish","floor":13,"gold_loss":0},{"cards_removed":["Strike_B"],"damage_healed":0,"gold_gain":0,"player_choice":"Card Removal","damage_taken":0,"max_hp_gain":0,"max_hp_loss":0,"event_name":"The Cleric","floor":14,"gold_loss":50}],"is_beta":false,"boss_relics":[{"not_picked":["SacredBark","Calling Bell"],"picked":"Runic Pyramid"}],"items_purged_floors":[22],"is_endless":false,"potions_floor_spawned":[10,16,20,27,28,30],"killed_by":"Champ","ascension_level":1}}