{"host":"g2lr277mwibby3fj","time":1608467899,"event":{"mods":["BaseMod","Googly Eyes","Minty Spire (QoL Compilation)","StSLib","TestMod"],"gold_per_floor":[114,125,125,137,12,42,42,59,59,73,53,68,68,84,84,188,188,204,229,245,56,72,72,107,127,127,127,1,32,48,148,148,250,250,262,212,223,236,236,263,263,263,345,355,369,369,384,411,411,411],"floor_reached":51,"playtime":1822,"items_purged":["Defend_P","Defend_P","Strike_P+1","Establishment+1"],"score":926,"play_id":"1457c8ee-7e26-40bc-bb36-28e6f10aae26","local_time":"20201220203819","is_ascension_mode":false,"campfire_choices":[{"data":"Tantrum","floor":7.0,"key":"SMITH"},{"data":"InnerPeace","floor":13.0,"key":"SMITH"},{"data":"CutThroughFate","floor":15.0,"key":"SMITH"},{"data":"Scrawl","floor":23.0,"key":"SMITH"},{"floor":32.0,"key":"REST"},{"data":"BattleHymn+1","floor":41,"key":"PURGE"},{"data":"Strike_P+1","floor":46,"key":"PURGE"},{"data":"Strike_P+1","floor":49,"key":"PURGE"}],"circlet_count":0,"master_deck":["Eruption+1","Vigilance+1","Tantrum+1","InnerPeace+1","CutThroughFate+1","Fasting2+1","LessonLearned+1","ConjureBlade+1","Scrawl+1","Adaptation+1","Adaptation+1","FearNoEvil+1"],"relics":["PureWater","testmod-TestBox","testmod-IncinerationGenerator","testmod-Antiphasic","Smiling Mask","Damaru","Astrolabe","Art of War","InkBottle","Question Card","Ancient Tea Set","Peace Pipe","Singing Bowl","testmod-CardMagician","testmod-LifeArmor","Darkstone Periapt","MealTicket"],"acts_visited":["Exordium","TheCity","TheBeyond"],"potions_floor_usage":[37],"damage_taken":[{"damage":2.0,"enemies":"Cultist","floor":1.0,"turns":3.0},{"damage":3.0,"enemies":"Jaw Worm","floor":2.0,"turns":2.0},{"damage":0.0,"enemies":"Small Slimes","floor":4.0,"turns":2.0},{"damage":0.0,"enemies":"Gremlin Nob","floor":6.0,"turns":2.0},{"damage":0.0,"enemies":"Red Slaver","floor":8.0,"turns":2.0},{"damage":0.0,"enemies":"3 Louse","floor":10.0,"turns":2.0},{"damage":0.0,"enemies":"Exordium Wildlife","floor":12.0,"turns":1.0},{"damage":0.0,"enemies":"Large Slime","floor":14.0,"turns":2.0},{"damage":0.0,"enemies":"Slime Boss","floor":16.0,"turns":3.0},{"damage":0.0,"enemies":"3 Byrds","floor":18.0,"turns":3.0},{"damage":1.0,"enemies":"Chosen","floor":20.0,"turns":3.0},{"damage":21.0,"enemies":"Snake Plant","floor":22.0,"turns":4.0},{"damage":0.0,"enemies":"Book of Stabbing","floor":24.0,"turns":1.0},{"damage":3.0,"enemies":"Snecko","floor":25.0,"turns":3.0},{"damage":41.0,"enemies":"Slavers","floor":29.0,"turns":3.0},{"damage":18.0,"enemies":"Sentry and Sphere","floor":30.0,"turns":3.0},{"damage":14.0,"enemies":"Colosseum Slavers","floor":31.0,"turns":2.0},{"damage":4.0,"enemies":"Colosseum Nobs","floor":31.0,"turns":3.0},{"damage":12.0,"enemies":"Champ","floor":33.0,"turns":2.0},{"damage":0.0,"enemies":"Orb Walker","floor":35.0,"turns":1.0},{"damage":10,"enemies":"3 Darklings","floor":37,"turns":2},{"damage":0,"enemies":"Sphere and 2 Shapes","floor":38,"turns":2},{"damage":6,"enemies":"Reptomancer","floor":40,"turns":2},{"damage":0,"enemies":"Spire Growth","floor":44,"turns":1},{"damage":0,"enemies":"Jaw Worm Horde","floor":45,"turns":1},{"damage":2,"enemies":"4 Shapes","floor":47,"turns":2},{"damage":0,"enemies":"Nemesis","floor":48,"turns":1},{"damage":12,"enemies":"Time Eater","floor":50,"turns":2}],"seed_played":"-3976254053424275820","potions_obtained":[{"floor":1.0,"key":"BottledMiracle"},{"floor":2.0,"key":"Block Potion"},{"floor":11.0,"key":"EntropicBrew"},{"floor":14.0,"key":"testmod-SpacePotion"},{"floor":20.0,"key":"Swift Potion"},{"floor":30.0,"key":"DuplicationPotion"},{"floor":33.0,"key":"Weak Potion"},{"floor":35.0,"key":"SpeedPotion"},{"floor":40,"key":"LiquidBronze"},{"floor":47,"key":"Block Potion"}],"is_trial":false,"path_per_floor":["M","M","?","M","$","E","R","M","T","M","?","M","R","M","R","B",null,"M","T","M","$","M","R","E","M","T","?","$","E","M","?","R","B",null,"M","$","M","M","?","E","R","?","T","M","M","R","M","E","R","B",null],"character_chosen":"WATCHER","items_purchased":["Swift Potion","Scrawl","testmod-SpacePotion"],"campfire_rested":1,"item_purchase_floors":[5,21,28],"current_hp_per_floor":[70,67,67,67,67,67,67,67,67,67,67,67,67,67,67,67,72,72,72,71,71,50,50,50,47,47,47,47,6,23,7,30,20,81,83,83,75,77,77,73,73,69,69,69,71,71,71,73,73,61],"gold":411,"neow_bonus":"RANDOM_COMMON_RELIC","is_daily":false,"chose_seed":false,"campfire_upgraded":4,"win_rate":0.0,"timestamp":1608467899,"path_taken":["M","?","?","M","$","E","R","M","T","M","?","M","R","M","R","BOSS","M","?","M","$","M","R","E","M","T","?","?","E","M","?","R","BOSS","M","$","M","M","?","E","R","?","T","M","M","R","M","E","R","BOSS"],"items_purchased_type":["Potion","Card","Potion"],"build_version":"2020-12-13","purchased_purges":4,"victory":true,"max_hp_per_floor":[72,72,72,72,72,72,72,72,72,72,72,72,72,72,72,72,72,72,72,72,72,72,72,72,72,72,72,72,72,77,79,79,81,81,83,83,85,87,87,89,89,95,95,95,97,97,99,101,101,101],"card_choices":[{"not_picked":["Adaptation","Study"],"picked":"Tantrum","floor":1.0},{"not_picked":["Worship","MentalFortress","Evaluate"],"picked":"SKIP","floor":2.0},{"not_picked":["FlurryOfBlows","Wallop"],"picked":"InnerPeace","floor":4.0},{"not_picked":["FollowUp","BowlingBash"],"picked":"BattleHymn","floor":6.0},{"not_picked":["Sanctity","JustLucky","CarveReality"],"picked":"SKIP","floor":8.0},{"not_picked":["InnerPeace","FollowUp","Prostrate"],"picked":"SKIP","floor":10.0},{"not_picked":["Prostrate","Perseverance"],"picked":"CutThroughFate","floor":12.0},{"not_picked":["Prostrate","Consecrate","CrushJoints"],"picked":"SKIP","floor":14.0},{"not_picked":["Judgement","LessonLearned"],"picked":"Establishment","floor":16.0},{"not_picked":["BowlingBash+1","ClearTheMind+1","ThirdEye"],"picked":"SKIP","floor":18.0},{"not_picked":["CutThroughFate","JustLucky","FlyingSleeves"],"picked":"SKIP","floor":20.0},{"not_picked":["JustLucky+1","FollowUp","CrushJoints"],"picked":"SKIP","floor":22.0},{"not_picked":["CrushJoints","EmptyFist","SashWhip"],"picked":"SKIP","floor":24.0},{"not_picked":["DeceiveReality","JustLucky","CutThroughFate+1"],"picked":"SKIP","floor":25.0},{"not_picked":["PathToVictory","Crescendo+1","ClearTheMind","EmptyMind"],"picked":"SKIP","floor":29.0},{"not_picked":["Indignation+1","WreathOfFlame+1","Judgement"],"picked":"Adaptation+1","floor":30.0},{"not_picked":["ClearTheMind+1","SignatureMove","Prostrate+1","Weave"],"picked":"Singing Bowl","floor":31.0},{"not_picked":["SpiritShield","ConjureBlade","Scrawl","Brilliance"],"picked":"Singing Bowl","floor":33.0},{"not_picked":["DeceiveReality+1","FlyingSleeves+1","FollowUp+1","ThirdEye"],"picked":"Singing Bowl","floor":35.0},{"not_picked":["FollowUp+1","Consecrate+1","Meditate","Evaluate+1"],"picked":"Singing Bowl","floor":37},{"not_picked":["JustLucky+1","Perseverance","FlyingSleeves","Crescendo+1"],"picked":"Singing Bowl","floor":38},{"not_picked":["DeceiveReality","Pray+1","Blasphemy","WaveOfTheHand"],"picked":"Singing Bowl","floor":40},{"not_picked":["Dramatic Entrance","testmod-ConditionedReflex","testmod-PocketStoneCalender","testmod-Collector"],"picked":"Singing Bowl","floor":42},{"not_picked":["Bandage Up","testmod-PainDetonator","testmod-BackupPower","Finesse"],"picked":"Singing Bowl","floor":42},{"not_picked":["testmod-Provocation","testmod-Illusory","Bandage Up","testmod-EnhanceArmerment"],"picked":"Singing Bowl","floor":42},{"not_picked":["Protect+1","JustLucky+1","FollowUp+1"],"picked":"FearNoEvil+1","floor":44},{"not_picked":["Wireheading","DeceiveReality","FlyingSleeves","CutThroughFate"],"picked":"Singing Bowl","floor":45},{"not_picked":["PathToVictory","Consecrate+1","SashWhip+1","ClearTheMind+1"],"picked":"Singing Bowl","floor":47},{"not_picked":["ReachHeaven+1","EmptyBody","Tantrum","SignatureMove+1"],"picked":"Singing Bowl","floor":48}],"player_experience":478366,"relics_obtained":[{"floor":6.0,"key":"Smiling Mask"},{"floor":9.0,"key":"Damaru"},{"floor":19.0,"key":"Art of War"},{"floor":24.0,"key":"InkBottle"},{"floor":26.0,"key":"Question Card"},{"floor":29.0,"key":"Ancient Tea Set"},{"floor":31.0,"key":"Peace Pipe"},{"floor":31.0,"key":"Singing Bowl"},{"floor":40,"key":"testmod-LifeArmor"},{"floor":43,"key":"Darkstone Periapt"},{"floor":48,"key":"MealTicket"}],"event_choices":[{"damage_healed":0.0,"max_hp_gain":0.0,"max_hp_loss":0.0,"gold_gain":0.0,"event_name":"Liars Game","player_choice":"Ignored","floor":3.0,"gold_loss":0.0,"damage_taken":0.0},{"damage_healed":0.0,"max_hp_gain":0.0,"max_hp_loss":0.0,"gold_gain":0.0,"event_name":"The Woman in Blue","player_choice":"Bought 1 Potion","floor":11.0,"gold_loss":0.0,"damage_taken":0.0},{"damage_healed":0.0,"max_hp_gain":0.0,"max_hp_loss":0.0,"gold_gain":0.0,"event_name":"The Library","player_choice":"Read","floor":27.0,"gold_loss":0.0,"damage_taken":0.0,"cards_obtained":["Adaptation"]},{"damage_healed":0.0,"max_hp_gain":0.0,"max_hp_loss":0.0,"gold_gain":0.0,"event_name":"Colosseum","player_choice":"Fight","floor":31.0,"gold_loss":0.0,"damage_taken":0.0},{"damage_healed":0.0,"max_hp_gain":0.0,"max_hp_loss":0.0,"gold_gain":0.0,"event_name":"Colosseum","player_choice":"Fought Nobs","floor":31.0,"gold_loss":0.0,"damage_taken":0.0},{"damage_healed":0,"gold_gain":0,"player_choice":"Ignored","damage_taken":0,"max_hp_gain":0,"max_hp_loss":0,"event_name":"Tomb of Lord Red Mask","floor":39,"gold_loss":0},{"damage_healed":0,"gold_gain":0,"player_choice":"Memory 3","damage_taken":10,"max_hp_gain":0,"max_hp_loss":0,"event_name":"SensoryStone","floor":42,"gold_loss":0}],"is_beta":false,"boss_relics":[{"not_picked":["testmod-Prudence","testmod-BatchProcessingSystem"],"picked":"Astrolabe"},{"not_picked":["testmod-KeyOfTheVoid","testmod-NegativeEmotionEnhancer"],"picked":"testmod-CardMagician"}],"items_purged_floors":[5,21,28,36],"is_endless":false,"potions_floor_spawned":[1,2,8,14,20,30,31,33,35,40,47],"ascension_level":0}}