{"host":"07tcb8n8jdavk3gs","time":1608493814,"event":{"mods":["BaseMod","Colored Map","Hermit","Marisa????????","Minty Spire (QoL Compilation)","StSLib","The Animator","The Cursed","The Servant 0.9.4"],"gold_per_floor":[30,56,81,94,94,94,94],"floor_reached":6,"playtime":561,"items_purged":[],"score":67,"play_id":"bd5208e4-f0db-420a-b543-db1caf1ae084","local_time":"20201220135014","is_ascension_mode":true,"campfire_choices":[],"circlet_count":0,"master_deck":["AscendersBane","animator:Strike_Overlord","animator:Defend_Overlord","animator:Strike","animator:Strike","animator:Strike","animator:Defend","animator:Defend","animator:Defend","animator:Cocytus","animator:Demiurge","animator:Gilgamesh","animator:Witch","animator:Shuna","animator:Evileye","animator:Cocytus"],"relics":["animator:LivingPicture","animator:TheMissingPiece"],"acts_visited":["Exordium"],"potions_floor_usage":[3,6],"damage_taken":[{"damage":10,"enemies":"Cultist","floor":1,"turns":5},{"damage":0,"enemies":"Small Slimes","floor":2,"turns":6},{"damage":11,"enemies":"Jaw Worm","floor":3,"turns":9},{"damage":1,"enemies":"3 Louse","floor":4,"turns":5},{"damage":35,"enemies":"3 Sentries","floor":6,"turns":10}],"seed_played":"-6264252339387257303","potions_obtained":[{"floor":2,"key":"AttackPotion"}],"is_trial":false,"path_per_floor":["M","M","M","M","T","E"],"character_chosen":"THE_ANIMATOR","items_purchased":[],"campfire_rested":0,"item_purchase_floors":[],"current_hp_per_floor":[44,44,33,32,32,0,0],"gold":94,"neow_bonus":"THREE_RARE_CARDS","is_daily":false,"chose_seed":false,"campfire_upgraded":0,"win_rate":0.0,"timestamp":1608493814,"path_taken":["M","M","?","?","?","E"],"items_purchased_type":[],"build_version":"2020-12-13","purchased_purges":0,"victory":false,"max_hp_per_floor":[60,60,60,60,60,60,60],"card_choices":[{"not_picked":["animator:HomuraAkemi","animator:FeridBathory"],"picked":"animator:Gilgamesh","floor":0},{"not_picked":["animator:Benimaru","animator:Entoma"],"picked":"animator:Witch","floor":1},{"not_picked":["animator:Tyuule","animator:LeleiLaLalena"],"picked":"animator:Shuna","floor":2},{"not_picked":["animator:LizardPriest","animator:Entoma"],"picked":"animator:Evileye","floor":3},{"not_picked":["animator:NarberalGamma","animator:PandorasActor"],"picked":"animator:Cocytus","floor":4}],"player_experience":901689,"relics_obtained":[],"event_choices":[],"is_beta":false,"boss_relics":[],"items_purged_floors":[],"is_endless":false,"potions_floor_spawned":[2],"killed_by":"3 Sentries","ascension_level":15}}