{"host":"3ghjvsatr2fxka2l","time":1608496350,"event":{"mods":["2.2 Compatiblity","AchievementEnabler","Act Like it!","Aspiration","BaseMod","Better Third Choice","Better Vampires","BetterRewards","Clawfect","Colored Powertips","Conspire","Curses Come First","Defuse TimeMaze Blight","Displayed Cursed Tome","Energized Spire","Gold Saver","Grow up Mod","Hallownest","Hubris","Infinite Spire","Lobotomy","Marked Mod","Minty Spire (QoL Compilation)","Quick Restart","Replay The Spire","SacredBarkPlus","StSLib","The Blue Laboratory","The Bug Knight","Transform Curses","Uncapped","Waifu the Spire","Wandering Minibosses","vexMod","??????REMEMod"],"gold_per_floor":[119,119,166,193,211,211,96,96,96,111,111,111,207,207,207,232,232,334,334,349,349,364,208,247,282,382,382,382,447,464,439,439,449,449,549,549,560,560,475,475,486,486,486],"floor_reached":42,"playtime":2838,"items_purged":["Replay:Battleflow"],"score":462,"play_id":"f8c4cba2-0127-4cc5-b994-aef14fc0df92","local_time":"20201220123230","is_ascension_mode":false,"campfire_choices":[{"data":"ScreamingWedge","floor":6.0,"key":"SMITH"},{"data":"JustLucky","floor":17.0,"key":"SMITH"},{"data":"WindmillStrike","floor":27.0,"key":"SMITH"},{"data":"Alpha","floor":32.0,"key":"SMITH"},{"data":"JustLucky","floor":34.0,"key":"SMITH"}],"circlet_count":0,"master_deck":["Strike_P","Strike_P","Strike_P","Strike_P+1","Defend_P","Defend_P","Defend_P","Defend_P","Eruption+1","REME_Repentance","VoidDream","MarkedMod:Acupuncture","JustLucky+1","Prostrate","Alpha+1","RedShoes","LittleHelper","JustLucky+1","MarkedMod:PinPointDefense","MarkedMod:PinPointDefense+1","WindmillStrike+1","MHz","MarkedMod:PinPointDefense","Scorched","Wireheading+1","Ragnarok","MarkedMod:OneThousandNeedles+1","Hallownest:skillKingdomsEdgeMap","CutThroughFate+1","hubris:NaturalOne"],"relics":["PureWater","REME_ComplimentaryCards","hubris:Towel","MealTicket","Odd Mushroom","hubris:Icosahedron","StrikeDummy","Regal Pillow","energizedSpire:BlackCloud","LuminousBracelet","Juzu Bracelet","Replay:Accelerometer","Replay:Wax Seal","Whetstone","wanderingMiniBosses:ThiefScarf","CogitoBucket","Replay:Rubber Ducky","vexMod:RetaliationKit","AdjustmentMirror","hubris:Backtick","Membership Card","Shuriken","Kunai"],"acts_visited":["Exordium","Hallownest:Greenpath","Hallownest:CityofTears"],"potions_floor_usage":[],"damage_taken":[{"damage":0.0,"enemies":"Hallownest:monsterHuskWarrior","floor":1.0,"turns":2.0},{"damage":1.0,"enemies":"2_ Uuma","floor":5.0,"turns":5.0},{"damage":0.0,"enemies":"Hallownest:monsterHuskGuard","floor":10.0,"turns":5.0},{"damage":3.0,"enemies":"Hallownest:eliteCrystalGuardian","floor":16.0,"turns":5.0},{"damage":69.0,"enemies":"Hallownest:BossFalseKnight","floor":18.0,"turns":12.0},{"damage":14.0,"enemies":"Hallownest:Guard_and_Sentry","floor":20.0,"turns":5.0},{"damage":28.0,"enemies":"Hallownest:3_Youths","floor":22.0,"turns":4.0},{"damage":24.0,"enemies":"conspire:MimicChest","floor":24.0,"turns":6.0},{"damage":31.0,"enemies":"Nightmare","floor":25.0,"turns":6.0},{"damage":165.0,"enemies":"Hallownest:Glutton_and_Coward","floor":26.0,"turns":7.0},{"damage":20.0,"enemies":"Hallownest:Warrior_and_Youth","floor":29.0,"turns":8.0},{"damage":38.0,"enemies":"Hallownest:2_Husk_Sentries","floor":30.0,"turns":6.0},{"damage":56.0,"enemies":"Hallownest:Master_and_Novice","floor":33.0,"turns":5.0},{"damage":37.0,"enemies":"Hallownest:BossMantisLord","floor":35.0,"turns":7.0},{"damage":90.0,"enemies":"Hallownest:2_Littles","floor":37.0,"turns":4.0},{"damage":47,"enemies":"Hallownest:Shield_Heavy","floor":41,"turns":4},{"damage":35,"enemies":"Hallownest:StalkingDevout","floor":42,"turns":4}],"seed_played":"2830499785082730250","potions_obtained":[{"floor":1.0,"key":"blueLaboratory:MidnightOil"},{"floor":16.0,"key":"blueLaboratory:BottleOfRum"},{"floor":22.0,"key":"Explosive Potion"},{"floor":24.0,"key":"blueLaboratory:AbyssPotion"},{"floor":30.0,"key":"blueLaboratory:BottleOfRum"},{"floor":35.0,"key":"blueLaboratory:PressurePotion"}],"is_trial":false,"path_per_floor":["M","?","?","T","M","R","?","?","T","M","$","$","?","PTL","PTL","E","R","B",null,"M","AVR","M","$","?","NM","M","R","T","M","M","?","R","M","R","B",null,"M","?","?","?","M","E"],"character_chosen":"WATCHER","items_purchased":["MarkedMod:PinPointDefense"],"campfire_rested":0,"item_purchase_floors":[23],"current_hp_per_floor":[92,102,112,122,131,141,151,161,171,181,192,202,162,172,182,189,199,140,272,283,293,281,306,314,301,176,186,196,189,165,175,185,142,152,173,457,386,396,406,416,385,353,353],"gold":486,"neow_bonus":"","is_daily":false,"chose_seed":false,"campfire_upgraded":5,"win_rate":0.0,"timestamp":1608496350,"path_taken":["M","?","?","?","M","R","?","?","T","M","?","$","?","PTL","PTL","E","R","BOSS","M","AVR","M","$","?","NM","M","R","T","M","M","?","R","M","R","BOSS","M","?","?","?","M","E"],"items_purchased_type":["Card"],"build_version":"2020-12-13","purchased_purges":1,"victory":false,"max_hp_per_floor":[92,102,112,122,132,142,152,162,172,182,192,202,212,222,232,242,252,262,272,297,307,317,327,337,347,357,367,377,387,397,407,417,427,437,447,457,467,477,487,497,507,507,507],"card_choices":[{"not_picked":["Mercenary","LongBird","SnowQueen"],"picked":"Singing Bowl","floor":1.0},{"not_picked":["BattleHymn","CarveReality"],"picked":"Replay:Battleflow","floor":1.0},{"not_picked":["OldLady","BeautyBeast","UniverseFragment"],"picked":"Singing Bowl","floor":5.0},{"not_picked":["Meditate","Vengeance","Weave"],"picked":"SKIP","floor":5.0},{"not_picked":["FlyingSleeves","Blasphemy"],"picked":"REME_Repentance","floor":10.0},{"not_picked":["Scorched","SingingMachine","ShyLook"],"picked":"Singing Bowl","floor":10.0},{"not_picked":["RedShoes","ShyLook"],"picked":"VoidDream","floor":10.0},{"not_picked":["WreathOfFlame","CutThroughFate"],"picked":"MarkedMod:Acupuncture","floor":13.0},{"not_picked":["ClearTheMind","Replay:ManipulateFuture"],"picked":"JustLucky","floor":13.0},{"not_picked":["MarkedMod:FirstStrike","Swivel"],"picked":"Prostrate","floor":13.0},{"not_picked":["RedShoes","Freischutz","OSAHOGD"],"picked":"Singing Bowl","floor":16.0},{"not_picked":["ThirdEye","Crescendo","Indignation"],"picked":"SKIP","floor":16.0},{"not_picked":["MasterReality","Scrawl"],"picked":"Alpha","floor":18.0},{"not_picked":["SingingMachine","Murderer","Laetitia"],"picked":"Singing Bowl","floor":18.0},{"not_picked":["MHz","Scarecrow"],"picked":"RedShoes","floor":20.0},{"not_picked":["Nirvana+1","MarkedMod:FirstStrike+1","CrushJoints"],"picked":"SKIP","floor":20.0},{"not_picked":["NakedNest","Wellcheers"],"picked":"LittleHelper","floor":22.0},{"not_picked":["EmptyBody+1","ThirdEye"],"picked":"JustLucky","floor":22.0},{"not_picked":["PunishingBird","Porccubus","UniverseFragment"],"picked":"Singing Bowl","floor":24.0},{"not_picked":["Replay:BluntJabs","BowlingBash+1"],"picked":"MarkedMod:PinPointDefense+1","floor":24.0},{"not_picked":["Consecrate","Replay:AtTheReady"],"picked":"WindmillStrike","floor":25.0},{"not_picked":["OldLady","BigBadWolf","WhitesApple"],"picked":"Singing Bowl","floor":25.0},{"not_picked":["Yin","Bloodbath"],"picked":"MHz","floor":25.0},{"not_picked":["ClearTheMind","CrushJoints+1"],"picked":"MarkedMod:PinPointDefense","floor":26.0},{"not_picked":["Study","Replay:Vibes+1","EmptyMind"],"picked":"SKIP","floor":29.0},{"not_picked":["NakedNest","QueenOfHatred","QueenBee"],"picked":"Singing Bowl","floor":30.0},{"not_picked":["ShyLook","Rudolta"],"picked":"Scorched","floor":30.0},{"not_picked":["MarkedMod:ChiBlock","Consecrate","Replay:BluntJabs+1"],"picked":"SKIP","floor":30.0},{"not_picked":["Laetitia","Bloodbath","FairyFestival"],"picked":"Singing Bowl","floor":33.0},{"not_picked":["FlyingSleeves","ThirdEye"],"picked":"Wireheading+1","floor":33.0},{"not_picked":["REME_EmptyShield","Replay:AllIn"],"picked":"Ragnarok","floor":35.0},{"not_picked":["SnowQueen","LittlePrince","BigBadWolf"],"picked":"Singing Bowl","floor":35.0},{"not_picked":["WheelKick+1","Conclude+1"],"picked":"MarkedMod:OneThousandNeedles+1","floor":37.0},{"not_picked":["WallGazer","Bloodbath","LongBird"],"picked":"Singing Bowl","floor":37.0},{"not_picked":["UniverseFragment","PunishingBird","Laetitia"],"picked":"Singing Bowl","floor":41},{"not_picked":["WheelKick","Wallop"],"picked":"CutThroughFate+1","floor":41}],"player_experience":251269,"relics_obtained":[{"floor":4.0,"key":"MealTicket"},{"floor":9.0,"key":"StrikeDummy"},{"floor":16.0,"key":"Regal Pillow"},{"floor":24.0,"key":"Replay:Accelerometer"},{"floor":25.0,"key":"Replay:Wax Seal"},{"floor":28.0,"key":"Whetstone"},{"floor":29.0,"key":"wanderingMiniBosses:ThiefScarf"},{"floor":29.0,"key":"CogitoBucket"}],"event_choices":[{"damage_healed":0.0,"max_hp_gain":0.0,"max_hp_loss":0.0,"gold_gain":0.0,"event_name":"conspire:Investor","player_choice":"Leave","floor":40.0,"gold_loss":0.0,"damage_taken":0.0}],"is_beta":false,"boss_relics":[{"not_picked":["conspire:SlowCooker","Ectoplasm"],"picked":"energizedSpire:BlackCloud"},{"not_picked":["energizedSpire:RedRose","hubris:VirtuousBlindfold"],"picked":"hubris:Backtick"}],"items_purged_floors":[23],"is_endless":true,"potions_floor_spawned":[1,16,22,24,30,35],"killed_by":"Hallownest:StalkingDevout","ascension_level":0}}