{"host":"a1kj1kkwgoo3jtle","time":1608485468,"event":{"mods":["2.2 Compatiblity","AchievementEnabler","AlwaysNeverKeys","BaseMod","Better Synergies","Better Third Choice","Colored Powertips","Communication Mod","Custom Start","Downfall","Faster Ascension Climbing","Filter the Spire","Friendly Minions","GifTheSpireLib","Gremlin Skip","Highlight Path","HololiveMod","Infinite Spire","Luminous","Minty Spire (QoL Compilation)","Quick Restart","Reimu??????","Relic Stats","Remilia??????","Replay The Spire","Reworked Bosses","Shade Mod","StSLib","The Alterego","The Druid","The Exalted","The Runesmith","The Servant 0.9.4","TheSwordswoman","Wandering Minibosses","WarShipGirlsR/????R mod","Yuri Mod"],"gold_per_floor":[118,145,169,19,19,19,60,60,60,64,64],"floor_reached":10,"playtime":975,"items_purged":[],"score":132,"play_id":"64778560-3715-4c2e-ae3e-1119ccf8a3b8","local_time":"20201220193108","daily_mods":["Allstar","Heirloom","Uncertain Future"],"is_ascension_mode":true,"campfire_choices":[{"data":"Runesmith:CreatorForm","floor":6,"key":"SMITH"},{"floor":8,"key":"REST"}],"circlet_count":0,"master_deck":["AscendersBane","Runesmith:Strike_RS","Runesmith:Strike_RS","Runesmith:Strike_RS","Runesmith:Strike_RS","Runesmith:Defend_RS","Runesmith:Defend_RS","Runesmith:Defend_RS","Runesmith:Defend_RS","Runesmith:CraftFirestone","Runesmith:Fortify","Runesmith:PerfectChisel","Runesmith:CraftProtectio","Runesmith:CreatorForm+1","Runesmith:ChiselStab","Runesmith:Grindstone","Runesmith:Repurpose","Runesmith:Repurpose","Runesmith:ChargedHammer"],"relics":["Runesmith:BrokenRuby","Runesmith:Locket","Black Star","Question Card","Blood Vial","Replay:Bandana","SsserpentHead","FossilizedHelix","infinitespire:PuzzleCube","Replay:Bottled Flurry"],"acts_visited":["Exordium"],"potions_floor_usage":[3],"damage_taken":[{"damage":0,"enemies":"Cultist","floor":1,"turns":4},{"damage":8,"enemies":"2 Louse","floor":2,"turns":3},{"damage":10,"enemies":"Small Slimes","floor":3,"turns":3},{"damage":22,"enemies":"Lagavulin","floor":7,"turns":8},{"damage":74,"enemies":"Gremlin Nob","floor":10,"turns":4}],"seed_played":"3680208170031938085","potions_obtained":[{"floor":1,"key":"FearPotion"}],"is_trial":true,"path_per_floor":["M","M","M","$","?","R","E","R","T","E"],"character_chosen":"RUNESMITH_CLASS","items_purchased":["Runesmith:ChiselStab","Runesmith:Grindstone","Runesmith:Repurpose"],"campfire_rested":1,"item_purchase_floors":[4,4,4],"current_hp_per_floor":[61,55,47,47,47,47,27,46,46,0,0],"gold":64,"neow_bonus":"","is_daily":false,"chose_seed":false,"campfire_upgraded":1,"win_rate":0.0,"timestamp":1608485468,"path_taken":["M","M","?","$","?","R","E","R","T","E"],"items_purchased_type":["Card","Card","Card"],"build_version":"2020-12-13","purchased_purges":0,"victory":false,"max_hp_per_floor":[66,66,66,66,66,66,66,66,66,66,66],"relic_stats":{"Blood Vial":10,"SsserpentHead":0,"counters":[5,22],"Black Star":1,"Question Card":5,"obtain_stats":[{"Blood Vial":0,"SsserpentHead":5,"Runesmith:BrokenRuby":0,"Replay:Bandana":0,"Runesmith:Locket":0,"Black Star":0,"Replay:Bottled Flurry":9,"Question Card":0,"FossilizedHelix":7,"infinitespire:PuzzleCube":7},{"Blood Vial":0,"SsserpentHead":3,"Runesmith:BrokenRuby":0,"Replay:Bandana":0,"Runesmith:Locket":0,"Black Star":0,"Replay:Bottled Flurry":4,"Question Card":0,"FossilizedHelix":4,"infinitespire:PuzzleCube":4},{"Blood Vial":0,"SsserpentHead":10,"Runesmith:BrokenRuby":0,"Replay:Bandana":0,"Runesmith:Locket":0,"Black Star":0,"Replay:Bottled Flurry":18,"Question Card":0,"FossilizedHelix":18,"infinitespire:PuzzleCube":18}]},"card_choices":[{"not_picked":["Runesmith:Retool","Runesmith:BackupBattery","Runesmith:CraftProtectio"],"picked":"Runesmith:PerfectChisel","floor":1},{"not_picked":["Runesmith:HammerTime","Runesmith:MakeshiftArmor","Runesmith:UnstableHammer"],"picked":"Runesmith:CraftProtectio","floor":2},{"not_picked":["Runesmith:BackupBattery","Runesmith:Superposition","Runesmith:Reinforce"],"picked":"Runesmith:CreatorForm","floor":3},{"not_picked":["Runesmith:Electrocute","Runesmith:Repurpose","Runesmith:ShiftingStrike"],"picked":"Runesmith:ChargedHammer","floor":7}],"player_experience":55897,"relics_obtained":[{"floor":7,"key":"FossilizedHelix"},{"floor":7,"key":"infinitespire:PuzzleCube"},{"floor":9,"key":"Replay:Bottled Flurry"}],"event_choices":[{"damage_healed":0,"gold_gain":0,"player_choice":"Trade","damage_taken":0,"relics_obtained":["SsserpentHead"],"max_hp_gain":0,"max_hp_loss":0,"event_name":"FaceTrader","floor":5,"gold_loss":0}],"is_beta":false,"boss_relics":[],"items_purged_floors":[],"is_endless":false,"potions_floor_spawned":[1],"killed_by":"Gremlin Nob","ascension_level":20}}