{"host":"2cg6xoexl1he7zus","time":1608468621,"event":{"mods":["AchievementEnabler","BaseMod","Colored Map","Minty Spire (QoL Compilation)","Quick Restart","StSLib","SuperFastMode","everything is the same but u backflip on backflip"],"gold_per_floor":[113,113,113,388,244,273,288,315,369,369,389,425,425,425,425,534,534,562,144,144,79,4,4,103,103,103,142,142,153,153,153,153,266,266,295,345,354,373,401,401,442,460,460,175,175,175,196,214,214,214,214],"floor_reached":50,"playtime":1378,"items_purged":["Regret","Strike_B","Decay"],"score":813,"play_id":"1fce5851-b0e0-410f-bb1f-8a7962e2d4bb","local_time":"20201220215021","is_ascension_mode":true,"campfire_choices":[{"floor":10.0,"key":"REST"},{"data":"Dualcast","floor":13.0,"key":"SMITH"},{"data":"Biased Cognition","floor":15.0,"key":"SMITH"},{"data":"Seek","floor":23.0,"key":"SMITH"},{"data":"Hologram","floor":25.0,"key":"SMITH"},{"data":"Reprogram","floor":28.0,"key":"SMITH"},{"data":"Beam Cell","floor":30.0,"key":"SMITH"},{"floor":32.0,"key":"REST"},{"floor":40.0,"key":"REST"},{"floor":46,"key":"REST"},{"floor":49,"key":"REST"}],"circlet_count":0,"master_deck":["AscendersBane","Strike_B+1","Defend_B","Defend_B","Defend_B","Zap+1","Dualcast+1","Hyperbeam","Electrodynamics","Streamline","Conserve Battery","Hologram+1","Biased Cognition+1","Echo Form","Beam Cell+1","Master of Strategy","Seek+1","Reprogram+1","Hyperbeam","Auto Shields+1","Stack+1","Self Repair","Rebound","Madness","Madness","Thinking Ahead","Buffer"],"relics":["Cracked Core","NeowsBlessing","Potion Belt","CeramicFish","Juzu Bracelet","Question Card","Sozu","Happy Flower","TungstenRod","Nunchaku","Calipers","Cursed Key","StoneCalendar","Regal Pillow"],"acts_visited":["Exordium","TheCity","TheBeyond"],"potions_floor_usage":[50],"damage_taken":[{"damage":0.0,"enemies":"Jaw Worm","floor":1.0,"turns":1.0},{"damage":0.0,"enemies":"Gremlin Nob","floor":6.0,"turns":1.0},{"damage":0.0,"enemies":"Small Slimes","floor":7.0,"turns":1.0},{"damage":35.0,"enemies":"Lagavulin","floor":8.0,"turns":6.0},{"damage":7.0,"enemies":"2 Louse","floor":11.0,"turns":2.0},{"damage":5.0,"enemies":"3 Sentries","floor":12.0,"turns":3.0},{"damage":21.0,"enemies":"Hexaghost","floor":16.0,"turns":9.0},{"damage":15.0,"enemies":"3 Byrds","floor":18.0,"turns":3.0},{"damage":10.0,"enemies":"Slavers","floor":27.0,"turns":3.0},{"damage":11.0,"enemies":"Shell Parasite","floor":29.0,"turns":3.0},{"damage":18.0,"enemies":"Champ","floor":33.0,"turns":11.0},{"damage":14.0,"enemies":"3 Darklings","floor":35.0,"turns":3.0},{"damage":0.0,"enemies":"Mind Bloom Boss Battle","floor":36.0,"turns":3.0},{"damage":1.0,"enemies":"3 Shapes","floor":38.0,"turns":2.0},{"damage":43.0,"enemies":"Jaw Worm Horde","floor":39.0,"turns":3.0},{"damage":32.0,"enemies":"Reptomancer","floor":41.0,"turns":6.0},{"damage":39,"enemies":"3 Darklings","floor":47,"turns":3},{"damage":11,"enemies":"Sphere and 2 Shapes","floor":48,"turns":3},{"damage":66,"enemies":"Donu and Deca","floor":50,"turns":7}],"seed_played":"4619125308163171769","potions_obtained":[{"floor":6.0,"key":"Energy Potion"},{"floor":12.0,"key":"SkillPotion"},{"floor":14.0,"key":"AttackPotion"},{"floor":14.0,"key":"EssenceOfDarkness"},{"floor":14.0,"key":"FairyPotion"},{"floor":16.0,"key":"EssenceOfSteel"}],"is_trial":false,"path_per_floor":["M","?","?","?","$","E","M","E","T","R","M","E","R","?","R","B",null,"M","$","?","$","?","R","?","R","T","E","R","M","R","$","R","B",null,"M","?","?","M","M","R","E","?","T","$","?","R","M","M","R","B"],"character_chosen":"DEFECT","items_purchased":["Electrodynamics","Master of Strategy","Happy Flower","Seek","Thinking Ahead"],"campfire_rested":5,"item_purchase_floors":[5,19,19,21,44],"current_hp_per_floor":[68,68,53,53,53,53,53,18,18,40,33,28,28,28,28,7,58,43,43,43,43,43,43,43,43,43,33,33,22,22,22,44,26,63,49,49,49,48,5,27,29,21,21,21,21,58,26,22,59,0,0],"gold":214,"neow_bonus":"THREE_ENEMY_KILL","is_daily":false,"chose_seed":false,"campfire_upgraded":6,"win_rate":0.0,"timestamp":1608468621,"path_taken":["M","?","?","?","$","E","M","E","T","R","M","E","R","?","R","BOSS","M","?","?","$","?","R","?","R","T","E","R","M","R","$","R","BOSS","M","?","?","M","M","R","E","?","T","$","?","R","M","M","R","BOSS"],"items_purchased_type":["Card","Card","Relic","Card","Card"],"build_version":"2020-12-13","purchased_purges":3,"victory":false,"max_hp_per_floor":[75,75,75,75,75,75,75,75,75,75,75,75,75,75,75,75,75,75,75,75,75,75,75,75,75,75,75,75,75,75,75,75,75,75,75,75,75,75,75,75,75,75,75,75,75,75,75,75,75,75,75],"card_choices":[{"not_picked":["Gash","Leap","Go for the Eyes"],"picked":"SKIP","floor":1.0},{"not_picked":["Rebound","Scrape"],"picked":"Streamline","floor":6.0},{"not_picked":["Cold Snap","Sweeping Beam"],"picked":"Conserve Battery","floor":7.0},{"not_picked":["Steam Power","FTL","Redo"],"picked":"SKIP","floor":8.0},{"not_picked":["Rip and Tear","Hello World"],"picked":"Hologram","floor":11.0},{"not_picked":["Beam Cell","Undo"],"picked":"Biased Cognition","floor":12.0},{"not_picked":["Thunder Strike","Reboot","Biased Cognition"],"picked":"Echo Form","floor":16.0},{"not_picked":["Gash","Go for the Eyes+1","Turbo"],"picked":"Beam Cell","floor":18.0},{"not_picked":["Reprogram","Thunder Strike","Cold Snap","Amplify"],"picked":"SKIP","floor":27.0},{"not_picked":["Thunder Strike","Cold Snap","Amplify"],"picked":"Reprogram","floor":27.0},{"not_picked":["Ball Lightning+1","Conserve Battery","Melter","Coolheaded"],"picked":"SKIP","floor":29.0},{"not_picked":["Meteor Strike","Fission","Multi-Cast"],"picked":"Hyperbeam","floor":33.0},{"not_picked":["Undo+1","Steam","Storm"],"picked":"Auto Shields+1","floor":35.0},{"not_picked":["Cold Snap","Steam+1","Sweeping Beam"],"picked":"Stack+1","floor":38.0},{"not_picked":["Leap+1","Streamline","Compile Driver"],"picked":"Self Repair","floor":39.0},{"not_picked":["Go for the Eyes+1","Compile Driver+1","Coolheaded+1"],"picked":"Rebound","floor":41.0},{"not_picked":["Barrage+1","Melter","Compile Driver+1"],"picked":"Buffer","floor":47},{"not_picked":["Sweeping Beam","Ball Lightning","Loop","Coolheaded"],"picked":"SKIP","floor":48}],"player_experience":252812,"relics_obtained":[{"floor":6.0,"key":"Potion Belt"},{"floor":8.0,"key":"CeramicFish"},{"floor":9.0,"key":"Juzu Bracelet"},{"floor":12.0,"key":"Question Card"},{"floor":26.0,"key":"Nunchaku"},{"floor":27.0,"key":"Calipers"},{"floor":36.0,"key":"StoneCalendar"},{"floor":41.0,"key":"Regal Pillow"}],"event_choices":[{"damage_healed":0.0,"max_hp_gain":0.0,"max_hp_loss":0.0,"gold_gain":0.0,"cards_transformed":["Strike_B"],"event_name":"Living Wall","player_choice":"Change","floor":2.0,"gold_loss":0.0,"damage_taken":0.0,"cards_obtained":["Hyperbeam"]},{"damage_healed":0.0,"max_hp_gain":0.0,"max_hp_loss":0.0,"gold_gain":0.0,"event_name":"Shining Light","player_choice":"Entered Light","floor":3.0,"gold_loss":0.0,"damage_taken":15.0,"cards_upgraded":["Strike_B","Zap"]},{"damage_healed":0.0,"max_hp_gain":0.0,"max_hp_loss":0.0,"gold_gain":275.0,"event_name":"Golden Shrine","player_choice":"Desecrate","floor":4.0,"gold_loss":0.0,"damage_taken":0.0,"cards_obtained":["Regret"]},{"damage_healed":0.0,"max_hp_gain":0.0,"max_hp_loss":0.0,"gold_gain":0.0,"event_name":"Lab","player_choice":"Got Potions","floor":14.0,"gold_loss":0.0,"damage_taken":0.0},{"damage_healed":0.0,"max_hp_gain":0.0,"max_hp_loss":0.0,"gold_gain":0.0,"event_name":"The Mausoleum","player_choice":"Opened","floor":20.0,"gold_loss":0.0,"damage_taken":0.0,"relics_obtained":["TungstenRod"]},{"cards_removed":["Strike_B"],"damage_healed":0.0,"max_hp_gain":0.0,"max_hp_loss":0.0,"gold_gain":0.0,"event_name":"Beggar","player_choice":"Gave Gold","floor":22.0,"gold_loss":75.0,"damage_taken":0.0},{"damage_healed":0.0,"max_hp_gain":0.0,"max_hp_loss":0.0,"gold_gain":99.0,"event_name":"Nest","player_choice":"Stole From Cult","floor":24.0,"gold_loss":0.0,"damage_taken":0.0},{"damage_healed":0.0,"max_hp_gain":0.0,"max_hp_loss":0.0,"gold_gain":0.0,"event_name":"MindBloom","player_choice":"Fight","floor":36.0,"gold_loss":0.0,"damage_taken":0.0},{"damage_healed":0.0,"max_hp_gain":0.0,"max_hp_loss":0.0,"gold_gain":0.0,"event_name":"Wheel of Change","player_choice":"Cursed","floor":37.0,"gold_loss":0.0,"damage_taken":0.0,"cards_obtained":["Decay"]},{"damage_healed":0.0,"max_hp_gain":0.0,"max_hp_loss":0.0,"gold_gain":0.0,"event_name":"Winding Halls","player_choice":"Embrace Madness","floor":42.0,"gold_loss":0.0,"damage_taken":9.0,"cards_obtained":["Madness","Madness"]},{"cards_removed":["Defend_B"],"damage_healed":0,"gold_gain":0,"player_choice":"Purged","damage_taken":0,"max_hp_gain":0,"max_hp_loss":0,"event_name":"Purifier","floor":45,"gold_loss":0}],"is_beta":false,"boss_relics":[{"not_picked":["Pandora\u0027s Box","Astrolabe"],"picked":"Sozu"},{"not_picked":["Snecko Eye","Empty Cage"],"picked":"Cursed Key"}],"items_purged_floors":[5,19,44],"is_endless":false,"potions_floor_spawned":[6,12,16,18,33,35,39,47],"killed_by":"Donu and Deca","ascension_level":10}}