{"host":"87fdiiwflhrwsj8a","time":1608500908,"event":{"mods":["Aspiration","BaseMod","Better Match","Better Third Choice","BetterRewards","Colored Map","Downfall","GifTheSpireLib","Infinite Spire","Minty Spire (QoL Compilation)","Relic Sorter","Replay The Spire","Robot Space Explorer","StSLib","Stuff the Spire","The Cursed"],"gold_per_floor":[112,112,112,112,124,157,157,177,204,204,233,279,294,306,306,381,381,391,409,409,333,353,353,353],"floor_reached":23,"playtime":585,"items_purged":[],"score":452,"play_id":"826019f4-7936-491f-b51d-493fe9d71b6c","local_time":"20201220164828","is_ascension_mode":true,"campfire_choices":[{"data":"Bash","floor":10.0,"key":"SMITH"},{"floor":15.0,"key":"REST"}],"circlet_count":0,"master_deck":["AscendersBane","Strike_R","Strike_R","Strike_R","Strike_R","Strike_R","Defend_R","Defend_R","Defend_R","Defend_R","Bash+1","Pommel Strike","Replay:Fractal Strike","Ghostly Armor","Exhume+1","Power Through","Carnage","ReplayTheSpireMod:Strike From Hell","Fiend Fire+1","Burning Pact","Evolve+1","ReplayTheSpireMod:Stacked+1"],"relics":["Burning Blood","NeowsBlessing","Golden Egg","Strawberry","StuffTheSpire:Experiment12","Bronze Scales","Mark of Pain","CultistMask"],"acts_visited":["Exordium","TheCity"],"potions_floor_usage":[],"damage_taken":[{"damage":0.0,"enemies":"2 Louse","floor":1.0,"turns":1.0},{"damage":0.0,"enemies":"Jaw Worm","floor":5.0,"turns":1.0},{"damage":0.0,"enemies":"3 Sentries","floor":6.0,"turns":2.0},{"damage":7.0,"enemies":"Cultist","floor":8.0,"turns":4.0},{"damage":30.0,"enemies":"Lagavulin","floor":11.0,"turns":7.0},{"damage":6.0,"enemies":"Exordium Thugs","floor":13.0,"turns":4.0},{"damage":16.0,"enemies":"Lots of Slimes","floor":14.0,"turns":3.0},{"damage":44.0,"enemies":"The Guardian","floor":16.0,"turns":11.0},{"damage":0,"enemies":"Chosen","floor":18,"turns":3},{"damage":20,"enemies":"Shell Parasite","floor":19,"turns":3},{"damage":37,"enemies":"3 Cultists","floor":22,"turns":7},{"damage":32,"enemies":"Slavers","floor":23,"turns":1}],"seed_played":"-536067318643106683","potions_obtained":[{"floor":6.0,"key":"infinitespire:BlackPotion"},{"floor":8.0,"key":"Explosive Potion"},{"floor":13.0,"key":"Energy Potion"}],"is_trial":false,"path_per_floor":["M","$","?","$","M","E","?","M","T","R","E","T","M","M","R","B",null,"M","M","?","$","M","E"],"character_chosen":"IRONCLAD","items_purchased":["Evolve"],"campfire_rested":1,"item_purchase_floors":[21],"current_hp_per_floor":[74,74,56,56,62,68,72,71,78,78,54,54,54,44,68,30,69,75,61,61,61,30,0,0],"gold":353,"neow_bonus":"THREE_ENEMY_KILL","is_daily":false,"chose_seed":false,"campfire_upgraded":1,"win_rate":0.0,"timestamp":1608500908,"path_taken":["M","$","?","$","M","E","?","M","T","R","E","?","?","M","R","BOSS","M","M","?","$","?","E"],"items_purchased_type":["Card"],"build_version":"2020-12-13","purchased_purges":0,"victory":false,"max_hp_per_floor":[75,75,75,75,75,75,75,75,82,82,82,82,82,82,82,82,82,82,82,82,82,82,82,82],"card_choices":[{"not_picked":["Body Slam","Warcry"],"picked":"Pommel Strike","floor":1.0},{"not_picked":["infinitespire:TheBestDefense","ReplayTheSpireMod:Black Plague"],"picked":"Replay:Fractal Strike","floor":3.0},{"not_picked":["ReplayTheSpireMod:Strike From Hell","Headbutt"],"picked":"Ghostly Armor","floor":5.0},{"not_picked":["StuffTheSpire:Pyroclast","Thunderclap"],"picked":"Exhume","floor":6.0},{"not_picked":["StuffTheSpire:RockThrow","Warcry","Feel No Pain"],"picked":"SKIP","floor":8.0},{"not_picked":["StuffTheSpire:RagingBull","Sever Soul"],"picked":"Power Through","floor":11.0},{"not_picked":["Headbutt","Metallicize"],"picked":"Carnage","floor":13.0},{"not_picked":["Anger","Thunderclap"],"picked":"ReplayTheSpireMod:Strike From Hell","floor":14.0},{"not_picked":["Replay:Many Hands","Hemogenesis"],"picked":"Fiend Fire","floor":16.0},{"not_picked":["Thunderclap+1","StuffTheSpire:RockThrow"],"picked":"Burning Pact","floor":18},{"not_picked":["Body Slam","Bloodletting","Entrench"],"picked":"SKIP","floor":19},{"not_picked":["StuffTheSpire:Incineration","Rupture"],"picked":"ReplayTheSpireMod:Stacked+1","floor":22}],"player_experience":2602244,"relics_obtained":[{"floor":6.0,"key":"Golden Egg"},{"floor":9.0,"key":"Strawberry"},{"floor":11.0,"key":"StuffTheSpire:Experiment12"},{"floor":12.0,"key":"Bronze Scales"}],"event_choices":[{"damage_healed":0,"gold_gain":0,"player_choice":"Trade","damage_taken":0,"relics_obtained":["CultistMask"],"max_hp_gain":0,"max_hp_loss":0,"event_name":"FaceTrader","floor":20,"gold_loss":0}],"is_beta":false,"boss_relics":[{"not_picked":["StuffTheSpire:RunicConfusion","Kintsugi"],"picked":"Mark of Pain"}],"items_purged_floors":[],"is_endless":false,"potions_floor_spawned":[6,8,13],"killed_by":"Slavers","ascension_level":20}}